3758 6072
546 421 630 472 Dritte
649 419 914 488 Βίιωιοπτοὰωιὶοη,
935 437 987 472 run
1009 417 1197 473 ttrlb-ttuu.
1520 425 1578 488 431

245 592 274 654 6.
296 586 456 652 Hortatur
476 585 642 652 facultatis
664 586 788 652 arcium
809 585 950 652 decanus
973 611 1083 654 omncs
1104 597 1136 652 et
1157 585 1301 671 singulos
1324 586 1448 649 arcium
1466 583 1582 650 bacca·

164 685 265 750 larius
287 685 432 752 volentes
460 683 568 772 legere
593 687 628 750 in
656 683 770 750 diebus
801 685 1040 752 canicularibus
1067 686 1220 752 lectiones
1245 683 1317 750 loco
1344 683 1583 770 complecionis,

167 793 327 872 quatenus
350 806 423 849 cras
442 783 524 849 hora
543 783 593 850 XI
607 786 641 850 in
656 783 752 850 stuba
762 784 926 850 facultatis
942 787 1135 851 conveniant
1150 783 1193 850 ad
1204 781 1426 870 recipiendum
1437 782 1583 867 lectoria,

163 882 224 949 sub
247 905 354 970 poena
375 885 553 948 carenciae.
576 883 699 949 Datum
715 902 799 950 anno
821 883 943 950 domini
966 891 1045 954 1480
1067 883 1120 950 die
1139 884 1209 972 xiiij
1223 885 1343 948 mensis
1355 881 1434 948 Julii
1450 884 1583 965 (laeua

166 991 211 1051 14.
239 979 332 1069 Jali)‚
352 982 528 1048 decanatus
554 982 613 1048 sub
635 983 750 1070 sigillo.
1607 993 1623 1047 5

256 1303 326 1377 Aas
341 1305 396 1361 der
416 1303 541 1362 ianm
561 1303 638 1364 Seite
659 1305 712 1362 des
731 1305 880 1362 cordes-aa
901 1304 1026 1364 Declccla
1048 1307 1099 1363 dea
1122 1304 1374 1375 Statutcabuclrea
1397 1304 1518 1362 welches
1538 1303 1583 1362 la·

167 1403 325 1461 kuaatliclu
345 1403 547 1478 yeqenwdrtiq
567 1403 747 1462 admmtlicha
767 1403 863 1461 lister
884 1404 1078 1479 abqedruclcle
1099 1404 1238 1463 Statutcn
1273 1404 1386 1462 eattdlt
1413 1395 1480 1484 (mit
1509 1405 1584 1461 Aus-

171 1503 279 1561 aatma
301 1503 355 1560 der
374 1502 534 1576 Eatwttrsc
553 1521 611 1561 voa
631 1504 710 1566 1443
730 1502 773 1560 bis
796 1501 902 1581 1446),
922 1503 989 1561 licat
1009 1523 1079 1562 maa
1090 1505 1234 1579 soluenda
1253 1503 1361 1562 Notis:

250 1678 319 1745 Sub
340 1679 501 1746 decanatu
522 1680 719 1748 venerabilis
740 1682 803 1746 viri
831 1701 871 1746 ac
899 1681 1037 1765 domini,
1068 1685 1217 1769 magistri
1244 1683 1380 1749 Henrici
1409 1681 1518 1748 Grave
1545 1681 1586 1747 de

165 1779 346 1866 Gottiugan
374 1784 493 1858 (Decea
515 1785 594 1846 1499
603 1777 641 1866 ⁸),
664 1779 831 1845 amborum
853 1782 971 1846 iurium
993 1781 1179 1866 baccalarii,
1208 1783 1341 1848 maioris
1369 1781 1497 1869 collegii
1523 1781 1586 1847 col·
1596 1791 1627 1846 10

164 1879 288 1966 legisti,
316 1879 410 1944 huius
438 1877 560 1944 codicis
582 1889 702 1944 statuta
724 1889 797 1943 sunt
827 1882 862 1944 in
890 1880 1055 1946 meliorem
1091 1883 1238 1948 ordinem
1265 1893 1361 1968 atque
1387 1881 1524 1946 formam
1553 1889 1586 1946 et

167 1979 334 2044 cummuni
364 1979 594 2064 magistrorum
629 1978 670 2043 de
703 1979 835 2044 consilio
863 1979 1027 2046 facultatis
1055 2004 1214 2047 consensu
1255 1981 1454 2068 transposita
1489 1989 1586 2068 atquc

165 2077 335 2160 ordinata,
363 2077 519 2142 resecatis
548 2077 720 2165 superfluis
749 2080 818 2144 sive
844 2081 989 2163 insuetis,
1015 2082 1218 2165 necessariis,
1238 2090 1275 2146 ut
1295 2078 1466 2145 videbatur
1486 2078 1584 2145 facul·

165 2180 226 2244 tati
248 2178 318 2259 toti,
345 2176 574 2262 superadditis,
598 2177 867 2264 quemadmodum
888 2181 922 2244 in
940 2203 1024 2246 novo
1046 2191 1239 2247 statutorum
1253 2178 1416 2245 facultatis
1430 2177 1514 2243 libro
1530 2177 1585 2244 ha-

166 2279 273 2363 betur,
296 2277 439 2342 cernitur
461 2286 493 2340 ct
512 2277 683 2342 invenitur.
1597 2287 1627 2344 15
