3794 6060
578 459 629 508 Die
646 456 830 508 Reformatiou
847 469 910 506 rom
926 454 1010 505 Jshre
1030 459 1104 506 1⁴9⁶.
1508 458 1547 520 21

127 646 275 714 continue
295 643 330 708 in
350 641 433 706 locis
454 638 646 728 approbatis
667 639 794 706 steterit
816 646 849 704 et
869 637 991 705 ibidem
1013 640 1086 704 iura
1105 637 1284 704 borealium
1306 636 1419 702 fecerit
1439 657 1551 702 necne.

125 747 167 812 Et
185 745 214 809 si
237 742 280 808 de
301 741 412 827 aliquo
433 741 618 828 oppositum
640 747 840 826 compertum
866 737 965 804 fuerit
970 788 979 820 ,
999 737 1076 804 talis
1099 737 1290 825 simpliciter
1312 733 1496 802 retardetur
1518 745 1551 801 et

125 843 165 912 ad
185 865 328 910 examen
348 839 530 906 nullatenus
549 838 750 921 admittatur,
772 835 872 902 salvis
894 836 1094 924 pauperibus
1114 845 1146 902 et
1166 838 1251 920 aliis,
1278 839 1440 925 signetum
1454 857 1475 899 a
1491 834 1547 902 do-

124 946 208 1010 mino
227 951 361 1008 rectore
383 939 423 1004 de
444 937 559 1004 stando
580 947 677 1003 extre
698 937 772 1002 loca
794 934 979 1024 approbata
1000 936 1205 1003 habentibus.

457 1108 502 1170 12
530 1120 621 1180 oues
642 1117 734 1168 noos
754 1119 962 1168 srrnossra
984 1119 1221 1170 musunuron.
1575 1112 1592 1167 5

203 1238 294 1320 Quia
313 1239 350 1302 in
373 1235 458 1302 dicto
477 1234 584 1300 studio
605 1233 781 1320 Lipzcensi
810 1234 876 1297 tria
896 1233 1035 1320 collegis
1061 1255 1134 1299 omn
1156 1235 1364 1324 paedagogio
1387 1233 1551 1319 bursaque

123 1337 336 1404 Mimansium
359 1358 419 1423 pro
440 1333 520 1400 locis
542 1331 734 1420 approbatis
763 1331 866 1397 solum
887 1331 1052 1420 hucusque
1077 1333 1191 1400 bsbita
1217 1336 1281 1400 sint
1307 1357 1348 1400 ac
1375 1331 1473 1398 hodic
1493 1331 1550 1397 ha-

122 1439 277 1518 beantur,
306 1444 340 1499 et
360 1434 480 1499 bursae
499 1433 636 1498 Henrici
663 1431 946 1515 Hummelszhain,
968 1431 1054 1498 Solis
1086 1445 1118 1498 et
1138 1434 1312 1500 nonnullae
1339 1433 1424 1502 aliae
1450 1453 1550 1518 quon-

124 1539 196 1602 dam
217 1533 261 1602 ob
282 1531 522 1600 multitudinem
547 1532 798 1619 suppositorum,
820 1553 903 1616 quae
924 1533 958 1596 in
981 1533 1161 1620 praedictis
1181 1532 1373 1621 approbatis
1394 1530 1476 1598 locis
1498 1553 1550 1596 co-

123 1633 256 1702 modose
279 1643 371 1698 stare
391 1654 456 1696 non
475 1641 643 1718 poterant,
674 1652 733 1717 per
754 1629 939 1696 facultatem
972 1633 1090 1698 artium
1116 1633 1286 1698 tolleretae
1312 1631 1448 1714 fuerint,
1474 1628 1549 1696 ideo
1561 1639 1594 1694 10

122 1737 195 1820 quie
217 1731 376 1814 scolares,
397 1731 616 1816 inpraesenti
638 1727 746 1796 studio
767 1739 1015 1814 commorantes,
1035 1733 1168 1798 iamiam
1187 1733 1221 1799 in
1245 1731 1341 1797 dictis
1358 1727 1550 1818 approbatis

123 1835 200 1900 locis
223 1830 403 1898 comodose
423 1838 509 1894 stare
530 1838 682 1916 possunt,
702 1826 777 1893 ideo
797 1827 966 1912 volumus,
995 1830 1083 1915 quod
1110 1830 1219 1898 dictae
1248 1831 1368 1898 bursae
1395 1828 1549 1914 deinceps

121 1953 329 2018 nequaquam
351 1951 412 2018 pro
435 1927 625 2015 approbetis
646 1927 728 1993 locis
749 1926 946 2012 habeantur,
977 1931 1060 1994 etsi
1087 1929 1219 2015 aliquod
1246 1931 1488 2018 suppositorum
1515 1927 1550 1990 in

123 2031 217 2096 dictis
238 2028 353 2095 bursis
376 2028 505 2092 steterit
522 2025 575 2092 vel
597 2049 760 2114 expensas
780 2026 931 2092 habuerit
951 2039 1008 2094 aut
1035 2028 1221 2113 dormierit,
1249 2029 1315 2096 tale
1342 2027 1387 2095 ad
1412 2047 1551 2094 examen

122 2151 329 2218 nequaquam
351 2126 553 2194 admittatur.
1503 2153 1508 2163 ·
1559 2128 1591 2188 15

158 2301 206 2363 13·
232 2313 286 2360 DE
309 2307 625 2358 uncocmcloumus
648 2307 759 2358 SUPER
780 2309 1075 2360 Responstoumus
1095 2311 1141 2358 ΕΤ
1163 2309 1310 2360 suanm
1331 2305 1517 2362 mmm.

200 2425 367 2492 Volumus
388 2431 420 2488 et
442 2421 650 2506 ordinamus,
670 2421 758 2508 quod
781 2421 916 2509 quilibet
935 2426 970 2488 in
992 2423 1117 2490 artibus
1142 2423 1383 2512 promovendus
1403 2433 1550 2510 tempore

122 2525 387 2614 dispensacionis
407 2523 442 2586 in
461 2520 592 2588 scedula
613 2544 743 2587 suorum
764 2531 896 2588 actuum
916 2525 1170 2611 recognitionem
1197 2527 1247 2590 sui
1268 2521 1475 2590 conventoris
1495 2519 1549 2586 vel

122 2647 258 2692 suorum
279 2629 530 2704 conventorum,
555 2643 628 2686 cum
649 2642 713 2707 quo
734 2620 785 2686 vel
808 2621 924 2706 quibus
948 2625 1072 2689 steterit
1093 2633 1126 2689 et
1151 2625 1225 2688 iura
1249 2623 1397 2688 bursalia
1424 2621 1547 2705 fecerit,

122 2725 352 2811 consignatam
372 2719 541 2804 exhibeat3
571 2742 668 2806 qnam
690 2721 719 2785 si
739 2743 805 2786 non
838 2721 1022 2789 exhibuerit
1047 2725 1158 2810 sicque
1183 2721 1404 2787 verisimiliter
1430 2729 1589 2792 oonoaao

123 2845 192 2888 eum
214 2821 386 2910 praesumi
407 2819 546 2906 poterit,
567 2817 655 2904 quod
674 2820 709 2883 in
736 2818 817 2885 locis
844 2821 1038 2910 approbatis
1064 2823 1216 2888 continue
1243 2843 1309 2886 non
1335 2821 1461 2886 steterit
1488 2843 1550 2887 nco

122 2923 192 2986 iura
212 2917 366 2986 borealia
385 2921 420 2984 in
443 2918 565 2984 eisdem
585 2918 715 2999 fecerit,
737 2918 780 2982 ad
801 2941 938 2986 examen
958 2921 1011 2986 vel
1031 2930 1230 3008 temptamen
1251 2923 1317 2988 ista
1335 2921 1410 2986 vico
1429 2941 1549 3005 neque-

122 3043 215 3108 quam
242 3019 444 3085 admittatur.
482 3018 522 3082 In
542 3015 719 3104 eademque
740 3017 872 3084 scedula
898 3043 958 3086 sua
979 3018 1076 3086 debet
1104 3023 1297 3108 consignata
1321 3019 1443 3085 babere
1471 3018 1549 3084 bac·

122 3121 321 3186 salariorum
341 3119 474 3184 nomina
493 3125 525 3182 et
543 3117 787 3203 magistrorum,
814 3118 931 3205 quibus
957 3129 1024 3183 tarn
1048 3119 1214 3186 ordinarie
1242 3143 1340 3208 quam
1366 3117 1548 3184 extraordi-

121 3221 212 3286 narie
242 3216 457 3305 responderit.
512 3213 639 3296 Quodsi
667 3237 759 3280 secus
785 3215 920 3300 fecerit,
953 3217 1144 3304 simpliciter
1169 3219 1366 3307 impediatur
1397 3238 1459 3284 nec
1485 3221 1590 3307 pro25

122 3321 185 3384 ista
204 3319 283 3386 vice
304 3316 350 3382 ad
368 3337 506 3382 examen
527 3313 727 3380 admittatur.

382 3486 428 3546 14.
459 3499 507 3546 nn
528 3495 788 3546 nuoocurmoun
810 3498 878 3546 rsa
896 3498 1056 3548 nncsuos
1074 3499 1122 3546 nn
1144 3497 1299 3547 srsucrs.

202 3613 366 3680 Volumus
389 3611 501 3694 etiam,
522 3609 609 3698 quod
630 3609 772 3677 decanus
793 3611 956 3678 facultatis
977 3614 1095 3679 artium
1125 3612 1207 3678 nulli
1235 3613 1478 3699 suppositorum
1499 3634 1549 3677 re-

124 3714 346 3802 cognitionem
369 3708 412 3775 ad
434 3710 600 3776 dominum
620 3719 780 3775 rectorem
800 3735 861 3798 pro
884 3712 1059 3780 obtinendo
1081 3714 1207 3799 signeto
1230 3711 1271 3779 de
1293 3711 1410 3777 stando
1440 3720 1473 3778 et
1493 3735 1547 3778 ex·

123 3837 244 3901 pensas
267 3821 365 3877 extra
385 3810 458 3876 locs
479 3809 664 3897 approbata
684 3809 834 3878 habendo
859 3812 1013 3879 decernat
1033 3821 1065 3878 et
1084 3810 1261 3899 indulgeat,
1283 3812 1348 3876 nisi
1367 3815 1593 3897 praesenti-30

124 3913 185 3979 bus
208 3920 243 3978 et
264 3909 546 3978 consencientibus
567 3908 758 3992 senioribus,
784 3913 840 3998 qui
860 3913 894 3977 in
914 3913 1076 4000 principio
1098 3911 1271 3977 cuiuslibet
1292 3911 1485 3976 mutacionis
1507 3912 1551 3978 ad

125 4013 370 4101 requisitionem
399 4008 514 4073 decani
541 4010 735 4073 conveniant
767 4019 799 4074 et
820 4012 1000 4098 supposita,
1021 4010 1207 4076 huiusmodi
1230 4010 1468 4094 recognitiones
1496 4034 1551 4098 pe·

126 4112 244 4194 terreis,
270 4108 314 4174 ad
335 4106 463 4173 stubam
483 4105 662 4191 facultatis,
692 4117 814 4174 certum
837 4108 923 4174 diem
944 4112 991 4176 eis
1013 4109 1229 4196 assignando,
1254 4109 1298 4176 ad
1319 4133 1354 4175 se
1375 4115 1551 4178 convocari

127 4211 266 4292 saciant,
288 4228 463 4296 eorumque
484 4227 616 4288 causas,
639 4229 696 4271 cur
715 4207 749 4271 in
769 4207 849 4272 locis
871 4207 1062 4296 approbatis
1085 4217 1172 4272 stare
1193 4231 1233 4274 ac
1254 4230 1416 4297 expensas
1430 4209 1552 4277 habere

128 4332 193 4376 non
214 4308 360 4397 possint,
382 4305 556 4392 diligenter
578 4307 774 4371 examinent.
818 4306 908 4388 Quas
920 4309 948 4372 si
960 4306 1170 4374 rationabiles
1184 4318 1217 4372 et
1229 4308 1406 4393 legittimas
1420 4318 1592 4396 compe-35

127 4409 239 4492 rer-int,
256 4408 338 4495 ipsis
354 4405 598 4491 recogniciones
614 4403 657 4470 ad
673 4405 839 4471 dominum
854 4415 1013 4472 rectorem
1032 4406 1206 4472 decernere
1220 4404 1309 4472 haud
1323 4405 1550 4494 dedignentur.

243 4595 641 4658 15.onnnooos1rrous
662 4605 730 4654 rao
751 4605 982 4656 nncrroumos
1002 4608 1048 4656 ar
1071 4605 1265 4656 uxuncrcns
1287 4605 1437 4656 sunrrrr.

211 4720 370 4788 Volumus
392 4727 425 4784 et
445 4718 650 4802 ordinamus,
673 4718 761 4806 quod
783 4718 937 4808 deinceps
956 4719 1063 4787 nullus
1092 4721 1324 4807 magistrorum
1352 4719 1449 4785 alicui
1480 4740 1551 4785 sco·

130 4821 245 4886 larium
270 4819 532 4906 recognitionem
568 4817 716 4884 lectionis
742 4818 795 4884 vel
823 4821 976 4886 exercicii
1002 4821 1173 4906 assignare
1201 4825 1405 4907 praesumat,
1432 4817 1497 4882 nisi
1521 4817 1555 4881 ei

130 5018 224 5074 mser
239 5014 401 5074 ssereret
435 5013 590 5088 cessem
606 5018 713 5077 nomme
732 5017 925 5074 moenera
943 5018 1017 5074 auen
1035 4981 1112 5076 ome
1128 5015 1202 5072 noes
1219 5033 1284 5084 vor,
1300 5015 1356 5087 νει
1375 5013 1464 5070 mens
1480 5013 1553 5072 sus-

131 5101 201 5172 gabe
216 5103 267 5159 der
280 5102 503 5159 Acturectorwr
521 5109 553 5172 9,
570 5106 611 5158 ³2.
