3794 6066
614 499 667 536 von
683 487 790 552 Hersog
804 487 900 538 Merit·
916 488 1046 554 beastinc
1478 495 1518 562 83

753 671 862 736 caput
878 673 949 726 Xlll.

248 819 295 867 DE
315 817 541 868 marasmon
562 819 696 868 AEDIUM
717 817 967 870 consuetorum
987 823 1032 871 ΕΤ
1055 821 1385 873 ΟΟΝΤΠΒΕΒΝΙΟΕΠΗ.

188 935 300 1001 Visum
321 945 384 1012 est,
410 935 569 1022 imprimis
596 957 671 1001 ere
700 935 933 1024 discipulorum
954 938 1097 1005 hunum
1117 961 1206 1022 esse,
1236 941 1264 1004 si
1292 939 1335 1004 ad
1356 940 1465 1006 studia
1487 951 1519 1008 et

115 1057 216 1101 mores
236 1035 378 1122 ipsonrm
397 1035 548 1121 frequens
566 1037 714 1123 ipsorum
740 1046 907 1123 respectus
937 1037 1118 1103 haberetur.
1157 1037 1269 1119 Quare
1288 1038 1339 1122 id,
1368 1039 1456 1127 quod
1475 1041 1517 1107 ab

114 1137 239 1223 antiqno
259 1136 464 1200 constitrtnm
484 1135 560 1216 fuit,
581 1135 679 1200 etiam
701 1134 903 1222 diligentins,
925 1138 954 1202 si
975 1139 1092 1224 possit,
1123 1137 1174 1204 his
1193 1138 1393 1226 temporibus
1415 1137 1539 1225 pardos

113 1233 362 1304 dissolutioribus
383 1232 576 1299 servandum
597 1234 725 1299 videtur
739 1237 764 1318 ¹,
797 1245 834 1300 ut
854 1237 1103 1324 uniuscuiusque
1124 1239 1287 1303 semestris
1308 1247 1414 1304 rector
1432 1241 1520 1306 inma

113 1335 186 1401 dnos
203 1357 328 1400 menses
349 1333 392 1399 ab
412 1335 504 1400 initio
525 1335 760 1420 magistratus²
781 1337 956 1420 magistros
974 1357 1095 1418 omnes,
1115 1339 1172 1424 qui
1191 1335 1368 1426 discipulos
1389 1337 1518 1423 habent,

112 1435 294 1520 praesertim
314 1455 378 1517 eos,
400 1435 456 1522 qui
476 1435 510 1498 in
531 1433 750 1499 contuberniis
772 1443 804 1498 et
825 1434 899 1500 aliis
920 1435 1062 1521 publicis
1083 1435 1219 1501 aedibus
1241 1436 1443 1504 scholasticis
1465 1438 1518 1504 de·

113 1543 193 1618 gunt,
214 1555 269 1598 eos
278 1535 450 1621 imprimis,
470 1553 605 1621 quorum
623 1531 756 1619 publius
775 1531 838 1598 illis
859 1536 893 1598 in
915 1533 1050 1600 aedibus
1071 1537 1196 1600 curatio
1215 1536 1322 1620 brerit,
1343 1537 1454 1605 iubeat
1474 1538 1517 1603 ad

112 1655 141 1698 se
159 1633 274 1698 afferre
292 1631 498 1721 perscripta³
518 1634 553 1696 in
573 1631 688 1696 charta
708 1634 849 1698 omnium
870 1633 1049 1700 incolarum
1070 1633 1366 1724 discipulorsunque
1385 1659 1514 1702 suornm
1528 1647 1560 1702 10

112 1733 240 1797 nomina
271 1731 344 1812 Quo
362 1732 449 1798 facto
471 1741 588 1815 rector,
610 1733 762 1797 assumtis
776 1733 1007 1816 assessoribus,
1028 1735 1063 1798 in
1074 1733 1219 1819 singulas
1238 1734 1334 1800 aedes
1347 1735 1515 1802 scholasti-

112 1855 159 1896 cas
180 1841 211 1897 et
231 1832 441 1898 contubernia
461 1835 548 1896 intra
573 1833 813 1918 suprapositum
832 1841 959 1918 tempus
980 1833 1175 1920 inspiciendi
1195 1854 1296 1899 causa
1327 1837 1436 1901 veniet
1462 1835 1515 1902 de

104 1954 165 2018 v,qne
192 1929 358 2018 discipulis
387 1930 553 2018 sigillatim
580 1930 839 2018 percontabitur,
872 1953 951 2018 quos
982 1932 1184 2019 professores
1212 1932 1346 2000 audiant
1373 1943 1405 2000 et
1430 1936 1517 2022 quod

114 2026 282 2096 'studiorum
309 2053 411 2118 genus
441 2041 624 2118 sequantur.
666 2029 716 2096 Ae
740 2029 844 2096 bonos
870 2029 1016 2118 beneque
1037 2041 1181 2097 moratos
1209 2043 1246 2098 ut
1272 2033 1362 2098 illum
1389 2056 1519 2101 cursum

111 2139 248 2213 teneam,
276 2129 504 2195 contendentes
525 2129 567 2194 ad
589 2129 687 2193 decus
711 2139 743 2194 et
760 2129 906 2212 landem,
933 2129 1132 2195 hortabitur!
1152 2131 1361 2218 Negligentes
1382 2143 1414 2198 et
1434 2135 1518 2200 male
1529 2145 1560 2200 15

112 2231 267 2294 moratos⁴
286 2239 356 2294 tum
376 2229 506 2315 quidem
526 2228 637 2295 verbis
658 2227 845 2318 obiurgabit
864 2239 897 2293 et
917 2229 1106 2316 castigabit,
1136 2229 1193 2295 sed
1218 2233 1259 2296 in·
1272 2243 1519 2318 perseverantes

110 2327 357 2415 inneglectione
390 2327 581 2416 disciplinae
609 2337 641 2392 et
670 2328 849 2393 studiorum
870 2337 984 2415 postea
1013 2330 1147 2416 gravius
1168 2331 1265 2395 etiam
1283 2331 1521 2398 animadvertet

111 2427 146 2492 de
165 2429 322 2494 sententia
344 2450 543 2494 assessorum
565 2449 703 2494 suorum.

704 2613 814 2674 Caput
830 2611 900 2664 xlv.

451 2761 481 2810 s1
501 2761 548 2809 na
571 2760 719 2809 srsrurs
741 2761 936 2809 sanrnnrm
956 2763 1167 2812 scamaros.
1528 2758 1562 2816 20

191 2875 224 2942 Si
244 2879 277 2940 in
300 2879 427 2942 monis
448 2875 580 2964 aliquod
601 2877 734 2943 dubium
754 2887 858 2942 ortrnn
877 2877 989 2962 finerit,
1022 2877 1108 2944 illins
1129 2879 1381 2946 declarationem
1400 2884 1520 2948 rectori

111 2985 138 3039 et
157 2975 375 3041 assessoribus
396 2979 559 3042 reservari
579 2977 710 3064 placuit,
732 2978 787 3061 qni
805 2985 924 3060 tamen,
946 2979 974 3043 si
995 3001 1048 3043 res
1068 2979 1200 3063 gravior
1220 2989 1252 3045 ct
1265 2979 1428 3046 diffieilior
1449 2983 1520 3065 erit,

111 3073 149 3138 ad
171 3073 340 3140 arbitrium
362 3074 483 3162 publici
504 3075 630 3142 consilii
652 3076 848 3142 decisionem
869 3078 1025 3143 reiieiam.

715 3278 821 3342 Caput
839 3279 897 3331 xV.

579 3426 627 3474 aa
649 3423 817 3474 rseoaun
837 3425 1033 3476 namneus.
1529 3427 1562 3484 25

186 3541 348 3629 Pagorum
367 3541 505 3623 reditus,
532 3543 588 3629 qui
607 3544 739 3630 proprie
760 3543 964 3610 universitati
984 3551 1115 3620 nostrae
1136 3543 1349 3611 scholasticae
1370 3547 1519 3614 attributi
1617 3607 1620 3612 r

110 3651 193 3724 sunt,
212 3641 348 3708 fideliter
370 3641 577 3728 colligentur,
598 3643 716 3730 quique
735 3641 799 3709 illis
822 3641 1010 3730 colligendis
1032 3641 1160 3730 publice
1180 3648 1386 3732 praepositus
1407 3648 1513 3734 fuerit,

110 3761 178 3804 eum
200 3741 259 3808 boc
280 3744 410 3808 nomine
431 3741 582 3808 defendet
599 3743 794 3809 universitas
815 3744 1010 3810 scholastica
1032 3755 1064 3808 et
1085 3744 1245 3829 integrum
1267 3746 1458 3832 praestabit.

706 3929 817 3992 capus
834 3911 928 3982 xva

523 4077 573 4125 DE
595 4078 840 4128 errmomus
860 4081 906 4128 ΕΤ
924 4079 1094 4130 ARRESTO.
1528 4074 1563 4130 30

185 4191 310 4260 Rectori
330 4194 405 4260 licet
433 4193 623 4260 inconsultis
651 4194 845 4260 consiliariis
876 4197 944 4262 suis
973 4197 1075 4261 citare
1101 4205 1133 4261 et
1158 4203 1319 4260 arrestare
1349 4219 1460 4263 omnes
1489 4206 1522 4263 et

110 4291 243 4378 singulos
265 4293 380 4360 ditioni
401 4295 623 4359 universitatis
645 4293 858 4360 scholasticae
880 4297 1081 4382 suppositos,
1110 4317 1300 4384 quocunqne
1320 4298 1354 4363 in
1375 4296 1447 4363 loco
1469 4299 1520 4361 in-

110 4393 208 4456 veniri
231 4395 402 4482 potuerint.

214 4663 224 4713 l
243 4657 427 4714 Gushneben
445 4657 520 4712 steht
534 4659 644 4712 musi
658 4660 722 4712 ἀνω
737 4659 853 4714 videtum

212 4746 226 4795 2
243 4740 426 4797 Gescbrieben
445 4740 520 4798 steht
536 4743 714 4811 mopistratu3
731 4747 803 4796 atvs
819 4743 855 4798 ab
873 4742 944 4796 inito
962 4741 1144 4810 maclarum?

213 4829 227 4878 3
243 4825 428 4881 Geschrieben
447 4824 521 4880 steht
534 4826 719 4896 proscripta.
823 4831 839 4880 l
857 4827 946 4897 Vogel
964 4825 1086 4880 schreibt
1101 4833 1243 4882 morantes.
