<?xml version="1.0" encoding="UTF-8"?>
<!DOCTYPE html PUBLIC "-//W3C//DTD XHTML 1.0 Transitional//EN"
    "http://www.w3.org/TR/xhtml1/DTD/xhtml1-transitional.dtd">
<html xmlns="http://www.w3.org/1999/xhtml" xml:lang="en" lang="en">
 <head>
  <title>
</title>
<meta http-equiv="Content-Type" content="text/html;charset=utf-8" />
  <meta name='ocr-system' content='tesseract 3.04.00' />
  <meta name='ocr-capabilities' content='ocr_page ocr_carea ocr_par ocr_line ocrx_word'/>
</head>
<body>
  <div class='ocr_page' id='page_1' title='image "./diestatutenbche00leipgoog_0058.png"; bbox 0 0 3794 6060; ppageno 0'>
   <div class='ocr_carea' id='block_1_1' title="bbox 528 437 1550 508">
    <p class='ocr_par' dir='ltr' id='par_1_1' title="bbox 528 437 1550 508">
     <span class='ocr_line' id='line_1_1' title="bbox 528 437 1550 508; baseline 0.003 -20"><span class='ocrx_word' id='word_1_1' title='bbox 528 439 624 488; x_wconf 73' lang='lat' dir='ltr'>basiet-s</span> <span class='ocrx_word' id='word_1_2' title='bbox 643 440 691 488; x_wconf 83' lang='grc'>661</span> <span class='ocrx_word' id='word_1_3' title='bbox 707 440 813 503; x_wconf 77' lang='lat' dir='ltr'>Herzog</span> <span class='ocrx_word' id='word_1_4' title='bbox 831 437 935 503; x_wconf 71' lang='lat' dir='ltr'>Georgs</span> <span class='ocrx_word' id='word_1_5' title='bbox 951 441 1143 492; x_wconf 64' lang='lat' dir='ltr'>&amp;torm-aon.</span> <span class='ocrx_word' id='word_1_6' title='bbox 1510 447 1550 508; x_wconf 84' lang='lat'>37</span> 
     </span>
    </p>
   </div>
   <div class='ocr_carea' id='block_1_2' title="bbox 711 621 1093 688">
    <p class='ocr_par' dir='ltr' id='par_1_2' title="bbox 711 621 1093 688">
     <span class='ocr_line' id='line_1_2' title="bbox 711 621 1093 688; baseline 0 -2"><span class='ocrx_word' id='word_1_7' title='bbox 711 621 881 688; x_wconf 82' lang='lat' dir='ltr'><strong>Lectiones</strong></span> <span class='ocrx_word' id='word_1_8' title='bbox 903 623 1093 687; x_wconf 82' lang='grc'><strong>6661611666.</strong></span> 
     </span>
    </p>
   </div>
   <div class='ocr_carea' id='block_1_3' title="bbox 212 752 1552 918">
    <p class='ocr_par' dir='ltr' id='par_1_3' title="bbox 212 752 1552 918">
     <span class='ocr_line' id='line_1_3' title="bbox 212 752 1552 915; baseline 0.006 -99"><span class='ocrx_word' id='word_1_9' title='bbox 212 752 328 817; x_wconf 84' lang='lat' dir='ltr'>Mane</span> <span class='ocrx_word' id='word_1_10' title='bbox 355 752 643 915; x_wconf 72' lang='lat' dir='ltr'>postlpulsum</span> <span class='ocrx_word' id='word_1_11' title='bbox 670 757 789 842; x_wconf 87' lang='lat' dir='ltr'>pacis</span> <span class='ocrx_word' id='word_1_12' title='bbox 822 755 949 842; x_wconf 85' lang='lat' dir='ltr'>legetur</span> <span class='ocrx_word' id='word_1_13' title='bbox 982 759 1021 821; x_wconf 91' lang='grc'>16</span> <span class='ocrx_word' id='word_1_14' title='bbox 1046 757 1182 843; x_wconf 93' lang='lat' dir='ltr'>primo</span> <span class='ocrx_word' id='word_1_15' title='bbox 1211 767 1250 822; x_wconf 89' lang='lat' dir='ltr'>et</span> <span class='ocrx_word' id='word_1_16' title='bbox 1278 757 1457 824; x_wconf 91' lang='lat' dir='ltr'>secundo</span> <span class='ocrx_word' id='word_1_17' title='bbox 1484 758 1552 824; x_wconf 92' lang='lat' dir='ltr'>de·</span> 
     </span>
     <span class='ocr_line' id='line_1_4' title="bbox 337 852 590 918; baseline 0.012 -2"><span class='ocrx_word' id='word_1_18' title='bbox 337 863 453 918; x_wconf 90' lang='lat' dir='ltr'>creta</span> <span class='ocrx_word' id='word_1_19' title='bbox 479 852 590 918; x_wconf 90' lang='lat' dir='ltr'>ium:¹</span> 
     </span>
    </p>
   </div>
   <div class='ocr_carea' id='block_1_4' title="bbox 295 952 1576 1345">
    <p class='ocr_par' dir='ltr' id='par_1_4' title="bbox 295 952 1576 1142">
     <span class='ocr_line' id='line_1_5' title="bbox 295 952 1552 1042; baseline 0.007 -26"><span class='ocrx_word' id='word_1_20' title='bbox 295 952 400 1038; x_wconf 89' lang='lat' dir='ltr'>primo</span> <span class='ocrx_word' id='word_1_21' title='bbox 428 974 513 1018; x_wconf 90' lang='lat' dir='ltr'>anno</span> <span class='ocrx_word' id='word_1_22' title='bbox 538 952 651 1020; x_wconf 86' lang='grc'><strong>1116166</strong></span> <span class='ocrx_word' id='word_1_23' title='bbox 680 954 720 1020; x_wconf 88' lang='grc'>16</span> <span class='ocrx_word' id='word_1_24' title='bbox 748 955 989 1038; x_wconf 90' lang='lat' dir='ltr'>constitutione,</span> <span class='ocrx_word' id='word_1_25' title='bbox 1025 953 1065 1018; x_wconf 92' lang='lat' dir='ltr'>dc</span> <span class='ocrx_word' id='word_1_26' title='bbox 1093 956 1278 1042; x_wconf 88' lang='lat' dir='ltr'>rescriptis,</span> <span class='ocrx_word' id='word_1_27' title='bbox 1313 955 1354 1023; x_wconf 90' lang='lat' dir='ltr'>de</span> <span class='ocrx_word' id='word_1_28' title='bbox 1384 969 1552 1025; x_wconf 90' lang='lat' dir='ltr'>consuetu-</span> 
     </span>
     <span class='ocr_line' id='line_1_6' title="bbox 417 1051 1576 1142; baseline 0.004 -25"><span class='ocrx_word' id='word_1_29' title='bbox 417 1051 507 1134; x_wconf 83' lang='lat' dir='ltr'>dine,</span> <span class='ocrx_word' id='word_1_30' title='bbox 530 1052 570 1118; x_wconf 94' lang='lat' dir='ltr'>de</span> <span class='ocrx_word' id='word_1_31' title='bbox 592 1053 698 1119; x_wconf 87' lang='lat' dir='ltr'>officio</span> <span class='ocrx_word' id='word_1_32' title='bbox 716 1053 876 1142; x_wconf 84' lang='lat' dir='ltr'>delegati,</span> <span class='ocrx_word' id='word_1_33' title='bbox 893 1054 934 1119; x_wconf 90' lang='lat' dir='ltr'>dc</span> <span class='ocrx_word' id='word_1_34' title='bbox 953 1053 1059 1121; x_wconf 89' lang='lat' dir='ltr'>officio</span> <span class='ocrx_word' id='word_1_35' title='bbox 1082 1053 1248 1120; x_wconf 87' lang='lat' dir='ltr'>ordinarii.</span> <span class='ocrx_word' id='word_1_36' title='bbox 1561 1069 1576 1122; x_wconf 85' lang='lat'>5</span> 
     </span>
    </p>

    <p class='ocr_par' dir='ltr' id='par_1_5' title="bbox 297 1151 1551 1345">
     <span class='ocr_line' id='line_1_7' title="bbox 297 1151 1550 1236; baseline 0.005 -18"><span class='ocrx_word' id='word_1_37' title='bbox 297 1151 436 1218; x_wconf 90' lang='lat' dir='ltr'>secundo</span> <span class='ocrx_word' id='word_1_38' title='bbox 458 1175 543 1218; x_wconf 89' lang='lat' dir='ltr'>anno</span> <span class='ocrx_word' id='word_1_39' title='bbox 572 1153 613 1218; x_wconf 95' lang='grc'>16</span> <span class='ocrx_word' id='word_1_40' title='bbox 642 1155 826 1219; x_wconf 86' lang='lat' dir='ltr'>maioritate</span> <span class='ocrx_word' id='word_1_41' title='bbox 856 1164 888 1218; x_wconf 91' lang='lat' dir='ltr'>et</span> <span class='ocrx_word' id='word_1_42' title='bbox 909 1153 1107 1236; x_wconf 90' lang='lat' dir='ltr'>obedientia,</span> <span class='ocrx_word' id='word_1_43' title='bbox 1130 1152 1170 1217; x_wconf 94' lang='lat' dir='ltr'>de</span> <span class='ocrx_word' id='word_1_44' title='bbox 1188 1156 1391 1222; x_wconf 78' lang='lat' dir='ltr'>restitutione</span> <span class='ocrx_word' id='word_1_45' title='bbox 1413 1160 1447 1222; x_wconf 92' lang='lat' dir='ltr'>in</span> <span class='ocrx_word' id='word_1_46' title='bbox 1470 1161 1550 1224; x_wconf 89' lang='lat' dir='ltr'>inte-</span> 
     </span>
     <span class='ocr_line' id='line_1_8' title="bbox 416 1252 1551 1345; baseline 0.005 -28"><span class='ocrx_word' id='word_1_47' title='bbox 416 1275 531 1340; x_wconf 88' lang='lat' dir='ltr'>grum,</span> <span class='ocrx_word' id='word_1_48' title='bbox 562 1252 603 1318; x_wconf 93' lang='lat' dir='ltr'>de</span> <span class='ocrx_word' id='word_1_49' title='bbox 622 1253 766 1339; x_wconf 90' lang='lat' dir='ltr'>iudiciis,</span> <span class='ocrx_word' id='word_1_50' title='bbox 794 1254 924 1320; x_wconf 89' lang='grc'><strong>161666</strong></span> <span class='ocrx_word' id='word_1_51' title='bbox 950 1255 1159 1342; x_wconf 82' lang='lat' dir='ltr'>competenti,</span> <span class='ocrx_word' id='word_1_52' title='bbox 1190 1253 1230 1318; x_wconf 92' lang='lat' dir='ltr'>de</span> <span class='ocrx_word' id='word_1_53' title='bbox 1249 1257 1370 1321; x_wconf 89' lang='lat' dir='ltr'>mutuis</span> <span class='ocrx_word' id='word_1_54' title='bbox 1392 1260 1551 1345; x_wconf 90' lang='lat' dir='ltr'>petitioni·</span> 
     </span>
    </p>
   </div>
   <div class='ocr_carea' id='block_1_5' title="bbox 209 1352 1594 4843">
    <p class='ocr_par' dir='ltr' id='par_1_6' title="bbox 417 1352 874 1436">
     <span class='ocr_line' id='line_1_9' title="bbox 417 1352 874 1436; baseline -0.004 -18"><span class='ocrx_word' id='word_1_55' title='bbox 417 1353 496 1436; x_wconf 92' lang='lat' dir='ltr'>bus,</span> <span class='ocrx_word' id='word_1_56' title='bbox 520 1352 577 1418; x_wconf 90' lang='lat' dir='ltr'>lite</span> <span class='ocrx_word' id='word_1_57' title='bbox 597 1377 664 1420; x_wconf 91' lang='lat' dir='ltr'>non</span> <span class='ocrx_word' id='word_1_58' title='bbox 685 1362 874 1420; x_wconf 88' lang='lat' dir='ltr'>contestata.</span> 
     </span>
    </p>

    <p class='ocr_par' dir='ltr' id='par_1_7' title="bbox 295 1453 1594 1736">
     <span class='ocr_line' id='line_1_10' title="bbox 295 1453 1550 1543; baseline 0.003 -25"><span class='ocrx_word' id='word_1_59' title='bbox 295 1454 388 1518; x_wconf 89' lang='lat' dir='ltr'>tertio</span> <span class='ocrx_word' id='word_1_60' title='bbox 418 1453 459 1518; x_wconf 93' lang='lat' dir='ltr'>de</span> <span class='ocrx_word' id='word_1_61' title='bbox 491 1476 608 1518; x_wconf 90' lang='lat' dir='ltr'>caussa</span> <span class='ocrx_word' id='word_1_62' title='bbox 638 1455 852 1541; x_wconf 79' lang='lat' dir='ltr'>possessionis</span> <span class='ocrx_word' id='word_1_63' title='bbox 875 1463 907 1518; x_wconf 91' lang='lat' dir='ltr'>et</span> <span class='ocrx_word' id='word_1_64' title='bbox 933 1455 1164 1540; x_wconf 81' lang='lat' dir='ltr'>proprietatis,</span> <span class='ocrx_word' id='word_1_65' title='bbox 1193 1453 1233 1518; x_wconf 92' lang='grc'>16</span> <span class='ocrx_word' id='word_1_66' title='bbox 1254 1456 1456 1522; x_wconf 83' lang='lat' dir='ltr'>restitutione</span> <span class='ocrx_word' id='word_1_67' title='bbox 1478 1481 1550 1543; x_wconf 91' lang='lat' dir='ltr'>spo-</span> 
     </span>
     <span class='ocr_line' id='line_1_11' title="bbox 416 1551 1594 1642; baseline 0.004 -24"><span class='ocrx_word' id='word_1_68' title='bbox 416 1551 587 1636; x_wconf 88' lang='lat' dir='ltr'>liatorum,</span> <span class='ocrx_word' id='word_1_69' title='bbox 618 1553 660 1618; x_wconf 90' lang='lat' dir='ltr'>de</span> <span class='ocrx_word' id='word_1_70' title='bbox 688 1552 762 1620; x_wconf 94' lang='lat' dir='ltr'>dolo</span> <span class='ocrx_word' id='word_1_71' title='bbox 790 1563 821 1618; x_wconf 92' lang='grc'>61</span> <span class='ocrx_word' id='word_1_72' title='bbox 843 1553 1060 1636; x_wconf 90' lang='lat' dir='ltr'>coutumacia,</span> <span class='ocrx_word' id='word_1_73' title='bbox 1089 1553 1129 1618; x_wconf 90' lang='grc'>(16</span> <span class='ocrx_word' id='word_1_74' title='bbox 1151 1553 1412 1642; x_wconf 80' lang='lat' dir='ltr'>probationibus,</span> <span class='ocrx_word' id='word_1_75' title='bbox 1444 1556 1594 1623; x_wconf 86' lang='lat' dir='ltr'>dete-10</span> 
     </span>
     <span class='ocr_line' id='line_1_12' title="bbox 420 1652 1011 1736; baseline -0.003 -18"><span class='ocrx_word' id='word_1_76' title='bbox 420 1652 546 1736; x_wconf 86' lang='lat' dir='ltr'>stibus,</span> <span class='ocrx_word' id='word_1_77' title='bbox 567 1652 608 1718; x_wconf 90' lang='lat' dir='ltr'>dc</span> <span class='ocrx_word' id='word_1_78' title='bbox 628 1653 692 1718; x_wconf 90' lang='lat' dir='ltr'>fide</span> <span class='ocrx_word' id='word_1_79' title='bbox 713 1656 1011 1719; x_wconf 86' lang='lat' dir='ltr'>instrumentorum.</span> 
     </span>
    </p>

    <p class='ocr_par' dir='ltr' id='par_1_8' title="bbox 294 1751 1592 2120">
     <span class='ocr_line' id='line_1_13' title="bbox 294 1751 1551 1842; baseline 0.002 -24"><span class='ocrx_word' id='word_1_80' title='bbox 294 1763 408 1840; x_wconf 84' lang='lat' dir='ltr'>quarto</span> <span class='ocrx_word' id='word_1_81' title='bbox 431 1752 473 1817; x_wconf 93' lang='grc'>16</span> <span class='ocrx_word' id='word_1_82' title='bbox 494 1752 718 1837; x_wconf 86' lang='lat' dir='ltr'>iureiurando,</span> <span class='ocrx_word' id='word_1_83' title='bbox 739 1753 780 1819; x_wconf 92' lang='lat' dir='ltr'>de</span> <span class='ocrx_word' id='word_1_84' title='bbox 801 1751 1063 1840; x_wconf 78' lang='lat' dir='ltr'>exceptionibus,</span> <span class='ocrx_word' id='word_1_85' title='bbox 1096 1752 1135 1817; x_wconf 89' lang='lat' dir='ltr'>de</span> <span class='ocrx_word' id='word_1_86' title='bbox 1157 1755 1487 1842; x_wconf 78' lang='lat' dir='ltr'>praescriptionibus,</span> <span class='ocrx_word' id='word_1_87' title='bbox 1511 1755 1551 1820; x_wconf 88' lang='lat' dir='ltr'>de</span> 
     </span>
     <span class='ocr_line' id='line_1_14' title="bbox 418 1851 1552 1942; baseline 0 -24"><span class='ocrx_word' id='word_1_88' title='bbox 418 1853 577 1918; x_wconf 86' lang='lat' dir='ltr'>sententia</span> <span class='ocrx_word' id='word_1_89' title='bbox 598 1866 630 1918; x_wconf 90' lang='lat' dir='ltr'>ct</span> <span class='ocrx_word' id='word_1_90' title='bbox 651 1877 686 1919; x_wconf 90' lang='grc'>66</span> <span class='ocrx_word' id='word_1_91' title='bbox 708 1851 852 1920; x_wconf 88' lang='lat' dir='ltr'>iudicata</span> <span class='ocrx_word' id='word_1_92' title='bbox 873 1861 905 1918; x_wconf 90' lang='grc'>61</span> <span class='ocrx_word' id='word_1_93' title='bbox 926 1853 1218 1940; x_wconf 82' lang='lat' dir='ltr'>appellationibus,</span> <span class='ocrx_word' id='word_1_94' title='bbox 1250 1855 1283 1918; x_wconf 90' lang='lat' dir='ltr'>in</span> <span class='ocrx_word' id='word_1_95' title='bbox 1314 1855 1465 1942; x_wconf 80' lang='lat' dir='ltr'>oapittdis</span> <span class='ocrx_word' id='word_1_96' title='bbox 1496 1854 1552 1920; x_wconf 91' lang='lat' dir='ltr'>nbi</span> 
     </span>
     <span class='ocr_line' id='line_1_15' title="bbox 417 1952 1550 2042; baseline 0.001 -25"><span class='ocrx_word' id='word_1_97' title='bbox 417 1952 669 2020; x_wconf 89' lang='lat' dir='ltr'>Panormitanus</span> <span class='ocrx_word' id='word_1_98' title='bbox 695 1955 824 2042; x_wconf 90' lang='lat' dir='ltr'>copiose</span> <span class='ocrx_word' id='word_1_99' title='bbox 852 1952 983 2018; x_wconf 87' lang='lat' dir='ltr'>disserit</span> <span class='ocrx_word' id='word_1_100' title='bbox 1013 1977 1053 2020; x_wconf 90' lang='grc'>66</span> <span class='ocrx_word' id='word_1_101' title='bbox 1080 1975 1218 2019; x_wconf 88' lang='grc'><strong>6666666</strong></span> <span class='ocrx_word' id='word_1_102' title='bbox 1248 1975 1288 2018; x_wconf 93' lang='grc'>66</span> <span class='ocrx_word' id='word_1_103' title='bbox 1308 1953 1396 2041; x_wconf 86' lang='lat' dir='ltr'>leges</span> <span class='ocrx_word' id='word_1_104' title='bbox 1417 1977 1550 2042; x_wconf 88' lang='lat' dir='ltr'>genera·</span> 
     </span>
     <span class='ocr_line' id='line_1_16' title="bbox 417 2053 1592 2120; baseline 0.002 -2"><span class='ocrx_word' id='word_1_105' title='bbox 417 2053 465 2118; x_wconf 89' lang='lat' dir='ltr'>les</span> <span class='ocrx_word' id='word_1_106' title='bbox 486 2053 596 2118; x_wconf 91' lang='lat' dir='ltr'>tradit.</span> <span class='ocrx_word' id='word_1_107' title='bbox 1563 2067 1592 2120; x_wconf 81' lang='lat'>15</span> 
     </span>
    </p>

    <p class='ocr_par' dir='ltr' id='par_1_9' title="bbox 211 2152 1550 2319">
     <span class='ocr_line' id='line_1_17' title="bbox 211 2152 1550 2241; baseline 0.002 -24"><span class='ocrx_word' id='word_1_108' title='bbox 211 2153 255 2217; x_wconf 89' lang='grc'>16</span> <span class='ocrx_word' id='word_1_109' title='bbox 275 2162 433 2218; x_wconf 80' lang='lat' dir='ltr'>aestate</span> <span class='ocrx_word' id='word_1_110' title='bbox 455 2155 628 2240; x_wconf 88' lang='lat' dir='ltr'>septima</span> <span class='ocrx_word' id='word_1_111' title='bbox 655 2163 693 2218; x_wconf 90' lang='lat' dir='ltr'>et</span> <span class='ocrx_word' id='word_1_112' title='bbox 723 2153 863 2241; x_wconf 88' lang='lat' dir='ltr'>hyeme</span> <span class='ocrx_word' id='word_1_113' title='bbox 885 2163 1031 2220; x_wconf 87' lang='lat' dir='ltr'>octava</span> <span class='ocrx_word' id='word_1_114' title='bbox 1052 2153 1113 2219; x_wconf 92' lang='grc'><strong>6611</strong></span> <span class='ocrx_word' id='word_1_115' title='bbox 1134 2155 1290 2219; x_wconf 91' lang='lat' dir='ltr'>iniure</span> <span class='ocrx_word' id='word_1_116' title='bbox 1316 2152 1435 2220; x_wconf 88' lang='lat' dir='ltr'>civili</span> <span class='ocrx_word' id='word_1_117' title='bbox 1456 2152 1550 2220; x_wconf 89' lang='lat' dir='ltr'>lectio</span> 
     </span>
     <span class='ocr_line' id='line_1_18' title="bbox 334 2253 607 2319; baseline -0.007 0"><span class='ocrx_word' id='word_1_118' title='bbox 334 2253 607 2319; x_wconf 88' lang='lat' dir='ltr'>antemeridiana:</span> 
     </span>
    </p>

    <p class='ocr_par' dir='ltr' id='par_1_10' title="bbox 292 2351 1593 2742">
     <span class='ocr_line' id='line_1_19' title="bbox 292 2351 1551 2442; baseline 0 -22"><span class='ocrx_word' id='word_1_119' title='bbox 292 2355 398 2441; x_wconf 90' lang='lat' dir='ltr'>primo</span> <span class='ocrx_word' id='word_1_120' title='bbox 420 2375 504 2420; x_wconf 89' lang='lat' dir='ltr'>anno</span> <span class='ocrx_word' id='word_1_121' title='bbox 526 2355 560 2418; x_wconf 92' lang='lat' dir='ltr'>in</span> <span class='ocrx_word' id='word_1_122' title='bbox 579 2355 687 2441; x_wconf 88' lang='lat' dir='ltr'>prima</span> <span class='ocrx_word' id='word_1_123' title='bbox 710 2364 805 2442; x_wconf 90' lang='lat' dir='ltr'>parte</span> <span class='ocrx_word' id='word_1_124' title='bbox 826 2356 859 2419; x_wconf 89' lang='lat' dir='ltr'>ff.</span> <span class='ocrx_word' id='word_1_125' title='bbox 880 2354 1016 2418; x_wconf 87' lang='lat' dir='ltr'>veteris:</span> <span class='ocrx_word' id='word_1_126' title='bbox 1041 2351 1081 2417; x_wconf 92' lang='lat' dir='ltr'>de</span> <span class='ocrx_word' id='word_1_127' title='bbox 1103 2351 1298 2418; x_wconf 84' lang='lat' dir='ltr'>officiosius</span> <span class='ocrx_word' id='word_1_128' title='bbox 1321 2353 1373 2418; x_wconf 91' lang='grc'>661</span> <span class='ocrx_word' id='word_1_129' title='bbox 1396 2353 1551 2420; x_wconf 89' lang='lat' dir='ltr'>mandata</span> 
     </span>
     <span class='ocr_line' id='line_1_20' title="bbox 418 2451 1550 2542; baseline 0.001 -24"><span class='ocrx_word' id='word_1_130' title='bbox 418 2463 468 2518; x_wconf 89' lang='lat' dir='ltr'>est</span> <span class='ocrx_word' id='word_1_131' title='bbox 487 2454 686 2538; x_wconf 88' lang='lat' dir='ltr'>iurisdictio,</span> <span class='ocrx_word' id='word_1_132' title='bbox 709 2454 749 2520; x_wconf 90' lang='grc'>16</span> <span class='ocrx_word' id='word_1_133' title='bbox 768 2452 992 2519; x_wconf 86' lang='lat' dir='ltr'>iurisdictione</span> <span class='ocrx_word' id='word_1_134' title='bbox 1014 2453 1158 2518; x_wconf 91' lang='lat' dir='ltr'>omnium</span> <span class='ocrx_word' id='word_1_135' title='bbox 1178 2451 1333 2536; x_wconf 91' lang='lat' dir='ltr'>indicum,</span> <span class='ocrx_word' id='word_1_136' title='bbox 1356 2453 1442 2540; x_wconf 92' lang='lat' dir='ltr'>quod</span> <span class='ocrx_word' id='word_1_137' title='bbox 1465 2456 1550 2542; x_wconf 88' lang='lat' dir='ltr'>quis·</span> 
     </span>
     <span class='ocr_line' id='line_1_21' title="bbox 418 2552 1593 2642; baseline 0.001 -22"><span class='ocrx_word' id='word_1_138' title='bbox 418 2578 481 2642; x_wconf 90' lang='lat' dir='ltr'>que</span> <span class='ocrx_word' id='word_1_139' title='bbox 499 2555 595 2638; x_wconf 90' lang='lat' dir='ltr'>iuris,</span> <span class='ocrx_word' id='word_1_140' title='bbox 623 2555 650 2620; x_wconf 90' lang='lat' dir='ltr'>si</span> <span class='ocrx_word' id='word_1_141' title='bbox 673 2555 744 2639; x_wconf 90' lang='lat' dir='ltr'>quis</span> <span class='ocrx_word' id='word_1_142' title='bbox 766 2552 985 2636; x_wconf 89' lang='lat' dir='ltr'>cautionibus,</span> <span class='ocrx_word' id='word_1_143' title='bbox 1013 2555 1041 2618; x_wconf 90' lang='lat' dir='ltr'>si</span> <span class='ocrx_word' id='word_1_144' title='bbox 1074 2555 1145 2640; x_wconf 86' lang='lat' dir='ltr'>quie</span> <span class='ocrx_word' id='word_1_145' title='bbox 1176 2554 1227 2619; x_wconf 91' lang='lat' dir='ltr'>ius</span> <span class='ocrx_word' id='word_1_146' title='bbox 1258 2553 1378 2618; x_wconf 88' lang='lat' dir='ltr'>dicenti</span> <span class='ocrx_word' id='word_1_147' title='bbox 1404 2577 1469 2618; x_wconf 90' lang='grc'>666</span> <span class='ocrx_word' id='word_1_148' title='bbox 1495 2554 1593 2621; x_wconf 64' lang='lat' dir='ltr'>abab</span> 
     </span>
     <span class='ocr_line' id='line_1_22' title="bbox 417 2653 1136 2742; baseline -0.004 -22"><span class='ocrx_word' id='word_1_149' title='bbox 417 2655 665 2742; x_wconf 85' lang='lat' dir='ltr'>temperaverit,</span> <span class='ocrx_word' id='word_1_150' title='bbox 691 2655 764 2742; x_wconf 91' lang='lat' dir='ltr'>quis</span> <span class='ocrx_word' id='word_1_151' title='bbox 788 2655 867 2719; x_wconf 89' lang='lat' dir='ltr'>satis</span> <span class='ocrx_word' id='word_1_152' title='bbox 889 2653 969 2718; x_wconf 90' lang='lat' dir='ltr'>dare</span> <span class='ocrx_word' id='word_1_153' title='bbox 991 2665 1136 2741; x_wconf 86' lang='lat' dir='ltr'>cogatur.</span> 
     </span>
    </p>

    <p class='ocr_par' dir='ltr' id='par_1_11' title="bbox 293 2752 1550 2942">
     <span class='ocr_line' id='line_1_23' title="bbox 293 2752 1550 2843; baseline -0.001 -25"><span class='ocrx_word' id='word_1_154' title='bbox 293 2754 435 2820; x_wconf 88' lang='lat' dir='ltr'>seeundo</span> <span class='ocrx_word' id='word_1_155' title='bbox 457 2776 541 2819; x_wconf 90' lang='lat' dir='ltr'>anno</span> <span class='ocrx_word' id='word_1_156' title='bbox 562 2757 597 2819; x_wconf 92' lang='lat' dir='ltr'>in</span> <span class='ocrx_word' id='word_1_157' title='bbox 617 2757 726 2843; x_wconf 91' lang='lat' dir='ltr'>prima</span> <span class='ocrx_word' id='word_1_158' title='bbox 746 2763 840 2841; x_wconf 89' lang='lat' dir='ltr'>parte</span> <span class='ocrx_word' id='word_1_159' title='bbox 863 2753 905 2820; x_wconf 83' lang='lat' dir='ltr'>C:</span> <span class='ocrx_word' id='word_1_160' title='bbox 928 2752 968 2818; x_wconf 90' lang='grc'>16</span> <span class='ocrx_word' id='word_1_161' title='bbox 990 2753 1124 2836; x_wconf 90' lang='grc'><strong>616616,</strong></span> <span class='ocrx_word' id='word_1_162' title='bbox 1148 2753 1188 2818; x_wconf 87' lang='grc'>16</span> <span class='ocrx_word' id='word_1_163' title='bbox 1209 2755 1311 2818; x_wconf 91' lang='grc'><strong>16166</strong></span> <span class='ocrx_word' id='word_1_164' title='bbox 1329 2753 1488 2836; x_wconf 89' lang='lat' dir='ltr'>vocando,</span> <span class='ocrx_word' id='word_1_165' title='bbox 1510 2753 1550 2818; x_wconf 90' lang='lat' dir='ltr'>de</span> 
     </span>
     <span class='ocr_line' id='line_1_24' title="bbox 416 2851 1516 2942; baseline -0.004 -21"><span class='ocrx_word' id='word_1_166' title='bbox 416 2856 540 2942; x_wconf 88' lang='lat' dir='ltr'>pactis,</span> <span class='ocrx_word' id='word_1_167' title='bbox 562 2855 602 2920; x_wconf 93' lang='grc'>16</span> <span class='ocrx_word' id='word_1_168' title='bbox 625 2853 913 2934; x_wconf 86' lang='lat' dir='ltr'>transactionibus,</span> <span class='ocrx_word' id='word_1_169' title='bbox 934 2851 975 2917; x_wconf 91' lang='grc'>16</span> <span class='ocrx_word' id='word_1_170' title='bbox 995 2853 1279 2941; x_wconf 88' lang='lat' dir='ltr'>procuratoribus,</span> <span class='ocrx_word' id='word_1_171' title='bbox 1307 2851 1516 2918; x_wconf 71' lang='grc'><strong>1616116116.</strong></span> 
     </span>
    </p>

    <p class='ocr_par' dir='ltr' id='par_1_12' title="bbox 296 2952 1593 3220">
     <span class='ocr_line' id='line_1_25' title="bbox 296 2952 1551 3042; baseline -0.002 -22"><span class='ocrx_word' id='word_1_172' title='bbox 296 2957 390 3020; x_wconf 89' lang='lat' dir='ltr'>tertio</span> <span class='ocrx_word' id='word_1_173' title='bbox 410 2957 445 3020; x_wconf 92' lang='lat' dir='ltr'>in</span> <span class='ocrx_word' id='word_1_174' title='bbox 467 2957 575 3042; x_wconf 89' lang='lat' dir='ltr'>prima</span> <span class='ocrx_word' id='word_1_175' title='bbox 595 2965 690 3042; x_wconf 89' lang='lat' dir='ltr'>parte</span> <span class='ocrx_word' id='word_1_176' title='bbox 710 2955 742 3020; x_wconf 86' lang='lat' dir='ltr'>ff.</span> <span class='ocrx_word' id='word_1_177' title='bbox 755 2955 847 3020; x_wconf 83' lang='lat' dir='ltr'>novi:</span> <span class='ocrx_word' id='word_1_178' title='bbox 870 2953 910 3018; x_wconf 92' lang='lat' dir='ltr'>de</span> <span class='ocrx_word' id='word_1_179' title='bbox 933 2955 1041 3040; x_wconf 87' lang='lat' dir='ltr'>operis</span> <span class='ocrx_word' id='word_1_180' title='bbox 1055 2955 1131 3018; x_wconf 90' lang='lat' dir='ltr'>novi</span> <span class='ocrx_word' id='word_1_181' title='bbox 1141 2953 1358 3034; x_wconf 89' lang='lat' dir='ltr'>nunciationo,</span> <span class='ocrx_word' id='word_1_182' title='bbox 1381 2952 1421 3018; x_wconf 91' lang='lat' dir='ltr'>de</span> <span class='ocrx_word' id='word_1_183' title='bbox 1433 2954 1551 3018; x_wconf 90' lang='lat' dir='ltr'>damno</span> 
     </span>
     <span class='ocr_line' id='line_1_26' title="bbox 417 3052 1593 3142; baseline -0.003 -21"><span class='ocrx_word' id='word_1_184' title='bbox 417 3056 546 3138; x_wconf 84' lang='lat' dir='ltr'>infecto,</span> <span class='ocrx_word' id='word_1_185' title='bbox 568 3054 609 3120; x_wconf 92' lang='grc'>16</span> <span class='ocrx_word' id='word_1_186' title='bbox 630 3055 829 3142; x_wconf 88' lang='grc'><strong>6666166616</strong></span> <span class='ocrx_word' id='word_1_187' title='bbox 850 3057 1065 3142; x_wconf 86' lang='lat' dir='ltr'>possessione,</span> <span class='ocrx_word' id='word_1_188' title='bbox 1089 3053 1129 3118; x_wconf 92' lang='lat' dir='ltr'>de</span> <span class='ocrx_word' id='word_1_189' title='bbox 1149 3052 1430 3139; x_wconf 89' lang='lat' dir='ltr'>usurpationibus,</span> <span class='ocrx_word' id='word_1_190' title='bbox 1454 3052 1494 3118; x_wconf 92' lang='grc'>16</span> <span class='ocrx_word' id='word_1_191' title='bbox 1514 3064 1593 3118; x_wconf 79' lang='grc'><strong>6625</strong></span> 
     </span>
     <span class='ocr_line' id='line_1_27' title="bbox 415 3153 569 3220; baseline -0.013 0"><span class='ocrx_word' id='word_1_192' title='bbox 415 3153 569 3220; x_wconf 88' lang='lat' dir='ltr'>iudicata.</span> 
     </span>
    </p>

    <p class='ocr_par' dir='ltr' id='par_1_13' title="bbox 295 3251 1593 3742">
     <span class='ocr_line' id='line_1_28' title="bbox 295 3251 1551 3342; baseline -0.001 -23"><span class='ocrx_word' id='word_1_193' title='bbox 295 3264 410 3338; x_wconf 86' lang='lat' dir='ltr'>quarto</span> <span class='ocrx_word' id='word_1_194' title='bbox 431 3255 466 3318; x_wconf 93' lang='lat' dir='ltr'>in</span> <span class='ocrx_word' id='word_1_195' title='bbox 487 3253 629 3320; x_wconf 88' lang='lat' dir='ltr'>secunda</span> <span class='ocrx_word' id='word_1_196' title='bbox 648 3263 742 3342; x_wconf 89' lang='lat' dir='ltr'>parte</span> <span class='ocrx_word' id='word_1_197' title='bbox 764 3252 806 3320; x_wconf 84' lang='lat' dir='ltr'>O:</span> <span class='ocrx_word' id='word_1_198' title='bbox 829 3253 883 3339; x_wconf 92' lang='lat' dir='ltr'>qni</span> <span class='ocrx_word' id='word_1_199' title='bbox 905 3252 1041 3335; x_wconf 88' lang='lat' dir='ltr'>admitti,</span> <span class='ocrx_word' id='word_1_200' title='bbox 1064 3251 1193 3338; x_wconf 89' lang='lat' dir='ltr'>quaudo</span> <span class='ocrx_word' id='word_1_201' title='bbox 1207 3275 1272 3318; x_wconf 91' lang='grc'>666</span> <span class='ocrx_word' id='word_1_202' title='bbox 1289 3253 1465 3339; x_wconf 92' lang='lat' dir='ltr'>petentium</span> <span class='ocrx_word' id='word_1_203' title='bbox 1477 3275 1551 3340; x_wconf 88' lang='lat' dir='ltr'>par·</span> 
     </span>
     <span class='ocr_line' id='line_1_29' title="bbox 417 3350 1549 3442; baseline -0.001 -24"><span class='ocrx_word' id='word_1_204' title='bbox 417 3363 465 3419; x_wconf 89' lang='lat' dir='ltr'>tes</span> <span class='ocrx_word' id='word_1_205' title='bbox 487 3353 689 3442; x_wconf 90' lang='lat' dir='ltr'>petentibus,</span> <span class='ocrx_word' id='word_1_206' title='bbox 709 3351 795 3418; x_wconf 89' lang='lat' dir='ltr'>unde</span> <span class='ocrx_word' id='word_1_207' title='bbox 815 3352 925 3434; x_wconf 91' lang='lat' dir='ltr'>liberi,</span> <span class='ocrx_word' id='word_1_208' title='bbox 951 3351 992 3416; x_wconf 94' lang='lat' dir='ltr'>de</span> <span class='ocrx_word' id='word_1_209' title='bbox 1012 3350 1253 3433; x_wconf 89' lang='lat' dir='ltr'>collationibus,</span> <span class='ocrx_word' id='word_1_210' title='bbox 1276 3351 1316 3416; x_wconf 92' lang='grc'>16</span> <span class='ocrx_word' id='word_1_211' title='bbox 1338 3356 1549 3434; x_wconf 86' lang='lat' dir='ltr'>testamentis,</span> 
     </span>
     <span class='ocr_line' id='line_1_30' title="bbox 419 3449 1549 3538; baseline -0.003 -19"><span class='ocrx_word' id='word_1_212' title='bbox 419 3453 460 3520; x_wconf 93' lang='lat' dir='ltr'>de</span> <span class='ocrx_word' id='word_1_213' title='bbox 490 3453 663 3538; x_wconf 83' lang='lat' dir='ltr'>heredibus</span> <span class='ocrx_word' id='word_1_214' title='bbox 687 3451 909 3535; x_wconf 84' lang='lat' dir='ltr'>instituendis,</span> <span class='ocrx_word' id='word_1_215' title='bbox 937 3453 971 3518; x_wconf 92' lang='lat' dir='ltr'>in</span> <span class='ocrx_word' id='word_1_216' title='bbox 997 3450 1122 3537; x_wconf 83' lang='lat' dir='ltr'>legibus</span> <span class='ocrx_word' id='word_1_217' title='bbox 1149 3450 1205 3515; x_wconf 91' lang='lat' dir='ltr'>ubi</span> <span class='ocrx_word' id='word_1_218' title='bbox 1226 3451 1316 3516; x_wconf 82' lang='lat' dir='ltr'>Bart</span> <span class='ocrx_word' id='word_1_219' title='bbox 1337 3449 1439 3516; x_wconf 87' lang='lat' dir='ltr'>tradit</span> <span class='ocrx_word' id='word_1_220' title='bbox 1461 3453 1549 3517; x_wconf 87' lang='lat' dir='ltr'>theo-</span> 
     </span>
     <span class='ocr_line' id='line_1_31' title="bbox 417 3550 1593 3640; baseline -0.002 -20"><span class='ocrx_word' id='word_1_221' title='bbox 417 3556 487 3620; x_wconf 89' lang='lat' dir='ltr'>rica</span> <span class='ocrx_word' id='word_1_222' title='bbox 514 3576 553 3619; x_wconf 91' lang='lat' dir='ltr'>ao</span> <span class='ocrx_word' id='word_1_223' title='bbox 580 3553 802 3620; x_wconf 89' lang='lat' dir='ltr'>distinctiones</span> <span class='ocrx_word' id='word_1_224' title='bbox 832 3551 928 3640; x_wconf 89' lang='lat' dir='ltr'>plura</span> <span class='ocrx_word' id='word_1_225' title='bbox 954 3551 1220 3638; x_wconf 87' lang='lat' dir='ltr'>complectentes,</span> <span class='ocrx_word' id='word_1_226' title='bbox 1250 3551 1291 3616; x_wconf 93' lang='lat' dir='ltr'>ob</span> <span class='ocrx_word' id='word_1_227' title='bbox 1312 3550 1410 3636; x_wconf 89' lang='lat' dir='ltr'>idque</span> <span class='ocrx_word' id='word_1_228' title='bbox 1431 3561 1464 3617; x_wconf 91' lang='grc'>61</span> <span class='ocrx_word' id='word_1_229' title='bbox 1486 3551 1593 3618; x_wconf 82' lang='lat' dir='ltr'>cla-³0</span> 
     </span>
     <span class='ocr_line' id='line_1_32' title="bbox 416 3653 979 3742; baseline -0.002 -24"><span class='ocrx_word' id='word_1_230' title='bbox 416 3655 467 3718; x_wconf 90' lang='lat' dir='ltr'>vis</span> <span class='ocrx_word' id='word_1_231' title='bbox 488 3655 587 3720; x_wconf 93' lang='lat' dir='ltr'>totius</span> <span class='ocrx_word' id='word_1_232' title='bbox 608 3655 764 3720; x_wconf 87' lang='lat' dir='ltr'>materiae</span> <span class='ocrx_word' id='word_1_233' title='bbox 786 3653 979 3742; x_wconf 90' lang='lat' dir='ltr'>appellatur.</span> 
     </span>
    </p>

    <p class='ocr_par' dir='ltr' id='par_1_14' title="bbox 209 3751 1551 3839">
     <span class='ocr_line' id='line_1_33' title="bbox 209 3751 1551 3839; baseline 0.001 -21"><span class='ocrx_word' id='word_1_234' title='bbox 209 3752 337 3819; x_wconf 90' lang='lat' dir='ltr'>Deinde</span> <span class='ocrx_word' id='word_1_235' title='bbox 360 3752 532 3820; x_wconf 90' lang='lat' dir='ltr'>habebitur</span> <span class='ocrx_word' id='word_1_236' title='bbox 553 3755 669 3819; x_wconf 90' lang='lat' dir='ltr'>iterum</span> <span class='ocrx_word' id='word_1_237' title='bbox 692 3755 796 3819; x_wconf 89' lang='lat' dir='ltr'>iuris</span> <span class='ocrx_word' id='word_1_238' title='bbox 820 3755 1007 3820; x_wconf 88' lang='lat' dir='ltr'>canonici</span> <span class='ocrx_word' id='word_1_239' title='bbox 1028 3752 1133 3834; x_wconf 90' lang='lat' dir='ltr'>lectio,</span> <span class='ocrx_word' id='word_1_240' title='bbox 1158 3774 1217 3839; x_wconf 91' lang='lat' dir='ltr'>pro</span> <span class='ocrx_word' id='word_1_241' title='bbox 1240 3751 1423 3837; x_wconf 86' lang='lat' dir='ltr'>cognitione</span> <span class='ocrx_word' id='word_1_242' title='bbox 1444 3754 1551 3818; x_wconf 90' lang='grc'><strong>16616</strong></span> 
     </span>
    </p>

    <p class='ocr_par' dir='ltr' id='par_1_15' title="bbox 416 3853 1099 3922">
     <span class='ocr_line' id='line_1_34' title="bbox 416 3853 1099 3922; baseline -0.003 -3"><span class='ocrx_word' id='word_1_243' title='bbox 416 3853 1099 3922; x_wconf 72' lang='grc'><strong>66611656616610166166116166</strong></span> 
     </span>
    </p>

    <p class='ocr_par' dir='ltr' id='par_1_16' title="bbox 293 3951 1593 4843">
     <span class='ocr_line' id='line_1_35' title="bbox 293 3951 1550 4036; baseline -0.002 -16"><span class='ocrx_word' id='word_1_244' title='bbox 293 3962 457 4020; x_wconf 88' lang='lat' dir='ltr'>aestate</span> <span class='ocrx_word' id='word_1_245' title='bbox 491 3965 651 4036; x_wconf 89' lang='lat' dir='ltr'>octava,</span> <span class='ocrx_word' id='word_1_246' title='bbox 682 3955 811 4019; x_wconf 90' lang='lat' dir='ltr'>hieme</span> <span class='ocrx_word' id='word_1_247' title='bbox 846 3976 946 4021; x_wconf 91' lang='lat' dir='ltr'>nona</span> <span class='ocrx_word' id='word_1_248' title='bbox 980 3956 1015 4019; x_wconf 93' lang='lat' dir='ltr'>in</span> <span class='ocrx_word' id='word_1_249' title='bbox 1044 3953 1124 4019; x_wconf 91' lang='lat' dir='ltr'>locis</span> <span class='ocrx_word' id='word_1_250' title='bbox 1161 3951 1398 4018; x_wconf 86' lang='lat' dir='ltr'>difficilioribus</span> <span class='ocrx_word' id='word_1_251' title='bbox 1427 3963 1458 4018; x_wconf 91' lang='lat' dir='ltr'>et</span> <span class='ocrx_word' id='word_1_252' title='bbox 1484 3977 1550 4018; x_wconf 89' lang='lat' dir='ltr'>ma-</span> 
     </span>
     <span class='ocr_line' id='line_1_36' title="bbox 416 4051 1593 4140; baseline 0 -22"><span class='ocrx_word' id='word_1_253' title='bbox 416 4055 467 4140; x_wconf 80' lang='lat' dir='ltr'>gis</span> <span class='ocrx_word' id='word_1_254' title='bbox 488 4053 700 4139; x_wconf 89' lang='lat' dir='ltr'>quotidianis:</span> <span class='ocrx_word' id='word_1_255' title='bbox 732 4053 773 4119; x_wconf 90' lang='lat' dir='ltr'>de</span> <span class='ocrx_word' id='word_1_256' title='bbox 791 4054 1090 4138; x_wconf 86' lang='lat' dir='ltr'>constitutionibus,</span> <span class='ocrx_word' id='word_1_257' title='bbox 1113 4053 1153 4118; x_wconf 90' lang='lat' dir='ltr'>de</span> <span class='ocrx_word' id='word_1_258' title='bbox 1172 4054 1358 4139; x_wconf 88' lang='lat' dir='ltr'>rescriptis,</span> <span class='ocrx_word' id='word_1_259' title='bbox 1380 4051 1420 4117; x_wconf 90' lang='lat' dir='ltr'>de</span> <span class='ocrx_word' id='word_1_260' title='bbox 1442 4053 1593 4120; x_wconf 77' lang='lat' dir='ltr'>officiott</span> 
     </span>
     <span class='ocr_line' id='line_1_37' title="bbox 415 4151 1548 4242; baseline 0 -23"><span class='ocrx_word' id='word_1_261' title='bbox 415 4153 566 4240; x_wconf 87' lang='lat' dir='ltr'>delegati,</span> <span class='ocrx_word' id='word_1_262' title='bbox 589 4154 629 4219; x_wconf 92' lang='lat' dir='ltr'>de</span> <span class='ocrx_word' id='word_1_263' title='bbox 647 4152 752 4220; x_wconf 88' lang='lat' dir='ltr'>officio</span> <span class='ocrx_word' id='word_1_264' title='bbox 768 4154 935 4236; x_wconf 89' lang='lat' dir='ltr'>ordinarii,</span> <span class='ocrx_word' id='word_1_265' title='bbox 959 4153 1127 4242; x_wconf 89' lang='lat' dir='ltr'>depactis,</span> <span class='ocrx_word' id='word_1_266' title='bbox 1151 4152 1191 4217; x_wconf 90' lang='lat' dir='ltr'>de</span> <span class='ocrx_word' id='word_1_267' title='bbox 1207 4151 1483 4238; x_wconf 88' lang='lat' dir='ltr'>procuratoribus,</span> <span class='ocrx_word' id='word_1_268' title='bbox 1508 4154 1548 4219; x_wconf 90' lang='lat' dir='ltr'>de</span> 
     </span>
     <span class='ocr_line' id='line_1_38' title="bbox 417 4251 1551 4341; baseline -0.002 -23"><span class='ocrx_word' id='word_1_269' title='bbox 417 4253 566 4337; x_wconf 87' lang='lat' dir='ltr'>arbitris,</span> <span class='ocrx_word' id='word_1_270' title='bbox 596 4254 636 4319; x_wconf 93' lang='grc'>16</span> <span class='ocrx_word' id='word_1_271' title='bbox 657 4253 804 4336; x_wconf 89' lang='lat' dir='ltr'>iudiciis,</span> <span class='ocrx_word' id='word_1_272' title='bbox 832 4253 963 4318; x_wconf 88' lang='grc'><strong>161666</strong></span> <span class='ocrx_word' id='word_1_273' title='bbox 985 4256 1196 4341; x_wconf 88' lang='lat' dir='ltr'>competenti,</span> <span class='ocrx_word' id='word_1_274' title='bbox 1226 4251 1266 4316; x_wconf 89' lang='lat' dir='ltr'>dc</span> <span class='ocrx_word' id='word_1_275' title='bbox 1294 4252 1476 4319; x_wconf 89' lang='lat' dir='ltr'>iuramento</span> <span class='ocrx_word' id='word_1_276' title='bbox 1499 4276 1551 4318; x_wconf 88' lang='lat' dir='ltr'>ca-</span> 
     </span>
     <span class='ocr_line' id='line_1_39' title="bbox 414 4351 1549 4440; baseline -0.002 -20"><span class='ocrx_word' id='word_1_277' title='bbox 414 4355 571 4438; x_wconf 90' lang='lat' dir='ltr'>lumniae,</span> <span class='ocrx_word' id='word_1_278' title='bbox 594 4355 634 4421; x_wconf 92' lang='lat' dir='ltr'>de</span> <span class='ocrx_word' id='word_1_279' title='bbox 655 4355 858 4419; x_wconf 88' lang='lat' dir='ltr'>restitutione</span> <span class='ocrx_word' id='word_1_280' title='bbox 880 4352 1110 4440; x_wconf 88' lang='lat' dir='ltr'>spoliatorum,</span> <span class='ocrx_word' id='word_1_281' title='bbox 1135 4353 1176 4417; x_wconf 90' lang='lat' dir='ltr'>de</span> <span class='ocrx_word' id='word_1_282' title='bbox 1198 4353 1375 4433; x_wconf 84' lang='lat' dir='ltr'>confessis,</span> <span class='ocrx_word' id='word_1_283' title='bbox 1398 4351 1438 4416; x_wconf 91' lang='lat' dir='ltr'>de</span> <span class='ocrx_word' id='word_1_284' title='bbox 1461 4355 1549 4418; x_wconf 88' lang='lat' dir='ltr'>testi·</span> 
     </span>
     <span class='ocr_line' id='line_1_40' title="bbox 415 4450 1546 4541; baseline -0.003 -22"><span class='ocrx_word' id='word_1_285' title='bbox 415 4454 492 4537; x_wconf 88' lang='lat' dir='ltr'>bus,</span> <span class='ocrx_word' id='word_1_286' title='bbox 515 4453 555 4520; x_wconf 90' lang='lat' dir='ltr'>de</span> <span class='ocrx_word' id='word_1_287' title='bbox 576 4453 794 4537; x_wconf 89' lang='lat' dir='ltr'>iureiurando,</span> <span class='ocrx_word' id='word_1_288' title='bbox 817 4452 858 4518; x_wconf 90' lang='lat' dir='ltr'>de</span> <span class='ocrx_word' id='word_1_289' title='bbox 880 4450 1140 4541; x_wconf 87' lang='lat' dir='ltr'>exceptionibus,</span> <span class='ocrx_word' id='word_1_290' title='bbox 1164 4453 1203 4516; x_wconf 89' lang='lat' dir='ltr'>de</span> <span class='ocrx_word' id='word_1_291' title='bbox 1225 4452 1546 4540; x_wconf 87' lang='lat' dir='ltr'>praescriptionibus,</span> 
     </span>
     <span class='ocr_line' id='line_1_41' title="bbox 416 4551 1589 4638; baseline -0.001 -20"><span class='ocrx_word' id='word_1_292' title='bbox 416 4553 457 4619; x_wconf 90' lang='lat' dir='ltr'>de</span> <span class='ocrx_word' id='word_1_293' title='bbox 479 4557 638 4620; x_wconf 89' lang='lat' dir='ltr'>sententia</span> <span class='ocrx_word' id='word_1_294' title='bbox 662 4563 694 4620; x_wconf 90' lang='lat' dir='ltr'>et</span> <span class='ocrx_word' id='word_1_295' title='bbox 712 4576 749 4619; x_wconf 90' lang='grc'>66</span> <span class='ocrx_word' id='word_1_296' title='bbox 771 4553 930 4635; x_wconf 89' lang='lat' dir='ltr'>indicata,</span> <span class='ocrx_word' id='word_1_297' title='bbox 953 4551 993 4617; x_wconf 88' lang='lat' dir='ltr'>dc</span> <span class='ocrx_word' id='word_1_298' title='bbox 1016 4551 1304 4638; x_wconf 87' lang='lat' dir='ltr'>appellationibus,</span> <span class='ocrx_word' id='word_1_299' title='bbox 1326 4551 1366 4616; x_wconf 89' lang='lat' dir='ltr'>de</span> <span class='ocrx_word' id='word_1_300' title='bbox 1388 4551 1589 4638; x_wconf 80' lang='lat' dir='ltr'>praeben-40</span> 
     </span>
     <span class='ocr_line' id='line_1_42' title="bbox 417 4650 1547 4738; baseline -0.002 -20"><span class='ocrx_word' id='word_1_301' title='bbox 417 4653 483 4735; x_wconf 91' lang='lat' dir='ltr'>dis,</span> <span class='ocrx_word' id='word_1_302' title='bbox 507 4655 547 4719; x_wconf 93' lang='grc'>16</span> <span class='ocrx_word' id='word_1_303' title='bbox 570 4656 729 4720; x_wconf 89' lang='lat' dir='ltr'>sententia</span> <span class='ocrx_word' id='word_1_304' title='bbox 750 4653 1104 4733; x_wconf 86' lang='lat' dir='ltr'>excommunicationis,</span> <span class='ocrx_word' id='word_1_305' title='bbox 1127 4650 1166 4716; x_wconf 88' lang='lat' dir='ltr'>dc</span> <span class='ocrx_word' id='word_1_306' title='bbox 1189 4651 1364 4716; x_wconf 89' lang='lat' dir='ltr'>verborum</span> <span class='ocrx_word' id='word_1_307' title='bbox 1387 4652 1547 4738; x_wconf 86' lang='lat' dir='ltr'>signifiea-</span> 
     </span>
     <span class='ocr_line' id='line_1_43' title="bbox 415 4753 1550 4843; baseline 0.001 -28"><span class='ocrx_word' id='word_1_308' title='bbox 415 4755 502 4818; x_wconf 91' lang='lat' dir='ltr'>tione</span> <span class='ocrx_word' id='word_1_309' title='bbox 524 4765 556 4818; x_wconf 85' lang='grc'>61</span> <span class='ocrx_word' id='word_1_310' title='bbox 581 4755 664 4838; x_wconf 90' lang='lat' dir='ltr'>aliis,</span> <span class='ocrx_word' id='word_1_311' title='bbox 685 4763 784 4843; x_wconf 89' lang='lat' dir='ltr'>prout</span> <span class='ocrx_word' id='word_1_312' title='bbox 800 4755 908 4818; x_wconf 80' lang='lat' dir='ltr'>ratio²</span> <span class='ocrx_word' id='word_1_313' title='bbox 926 4763 1106 4838; x_wconf 91' lang='lat' dir='ltr'>temporum</span> <span class='ocrx_word' id='word_1_314' title='bbox 1126 4753 1278 4836; x_wconf 91' lang='lat' dir='ltr'>patietur,</span> <span class='ocrx_word' id='word_1_315' title='bbox 1301 4755 1494 4838; x_wconf 88' lang='lat' dir='ltr'>praesertim</span> <span class='ocrx_word' id='word_1_316' title='bbox 1516 4753 1550 4816; x_wconf 91' lang='lat' dir='ltr'>in</span> 
     </span>
    </p>
   </div>
   <div class='ocr_carea' id='block_1_6' title="bbox 134 5049 1549 5212">
    <p class='ocr_par' dir='ltr' id='par_1_17' title="bbox 134 5049 1549 5212">
     <span class='ocr_line' id='line_1_44' title="bbox 199 5049 1549 5128; baseline -0.004 -16"><span class='ocrx_word' id='word_1_317' title='bbox 199 5055 269 5112; x_wconf 88' lang='lat' dir='ltr'>llm</span> <span class='ocrx_word' id='word_1_318' title='bbox 287 5055 449 5128; x_wconf 79' lang='lat' dir='ltr'>Fulgenden</span> <span class='ocrx_word' id='word_1_319' title='bbox 472 5055 543 5111; x_wconf 88' lang='lat' dir='ltr'>habe</span> <span class='ocrx_word' id='word_1_320' title='bbox 569 5056 615 5111; x_wconf 90' lang='lat' dir='ltr'>ich</span> <span class='ocrx_word' id='word_1_321' title='bbox 638 5055 683 5111; x_wconf 90' lang='lat' dir='ltr'>die</span> <span class='ocrx_word' id='word_1_322' title='bbox 702 5055 912 5128; x_wconf 81' lang='lat' dir='ltr'>Abkttraungen</span> <span class='ocrx_word' id='word_1_323' title='bbox 930 5057 980 5110; x_wconf 90' lang='lat' dir='ltr'>der</span> <span class='ocrx_word' id='word_1_324' title='bbox 995 5052 1116 5126; x_wconf 81' lang='lat' dir='ltr'>Vorlage</span> <span class='ocrx_word' id='word_1_325' title='bbox 1133 5053 1279 5126; x_wconf 80' lang='lat' dir='ltr'>autgeltist.</span> <span class='ocrx_word' id='word_1_326' title='bbox 1310 5053 1365 5108; x_wconf 89' lang='lat' dir='ltr'>Die</span> <span class='ocrx_word' id='word_1_327' title='bbox 1383 5049 1483 5108; x_wconf 80' lang='lat' dir='ltr'>uenter</span> <span class='ocrx_word' id='word_1_328' title='bbox 1499 5051 1549 5108; x_wconf 89' lang='lat' dir='ltr'>der</span> 
     </span>
     <span class='ocr_line' id='line_1_45' title="bbox 134 5135 1191 5212; baseline 0.003 -20"><span class='ocrx_word' id='word_1_329' title='bbox 134 5135 299 5208; x_wconf 77' lang='lat' dir='ltr'>Vogelsohen</span> <span class='ocrx_word' id='word_1_330' title='bbox 316 5138 461 5196; x_wconf 80' lang='lat' dir='ltr'>Abschrit&#39;t</span> <span class='ocrx_word' id='word_1_331' title='bbox 478 5139 540 5196; x_wconf 85' lang='lat' dir='ltr'>sind</span> <span class='ocrx_word' id='word_1_332' title='bbox 557 5138 745 5212; x_wconf 82' lang='lat' dir='ltr'>unglaublich.</span> <span class='ocrx_word' id='word_1_333' title='bbox 862 5145 877 5196; x_wconf 83' lang='lat'><em>2</em></span> <span class='ocrx_word' id='word_1_334' title='bbox 892 5159 949 5211; x_wconf 82' lang='lat' dir='ltr'>pro</span> <span class='ocrx_word' id='word_1_335' title='bbox 968 5139 1076 5194; x_wconf 77' lang='grc'><strong>6611666</strong></span> <span class='ocrx_word' id='word_1_336' title='bbox 1094 5140 1191 5210; x_wconf 76' lang='lat' dir='ltr'>Vogel.</span> 
     </span>
    </p>
   </div>
   <div class='ocr_carea' id='block_1_7' title="bbox 0 0 1902 6060">
    <p class='ocr_par' dir='ltr' id='par_1_18' title="bbox 0 0 1902 6060">
     <span class='ocr_line' id='line_1_46' title="bbox 0 0 1902 6060; baseline 0 0"><span class='ocrx_word' id='word_1_337' title='bbox 0 0 1902 6060; x_wconf 95' lang='lat' dir='ltr'> </span> 
     </span>
    </p>
   </div>
  </div>
 </body>
</html>
