3794 6060
337 400 377 464 58
859 409 910 458 Dis
929 405 1048 460 Statnten
1068 421 1130 458 vom
1146 409 1232 460 Jstrc
1250 415 1314 460 uto

335 577 490 646 Andreae
509 581 663 668 Ruperti,
685 605 798 649 sacrae
817 587 999 674 theologiae
1021 587 1215 654 baccalmii:
1229 621 1232 633 ·
1248 589 1345 672 Quod
1368 594 1564 660 universitas
1579 595 1662 682 ipsa
1682 597 1770 662 velit

338 687 371 744 et
398 678 496 744 debet
524 703 696 766 personam
717 683 906 770 deputatam
928 697 961 752 et
982 688 1201 776 deputandam
1223 712 1283 776 pro
1306 690 1498 778 colligendis
1513 693 1704 761 redditibus
1723 695 1770 760 de

337 775 426 844 villis
453 779 657 846 universitati
678 782 895 870 incorporatis
917 809 1050 854 servare
1071 785 1279 874 indempnem
1299 789 1343 858 ab
1363 791 1570 878 impeticione
1592 796 1769 862 cuiuscun-

339 899 401 964 que
422 880 551 944 nomine
572 879 733 947 dictorum
755 883 943 952 reddituum
963 887 1161 952 imminente.
1246 944 1249 953 .
1532 913 1536 920 ·

310 1049 327 1106 5
765 1056 812 1114 17.
836 1047 898 1137 [Bt.
924 1049 994 1139 15⁸]
1021 1071 1090 1121 vom
1112 1071 1150 1122 ιι.
1169 1025 1340 1125 narraui

419 1175 515 1242 Anno
536 1175 659 1244 domini
678 1179 848 1249 millesimo
870 1187 973 1252 cccc⁰
995 1185 1261 1272 quadragesimo,
1282 1187 1336 1254 die
1360 1209 1439 1254 vero
1460 1189 1580 1263 mensis
1601 1189 1677 1256 Iulii
1701 1201 1767 1256 tre-

339 1272 480 1358 decimo,
508 1275 596 1341 facta
622 1278 720 1365 plena
747 1287 1006 1369 congregacione
1035 1286 1257 1354 universitatis
1285 1287 1371 1354 lecta
1392 1296 1424 1352 et
1445 1285 1611 1374 publicata
1632 1290 1769 1356 fuemmt

339 1379 460 1438 statuta
488 1375 688 1464 subscripta,
722 1403 793 1468 per
822 1382 1001 1450 dominos
1031 1384 1351 1454 reformatores²
1378 1387 1464 1452 inter
1491 1397 1601 1454 cetera
1626 1397 1771 1475 protunc

339 1471 428 1536 edite
448 1483 481 1538 et
500 1497 559 1561 per
582 1486 720 1562 quatuor
740 1484 893 1548 naciones
914 1484 1001 1551 nullo
1023 1483 1265 1552 contradicente
1287 1485 1440 1558 conclusa
1460 1493 1494 1549 et
1514 1483 1670 1554 αᾶιιιίιιιι.

299 1579 332 1634 10
428 1579 455 1637 1.
480 1572 609 1658 Primo,
636 1588 672 1642 ut
693 1579 813 1664 honor,
841 1586 1029 1649 reverencia
1051 1594 1085 1649 et
1105 1584 1203 1650 decor
1225 1586 1449 1651 universitatis
1470 1585 1577 1671 magis
1599 1585 1771 1654 habundet

341 1679 372 1734 et
392 1680 555 1756 tencatur,
577 1676 665 1763 quod
687 1701 797 1744 omncs
820 1691 851 1746 et
873 1683 991 1768 singuli
1012 1684 1178 1768 magistri,
1205 1683 1354 1750 doctores
1377 1693 1409 1750 et
1429 1683 1592 1750 licenciati
1614 1708 1768 1772 quarum·

342 1792 469 1858 cunque
490 1772 679 1840 facultatum
701 1780 922 1845 universitatis
945 1793 1075 1848 nostrae
1096 1782 1233 1869 singulis
1253 1783 1362 1849 missis
1374 1783 1596 1850 universitatis
1612 1784 1769 1856 decenter

338 1868 498 1938 habitasti
519 1874 679 1958 intersint,
701 1879 850 1966 magistri
871 1879 1023 1946 videlicet
1043 1904 1117 1948 cum
1137 1881 1251 1950 habitu
1273 1883 1455 1970 magistrali
1464 1891 1630 1967 consueto,
1654 1883 1769 1951 docto

339 1991 392 2036 res
420 1991 481 2057 pro
511 1973 665 2039 decencia
689 1987 721 2042 et
748 1976 870 2044 honore
896 1979 1057 2066 gradum
1078 2003 1205 2066 eorum,
1232 2003 1271 2047 ac
1291 1983 1470 2048 secundum
1492 1982 1641 2048 ordinem
1662 1994 1697 2050 ct
1719 2007 1768 2050 se

299 2077 331 2132 15
341 2070 433 2134 nium
461 2071 497 2136 in
516 2072 647 2140 sedibus
668 2078 828 2160 existant,
859 2078 933 2144 aliis
953 2079 1060 2146 locum
1081 2080 1285 2168 praebendo,
1315 2083 1479 2170 ceterique
1500 2079 1642 2172 scolares
1664 2105 1768 2148 unua

338 2169 474 2255 quisque
495 2173 672 2240 secundum
693 2178 781 2244 vires
803 2200 935 2244 suarum
954 2179 1164 2263 facultatum
1197 2179 1348 2268 quodque
1375 2179 1482 2246 nullus
1502 2181 1650 2266 ipsorum
1671 2203 1767 2268 prae·

339 2267 499 2336 dictorum
525 2281 602 2338 ante
628 2274 724 2342 finem
752 2277 871 2343 abinde
898 2279 968 2344 sine
989 2301 1091 2346 causa
1111 2278 1271 2365 legittima
1290 2279 1439 2362 recedat,
1470 2277 1533 2346 suh
1554 2301 1661 2366 poena
1686 2282 1769 2346 irre·

339 2367 489 2436 missibili
499 2420 509 2453 ,
537 2372 673 2460 singulis
697 2375 899 2464 temporibus
927 2401 949 2443 a
972 2386 1099 2446 rectore
1128 2379 1349 2444 universitatis
1379 2379 1446 2446 suis
1467 2380 1502 2444 in
1522 2378 1688 2446 mandatis
1710 2403 1767 2447 ex·

340 2469 521 2555 primcnda.

299 2573 333 2632 20
427 2569 480 2635 2³
507 2571 605 2656 Item,
629 2583 668 2639 ut
694 2578 850 2662 magister
874 2599 895 2640 a
918 2576 1097 2644 scolaribus
1118 2575 1248 2642 differat
1269 2587 1302 2642 et
1321 2576 1543 2658 discernatur,
1565 2571 1651 2664 [15¹2]
1681 2577 1769 2665 quod

342 2667 461 2752 singuli
480 2673 630 2757 magistri
652 2677 791 2757 arcium,
818 2676 882 2740 nisi
910 2677 1055 2763 ipsorum
1075 2673 1219 2742 obstaret
1238 2675 1368 2762 religio,
1394 2677 1429 2743 in
1449 2675 1585 2762 plateis,
1612 2675 1713 2742 scolis
1735 2687 1767 2743 et

342 2765 421 2834 alibi
441 2768 546 2856 longis
567 2773 729 2857 vestibus,
751 2791 817 2840 non
837 2775 945 2858 cincti,
969 2776 1034 2840 sint
1054 2775 1169 2859 induti,
1190 2777 1314 2842 mitrati
1334 2785 1367 2841 et
1387 2777 1422 2842 in
1444 2773 1586 2861 scapulis
1608 2773 1663 2840 vel
1685 2775 1768 2842 collo

341 2870 479 2954 capucia
499 2870 679 2940 deferentes
701 2884 734 2938 et
753 2874 930 2961 praecipue
950 2876 984 2940 in
1005 2873 1133 2941 actibus
1157 2874 1296 2962 publicis
1311 2883 1345 2940 et
1358 2877 1393 2942 in
1405 2873 1519 2940 diebus
1534 2872 1734 2940 solemnibus
1746 2877 1769 2958 ⁴,

341 2966 401 3034 sub
424 2987 531 3054 poena
551 2981 690 3056 quatuor
710 2995 909 3059 grossorum,
931 2975 1055 3040 tociens
1077 2975 1230 3062 quociens
1251 2975 1407 3058 requisiti.
1433 2971 1549 3038 *Etad
1562 2973 1767 3040 uniuscuius-

299 3073 406 3154 2tquc
430 3071 677 3157 requisicionem
705 3081 812 3138 rector
843 3081 970 3139 tenetur
995 3095 1131 3160 poenam
1160 3097 1181 3138 a
1207 3095 1397 3162 quocunque
1427 3073 1476 3138 sie
1503 3071 1682 3140 excedente
1710 3095 1770 3138 sx-

341 3173 502 3254 torquere.

422 3271 476 3334 3st
499 3269 581 3336 Item
614 3293 675 3357 pro
708 3271 825 3336 maiori
853 3271 1079 3338 declaracione
1107 3270 1253 3339 eiusdem
1277 3273 1390 3338 statuti
1416 3268 1603 3338 conclusum
1631 3279 1682 3336 est
1710 3292 1769 3357 per

339 3367 598 3451 universitatem,
626 3369 713 3457 quod
742 3369 923 3454 studentes,
953 3372 1010 3457 qui
1030 3393 1096 3436 non
1118 3379 1193 3436 sunt
1213 3371 1364 3458 magistri
1385 3389 1490 3456 nsque
1510 3367 1681 3451 doctores,
1713 3392 1769 3455 pu·

340 3465 425 3532 blice
452 3469 638 3536 incedentes
668 3469 738 3534 sine
763 3468 887 3556 palliis,
914 3470 980 3562 sint
1006 3469 1105 3536 cincti
1125 3469 1159 3532 in
1180 3491 1371 3558 quacunque
1391 3479 1484 3536 veste
1503 3477 1560 3534 aut
1581 3469 1648 3533 sint
1667 3467 1769 3556 pallio

298 3567 469 3636 bodecenti
496 3569 616 3649 induti,
647 3567 707 3634 sub
735 3591 843 3655 poena
868 3567 995 3634 dimidii
1022 3568 1152 3649 floreni,
1181 3570 1304 3636 tociens
1334 3571 1488 3656 quociens
1510 3589 1610 3654 super
1631 3565 1689 3632 illo
1712 3565 1766 3632 de·

340 3669 506 3736 nuncciati
526 3668 647 3732 luerint
668 3675 701 3734 et
723 3668 872 3732 convicti.

424 3766 476 3831 ιΗ
499 3766 582 3830 Item
603 3765 691 3852 quod
712 3765 861 3830 decetcro
885 3763 1019 3852 quilibet
1039 3766 1074 3830 in
1098 3787 1192 3832 sacra
1211 3767 1342 3852 pagina,
1365 3765 1468 3832 altero
1488 3765 1608 3831 iunium
1632 3785 1691 3832 scu
1704 3787 1769 3830 ms·

343 3864 451 3930 dicina
473 3864 585 3929 volens
604 3865 748 3950 insignia
768 3864 950 3949 magisterii
972 3863 1024 3929 vel
1045 3864 1231 3930 doctoratus
1252 3867 1414 3966 recipere,
1437 3863 1551 3930 ambos
1573 3863 1766 3928 universita-

342 3966 384 4028 tis
405 3961 543 4029 famulos
567 3964 719 4029 decenter
737 3961 854 4028 vestiet
876 3973 931 4028 aut
950 3962 1033 4050 ipsis
1054 3963 1211 4050 praebeat
1233 3955 1293 4052 pro
1312 3963 1433 4030 talibus
1456 3962 1687 4048 comparandis
1709 3961 1770 4028 ad-

301 4064 450 4128 35mhrus
473 4064 613 4151 quinque
635 4062 776 4128 florenos
797 4083 972 4148 reynenscs
995 4071 1051 4128 aut
1071 4062 1232 4146 valorem,
1259 4065 1307 4128 sic
1331 4075 1440 4128 tamen
1461 4069 1497 4126 ut
1518 4064 1705 4148 praenotati
1724 4063 1770 4127 fa-

342 4160 423 4228 muli
445 4163 573 4228 astricti
595 4163 660 4228 sint
680 4162 749 4228 suis
771 4160 953 4247 sumptibus
976 4161 1019 4228 sd
1046 4161 1227 4231 kathedrae
1255 4162 1520 4249 singulorumque
1539 4177 1770 4248 scampnorum

344 4260 513 4327 decentem
534 4272 747 4348 ornatamque
768 4259 1026 4347 disposicionem
1618 4303 1621 4310 -

411 4483 422 4532 1
443 4477 485 4532 Im
504 4475 632 4548 Originsl
650 4475 718 4546 geht
732 4475 822 4532 dieser
838 4473 990 4530 Abschnitt
1005 4474 1069 4529 dem
1085 4472 1198 4544 vorigsn
1215 4491 1309 4532 vorsu.
1340 4471 1408 4530 Man
1424 4471 1739 4544 vgl.·die-Blattaahlen

410 4559 506 4632 rvgl.
525 4559 597 4615 oben
616 4559 643 4614 S.
663 4564 692 4628 8,
709 4563 724 4614 8
742 4559 797 4630 fg,
813 4558 961 4615 besonders
980 4557 1054 4612 Zeila
1071 4561 1111 4612 30.
1231 4562 1247 4613 3
1266 4557 1320 4612 Am
1337 4556 1435 4612 Raude
1453 4574 1509 4612 noo
1527 4557 1639 4626 ἱεράων.

409 4651 427 4700 4
445 4643 497 4699 Die
517 4643 616 4698 Worte
635 4651 659 4698 a
672 4641 885 4714 praecipitabis
903 4643 1067 4697 solemnibus
1086 4640 1148 4695 sind
1169 4658 1223 4696 von
1240 4641 1363 4711 andemr,
1380 4641 1447 4696 aber
1466 4639 1675 4714 gleichzeitiger
1687 4641 1768 4697 Hand

343 4747 396 4786 nae
436 4733 559 4798 attagen.

336 4831 338 4837 ·
397 4728 554 4868 htgrtrtihel
576 4816 592 4868 3
615 4811 653 4868 ist
674 4827 728 4866 von
751 4809 895 4866 darselben
918 4805 1130 4880 gleichzeitigen
1153 4805 1251 4876 Haud,
1278 4807 1323 4862 die
1346 4806 1417 4868 eben
1443 4806 1543 4864 vorher
1561 4807 1768 4876 hinruschricb,

343 4897 553 4970 nachgetrageu
575 4895 627 4951 ani
652 4895 731 4950 Blatt
760 4899 809 4952 16⁸
831 4895 887 4950 und
913 4892 966 4946 mit
991 4889 1297 4962 Verucisungsreichen
1319 4890 1460 4950 versaban-
1494 4891 1549 4946 Am
1568 4893 1668 4953 Raude
1690 4893 1767 4950 stand

339 4981 464 5055 ‘anfangs
481 4999 539 5038 coc
556 4981 675 5050 hacto,
691 4976 763 5036 doeh
782 4979 820 5037 ist
836 4979 887 5034 das
905 4995 961 5032 noo
973 4973 1135 5030 amrndiert.
1250 4982 1266 5032 t
1284 4975 1340 5033 Am
1358 4975 1457 5034 Rande
1474 4979 1661 5045 accim.
