3762 6074
351 467 413 543 466
847 465 900 526 on
919 461 1139 538 pbilosophiscbe
1155 465 1281 524 Fscnttlu.

355 681 435 746 pore
457 655 718 744 dispensacionis
740 653 998 742 praesentanda,
1031 675 1104 720 cum
1126 674 1236 736 causa,
1257 653 1285 716 si
1305 671 1403 738 quam
1423 649 1541 734 babet,
1574 648 1770 717 conscribere

356 768 388 824 et
409 759 593 843 exprimere
615 764 648 820 et
668 754 809 840 desuper
831 754 1105 841 dispensationem
1132 761 1257 838 petere,
1282 760 1319 816 ut
1346 748 1522 816 secundum
1543 747 1769 816 multitudinem

352 865 385 921 et
405 857 602 942 paucitatem
622 852 909 938 negligenciarum,
933 853 1114 920 defectuum
1136 873 1176 916 ac
1203 872 1390 933 causarum,
1414 851 1545 936 siquos
1574 847 1684 932 babet,
1709 871 1769 914 ma-

352 957 449 1042 gistri
467 955 580 1019 videre
602 953 738 1041 possint,
761 975 803 1016 an
826 954 869 1018 sit
891 976 1001 1018 secum
1026 952 1140 1016 merito
1163 946 1425 1037 dispensandum.
1467 947 1639 1036 Reputant
1670 958 1768 1012 autem

313 1065 328 1119 5
355 1055 516 1140 magistri,
539 1052 733 1138 legittimum
754 1051 1021 1140 impedimentum
1042 1051 1111 1115 fore
1131 1047 1351 1114 infirmitatem
1371 1057 1428 1113 aut
1447 1047 1637 1114 absenciam
1655 1046 1717 1113 loci
1735 1070 1771 1112 ex

352 1151 545 1219 racionabili
566 1173 667 1217 causa
687 1149 739 1216 vel
761 1149 884 1237 aliquid
904 1150 994 1217 aliud
1015 1172 1074 1237 per
1096 1147 1282 1214 facultatem
1305 1146 1564 1234 approbandum.

573 1352 603 1416 8.
625 1366 686 1426 om
707 1366 803 1415 omar
824 1366 980 1416 rossunr
1001 1365 1122 1414 soom
1142 1364 1211 1413 rao
1234 1364 1360 1412 runem
1380 1363 1566 1412 asemona.

438 1479 498 1570 [Bl.
512 1478 584 1569 20⁸]
610 1480 757 1561 Quilibet
776 1481 888 1548 volens
912 1483 1026 1548 audire
1047 1481 1147 1547 libros
1168 1480 1211 1547 ad
1228 1479 1367 1566 gradum
1378 1478 1496 1544 debota
1506 1478 1601 1542 odire
1612 1476 1774 1542 dumtaxat

360 1583 442 1648 duas
465 1582 619 1647 lectiones
638 1602 704 1644 una
723 1582 796 1646 vioe
816 1583 851 1646 in
873 1582 926 1647 die
947 1593 979 1647 et
1005 1603 1069 1646 non
1094 1579 1213 1668 plures.
1254 1579 1299 1644 Et
1329 1602 1395 1644 non
1424 1579 1544 1666 poterit
1577 1577 1693 1642 audire
1724 1577 1774 1640 uli·

319 1693 351 1748 10
359 1703 455 1770 quam
477 1703 538 1768 pro
557 1680 655 1744 tertia
676 1679 740 1744 nisi
761 1679 965 1746 Priscianum
987 1681 1146 1746 minorem
1172 1701 1232 1766 pro
1251 1675 1472 1744 baccalariatu
1493 1689 1525 1742 et
1546 1676 1775 1742 rethorioorum

352 1781 539 1847 Aristotelis
560 1801 621 1866 pro
644 1781 843 1866 magisterio.

354 1952 384 2013 9.
405 1963 453 2011 Db}
475 1961 794 2011 uncounlmomuos
816 1963 926 2011 SUPER
948 1962 1107 2028 eranum,
1129 1959 1423 2008 aaaronslonmus
1442 1959 1487 2006 ΕΤ
1501 1957 1593 2006 anns
1608 1959 1777 2006 marola

634 2062 870 2122 TEMPOREQUE
892 2059 1177 2110 olspuussulouls
1199 2058 1494 2108 Paeusuursnms.

440 2177 555 2243 Nullus
577 2177 707 2243 admitti
729 2176 826 2244 debet
848 2175 892 2241 ad
914 2198 1053 2241 examen
1069 2174 1311 2241 baccalariatus
1332 2175 1366 2238 in
1386 2174 1523 2258 artibus,
1549 2174 1615 2238 nisi
1638 2183 1777 2260 tempore

314 2277 614 2365 tbdispensacionis
643 2279 678 2342 in
712 2275 847 2342 scedula
873 2298 1002 2341 suorum
1031 2285 1161 2339 actuum
1185 2275 1441 2358 recognitionem
1470 2274 1520 2338 sui
1542 2273 1748 2338 conventuris
1761 2273 1778 2353 ¹,

355 2399 428 2442 cum
452 2399 515 2464 quo
537 2375 590 2441 vel
611 2375 727 2464 quibus
751 2377 876 2440 steterit
896 2385 928 2439 et
947 2377 1020 2439 iura
1041 2372 1189 2438 bursalia
1216 2373 1348 2454 fecerit,
1378 2381 1458 2460 puta
1485 2371 1704 2460 disputando,
1733 2393 1778 2435 ar-

354 2474 493 2561 guendo,
515 2473 756 2562 respondendo,
776 2475 952 2540 serotinam
980 2473 1234 2560 disputationem
1256 2471 1480 2557 ingrediendo,
1501 2471 1698 2536 latinitatem
1719 2493 1778 2534 ser

353 2573 474 2657 vando,
496 2585 618 2660 puncta
638 2595 699 2660 pro
720 2572 860 2658 vulgari,
883 2573 911 2636 si
932 2571 1098 2658 obligatus
1118 2572 1230 2646 fricuit,
1259 2569 1424 2654 solvendo,
1446 2575 1675 2658 consignatam
1696 2570 1778 2635 exbi-

355 2673 442 2737 beat
484 2671 592 2752 Quam
612 2674 641 2736 si
662 2693 728 2736 non
749 2670 934 2736 exhibuerit
954 2673 1064 2758 sicque
1083 2669 1304 2735 verisimiliter
1324 2679 1437 2735 contra
1454 2693 1528 2736 eum
1539 2674 1708 2758 praesumi
1728 2693 1778 2757 po

314 2772 444 2853 tuterit,
466 2771 554 2856 quod
575 2773 609 2836 in
630 2771 710 2837 locis
737 2769 929 2857 approbatis
957 2771 1105 2834 continue
1135 2791 1199 2834 non
1234 2771 1359 2834 steterit
1381 2791 1442 2834 nec
1475 2772 1549 2834 iura
1575 2769 1724 2835 bursalia
1748 2772 1778 2833 in

358 2869 479 2935 eisdem
501 2869 624 2950 fecerit,
646 2868 690 2932 ad
710 2889 849 2934 examen
869 2868 922 2933 vel
943 2877 1142 2956 temptamen
1167 2868 1231 2932 ista
1258 2869 1330 2932 vioe
1358 2890 1563 2956 nequaquam
1582 2869 1778 2934 admittatur.

355 2969 393 3034 In
414 2967 592 3054 eademque
613 2967 745 3032 scedula
767 2967 863 3032 debet
884 2966 1005 3032 babere
1034 2969 1263 3051 magistrorum
1291 2977 1323 3030 et
1355 2967 1613 3034 baccalariorum
1643 2969 1777 3049 nomina,

355 3066 473 3155 quibus
495 3077 563 3133 tam
587 3067 752 3133 ordinarie
773 3090 870 3156 quam
892 3065 1151 3132 extraordinarie
1171 3064 1392 3153 respondebat
1410 3087 1516 3153 poena
1538 3065 1600 3132 sub
1623 3069 1734 3154 priori

400 3271 448 3332 10.
475 3283 735 3332 ruouovxuons
762 3283 798 3330 m
820 3282 969 3331 surmus
989 3283 1141 3348 mamm,
1163 3283 1306 3330 sunnin
1327 3283 1508 3330 messum
1529 3284 1743 3351 nscmounu,

313 3375 347 3430 25
438 3381 579 3430 romum
602 3383 819 3431 exsecutor
838 3383 906 3430 vnn
927 3381 1193 3431 assrousmnnu
1214 3363 1434 3432 oanmsmu
1453 3368 1705 3434 aeonumssn²

439 3531 488 3595 Ne
510 3531 601 3595 fraus
624 3543 656 3594 et
678 3529 771 3596 dolus
795 3531 884 3595 circa
906 3529 1104 3595 auditionem
1126 3529 1299 3595 lectionum
1321 3539 1353 3596 et
1376 3533 1613 3599 exerciciorum
1640 3531 1781 3620 aliosque

357 3639 449 3694 actus
472 3628 672 3715 principales
694 3630 729 3693 in
750 3628 876 3696 artibus
898 3652 958 3715 per
979 3629 1177 3715 complentes
1200 3631 1428 3713 committatur,
1451 3630 1585 3717 placuit,
1605 3633 1695 3720 quod
1717 3631 1779 3697 nul-

356 3727 406 3793 lus
428 3727 577 3792 decetero
601 3726 698 3792 debet
718 3727 846 3792 admitti
867 3726 910 3792 ad
935 3749 1073 3794 examen
1092 3727 1332 3794 baccalariatus
1353 3731 1387 3794 in
1409 3730 1536 3796 artibus
1557 3730 1610 3796 vel
1629 3732 1674 3797 ad
1684 3743 1778 3818 temp

356 3837 465 3890 tamen
492 3825 808 3911 magistrandorum,
844 3827 909 3890 nisi
940 3835 1085 3914 tempore
1117 3827 1375 3914 dispensacionis
1403 3829 1492 3894 dicat
1520 3831 1555 3894 in
1577 3832 1778 3897 consciencia

316 3936 429 4006 30sua,
451 3923 538 4011 quod
560 3923 682 3989 nullam
701 3927 863 4012 integram
883 3925 1016 3990 totalem
1037 3925 1223 4011 lectionem,
1248 3929 1409 4013 integrum
1437 3930 1638 3994 exercicium
1659 3943 1716 3996 aut
1734 3952 1778 3994 re

357 4024 581 4108 sumpcionem
601 4023 769 4090 facultatis
791 4022 904 4089 audire
925 4023 1083 4112 neglexit;
1113 4035 1144 4090 et
1165 4025 1251 4114 quod
1272 4027 1411 4109 tociens,
1440 4029 1595 4114 quociens
1625 4028 1778 4110 debuerit,

360 4121 525 4188 ordinarie
551 4132 619 4188 tam
645 4123 812 4208 magistris
833 4144 930 4209 quam
955 4123 1150 4190 baccalariis
1179 4126 1397 4212 responderit,
1422 4129 1487 4192 nisi
1514 4129 1667 4214 specifice
1689 4151 1780 4216 super

357 4219 420 4286 boc
440 4243 550 4286 secum
571 4223 669 4288 fuerit
690 4219 928 4309 dispensatum
952 4233 983 4287 et
1003 4222 1091 4310 quod
1112 4223 1287 4311 quemlibet
1311 4228 1521 4311 magistrum,
1549 4249 1570 4292 a
1590 4251 1655 4315 quo
1675 4228 1779 4294 lectio·

355 4341 428 4384 nem
455 4319 506 4384 vel
528 4322 719 4386 exercitium
738 4320 872 4402 audivit,
896 4332 1080 4388 contentum
1107 4325 1193 4392 fecit.
1237 4322 1273 4390 Si
1301 4347 1379 4391 vero
1401 4324 1564 4392 defectum
1587 4329 1685 4394 unius
1705 4329 1778 4392 inte

313 4427 434 4503 3tgrae
459 4418 573 4484 totalis
593 4419 752 4502 lectionis,
774 4421 939 4502 exercicii,
959 4423 1195 4507 resumpcionis
1216 4446 1274 4488 seu
1288 4427 1511 4510 responsionis
1521 4426 1710 4492 ordinariae
1728 4427 1778 4490 bs-

357 4517 474 4601 buerit,
497 4520 604 4603 signet
624 4519 730 4605 ipsum
760 4520 793 4584 in
824 4517 921 4584 dorso
951 4519 1101 4585 scedulae
1127 4543 1206 4586 suae
1232 4521 1456 4609 completionis
1485 4547 1558 4590 cum
1586 4549 1688 4594 eausa
1713 4548 1773 4590 non

358 4617 548 4699 audicionis,
572 4639 668 4704 quam
692 4619 720 4682 si
741 4617 879 4683 facultas
901 4617 1127 4705 aliquomodo
1150 4619 1341 4706 legittimam
1369 4632 1402 4687 et
1421 4623 1656 4692 racionabilem
1677 4647 1776 4692 sense·

354 4717 408 4799 rit,
431 4715 598 4802 dispenset
620 4737 727 4782 secum
748 4718 843 4784 iuxta
865 4717 1009 4784 defectus
1032 4717 1230 4805 qualitatem.

439 5039 448 5090 1
472 5035 510 5088 Es
528 5033 599 5088 fehlt
615 5031 659 5085 oel
676 5049 787 5084 mosam
803 5039 1002 5088 convortor-rua.
1036 5031 1100 5104 vgl.
1119 5033 1190 5090 oben
1209 5035 1236 5090 S.
1254 5039 1295 5102 21,
1314 5041 1346 5092 28
1363 5054 1390 5090 u.
1407 5041 1494 5094 aulen
1513 5043 1572 5108 ΠΟ,
1588 5045 1630 5098 34.

439 5123 454 5174 2
474 5119 528 5171 Am
549 5117 646 5172 Raude
664 5117 771 5186 icquar
786 5125 912 5186 quartum
930 5135 1018 5172 novae
1035 5119 1230 5174 ordinationis.
