3748 6070
871 401 927 451 Das
953 399 1076 450 Paulines
1101 397 1205 460 colleg.

453 657 563 708 LEGES
584 657 631 706 ln
651 657 856 708 1>1s011²unos
876 655 1171 706 commaculans
1192 655 1341 707 suoram
1363 655 1616 707 resumendas.

978 811 1049 860 Lex
1067 809 1089 858 1.

412 925 607 1012 Quicunque
626 924 660 988 in
679 921 888 990 contubernio
909 922 1027 1009 degere
1047 923 1179 1010 pascive
1198 921 1345 1006 voluerit,
1366 924 1394 988 is
1416 924 1551 1010 cogitor,
1573 947 1648 992 cum
1668 925 1746 990 reei-

328 1028 444 1113 pietur,
468 1025 672 1112 promittere:

287 1135 303 1189 5
442 1125 468 1190 Ι.
492 1123 534 1190 Se
555 1120 681 1210 legibus
703 1121 986 1188 contubernalibus
1008 1143 1125 1210 parere
1144 1119 1238 1188 velle.

427 1224 469 1288 Π.
491 1223 574 1290 Cum
595 1223 702 1307 quiete
722 1232 755 1287 et
777 1221 901 1309 pudore
922 1224 1041 1289 vivere.

410 1322 468 1388 [Π.
489 1321 656 1408 Magistris
677 1323 743 1388 suis
763 1323 958 1408 morigerum
980 1345 1060 1388 esse.

412 1423 470 1489 IV.
491 1421 622 1488 Nullum
642 1421 794 1486 damnum
817 1420 1026 1488 contubernio
1049 1421 1123 1488 dolo
1144 1422 1230 1488 malo
1249 1422 1329 1488 dare
1348 1431 1389 1506 et,
1409 1422 1624 1512 undecunque
1637 1423 1748 1490 datum

330 1525 371 1588 iri
391 1523 561 1590 resciverit
580 1531 636 1588 aut
655 1521 820 1602 metuerit,
848 1521 882 1585 in
901 1541 973 1586 eam
998 1529 1123 1608 partem
1152 1544 1212 1610 pro
1234 1521 1359 1588 viribus
1388 1545 1423 1588 se
1449 1545 1624 1611 opponere
1666 1523 1749 1590 Ante

292 1635 323 1690 10
332 1625 440 1691 omnia
472 1633 580 1688 autem
612 1622 755 1686 universi
789 1619 915 1685 incolae
943 1619 1069 1708 collegii
1101 1620 1196 1688 deum
1224 1631 1312 1688 caste
1341 1643 1381 1688 ae
1415 1623 1469 1710 pie
1501 1623 1610 1689 colent
1637 1647 1748 1691 conve

330 1725 437 1788 niente
458 1724 585 1790 ratione
607 1721 858 1787 christianorum
884 1721 1005 1786 rituum
1025 1743 1065 1786 ac
1086 1723 1352 1788 ceremoniarum.
1393 1723 1435 1788 Ni
1463 1722 1614 1808 iecerint,
1642 1735 1748 1791 conus-

330 1822 443 1890 bernio
465 1824 644 1888 eiiciantur.
1178 1815 1184 1824 '

973 1941 1043 1990 Lex
1061 1941 1097 1991 11.

414 2057 463 2122 Ne
484 2058 556 2144 quis
576 2056 672 2121 iussis
693 2056 921 2142 magistrorum
941 2054 1108 2141 legittimis
1129 2054 1290 2143 refragari
1308 2077 1391 2122 neve
1411 2055 1632 2144 obiurgationi
1653 2059 1751 2126 recla-

293 2167 423 2222 15mare
443 2178 525 2222 neve
546 2157 750 2242 castigationi
771 2156 867 2220 reniti
893 2153 1021 2220 audeat
1064 2153 1129 2236 Qui
1149 2156 1271 2239 iecerit,
1292 2155 1472 2244 quadrante
1492 2156 1751 2224 florinrmulcte

332 2267 400 2340 tur3
429 2256 457 2321 si
484 2256 737 2344 protervitatem,
764 2253 983 2337 contumelias,
1007 2254 1181 2320 maledicta
1206 2257 1389 2343 usurparit,
1417 2256 1538 2322 mulcta
1559 2266 1627 2323 tum
1649 2257 1751 2346 dupli·

334 2365 433 2424 cem
965 2459 1035 2508 Lex
1052 2457 1110 2508 111.

418 2573 612 2641 Cubiculum
633 2595 725 2637 suum
747 2593 886 2660 suasque
908 2571 1036 2638 areidae
1053 2573 1273 2661 unusquisque
1291 2571 1530 2659 inquilinorum,
1553 2577 1752 2663 amagistro,

294 2675 428 2741 fflcuius
450 2675 511 2739 erit
531 2674 655 2739 curatio
678 2673 747 2738 eius
768 2673 881 2759 partis,
907 2673 941 2736 in
968 2693 1033 2760 qua
1054 2672 1118 2760 ipsi
1139 2671 1298 2739 habitatio
1321 2675 1487 2761 asignata
1509 2674 1622 2757 fuerit,
1648 2677 1752 2742 iussus

336 2797 372 2840 re
402 2773 584 2861 postulante
613 2773 750 2859 aperire,
781 2773 851 2836 sine
880 2772 1082 2837 recmatione
1112 2771 1173 2838 boc
1202 2773 1310 2839 lacere
1338 2772 1443 2840 debet
1483 2771 1614 2840 Nolenti
1636 2775 1754 2841 mulcta

338 2871 497 2939 indicetur
517 2873 625 2939 florini
645 2869 814 2936 dimidiati.

975 3025 1045 3076 Lex
1062 3023 1112 3078 IV.

419 3141 559 3208 Lumina
580 3142 614 3206 in
636 3139 792 3206 cubiculis
807 3139 953 3206 universi
973 3141 1149 3206 attentione
1170 3148 1201 3205 et
1223 3139 1438 3208 sollicitudine
1459 3164 1587 3208 summa
1606 3151 1754 3228 tractent,

297 3253 379 3310 25ne
401 3241 611 3308 scintillantes
640 3240 797 3307 fiiniculos
819 3241 1005 3327 pavimento
1035 3239 1143 3328 ligneo
1171 3239 1336 3328 infligant3
1367 3239 1513 3308 similiter
1533 3253 1566 3308 et
1591 3241 1690 3330 lignis
1714 3243 1755 3310 ad

339 3341 557 3410 calefacienda
577 3340 746 3407 conclavia
766 3350 897 3406 utantur
923 3339 1019 3425 fissis,
1048 3363 1113 3407 non
1143 3341 1322 3423 sarmentis,
1351 3350 1448 3430 atque
1476 3343 1510 3408 in
1540 3343 1756 3410 calefaciendo

340 3453 434 3511 caute
455 3467 489 3510 se
510 3450 640 3530 gerant,
661 3443 695 3506 in
716 3462 777 3528 quo
800 3441 856 3528 qni
877 3438 1057 3527 deliquerit,
1077 3439 1228 3506 mulctam
1251 3439 1356 3507 soluto
1374 3465 1564 3528 grossorum
1584 3445 1692 3510 trium.

986 3611 1056 3660 Lex
1074 3609 1108 3663 V.

422 3725 602 3814 Discipulis
630 3722 923 3807 contubernalibus,
952 3724 1021 3790 sive
1047 3726 1082 3790 in
1109 3723 1318 3792 contubernio
1346 3726 1415 3792 sive
1443 3733 1538 3792 extra
1564 3725 1628 3793 boc
1653 3726 1757 3794 cibum

299 3829 486 3916 accepiant,
508 3835 700 3914 pernoctare
721 3824 799 3890 soris
820 3822 988 3906 nonlicet,
1011 3825 1075 3890 nisi
1095 3823 1157 3892 boc
1176 3835 1265 3892 certa
1285 3824 1326 3891 de
1348 3847 1448 3892 musa
1469 3835 1505 3891 at
1525 3825 1641 3892 liceret
1660 3850 1682 3892 a
1701 3849 1758 3893 suo

342 3931 478 4018 quisque
509 3926 670 4014 magistro·
697 3924 929 4012 impetraverit
968 3923 1238 4010 Delinquentibns
1270 3926 1305 3990 in
1333 3924 1395 3992 boc
1424 3925 1546 3992 mulcta
1575 3927 1758 4015 imponatur

342 4027 449 4117 grossi
469 4026 573 4109 unius,
599 4025 662 4090 nisi
687 4024 828 4090 ministri
849 4023 978 4090 brerint
1018 4024 1056 4090 In
1084 4023 1142 4092 bos
1165 4026 1250 4090 enim
1277 4023 1318 4090 ob
1346 4024 1408 4092 boc
1437 4024 1588 4092 delictum
1612 4025 1757 4093 animad-

342 4128 449 4194 versio
470 4133 606 4214 quatuor
629 4127 858 4212 magistrorum
879 4123 1053 4190 arbitraria
1071 4124 1141 4193 erit

982 4293 1050 4344 Lex
1068 4293 1119 4346 v1.

302 4422 336 4479 35
426 4407 599 4491 Rixamm,
627 4407 901 4491 criminationum,
930 4407 1174 4474 maledictorum
1201 4410 1284 4476 inter
1311 4408 1489 4497 discipulos
1515 4408 1760 4476 contubernales

343 4508 464 4576 mulcta
491 4516 559 4572 esto
587 4530 771 4594 grossorum
798 4506 951 4592 duorum,
981 4506 1039 4574 sed
1061 4508 1334 4592 contumeliarum,
1356 4509 1585 4594 infamationis,
1607 4509 1760 4597 pulsatio-

345 4632 422 4677 num
449 4607 594 4674 facinora
621 4607 766 4695 praesidi
787 4607 942 4695 primario
963 4608 1112 4696 primurn,
1134 4607 1259 4692 deinde,
1289 4610 1317 4674 si
1343 4631 1474 4676 necesse
1502 4609 1616 4694 fuerit,
1644 4608 1760 4676 rectori

346 4709 566 4776 universitatis
587 4717 717 4774 nostrae
735 4707 929 4774 indicantor.

974 4859 1043 4910 Lex
1060 4858 1129 4910 Vll.

306 4989 340 5047 ⁴0
432 4973 586 5060 Studiosi,
612 4972 770 5041 bonarum
791 4976 909 5042 artium
937 4995 1036 5039 causa
1055 4976 1253 5064 congregati,
1281 4973 1324 5040 ad
1348 4972 1479 5040 diverm
1500 4997 1570 5042 sese
1595 4975 1762 5065 applicare

347 5101 412 5147 non
434 5077 562 5164 debent,
591 5098 663 5143 eum
682 5075 841 5164 imperitis
869 5074 995 5157 barum,
1019 5071 1193 5159 dissolutis,
1221 5074 1391 5162 flagitiosis
1417 5097 1458 5142 ue
1484 5075 1760 5160 commisceantur,
