3748 6070
526 485 622 564 Zweite
640 487 905 550 Ststutenrsdsctiou‚
925 502 977 540 ron
998 485 1170 540 rste-1465.
1495 491 1555 554 339

166 707 220 771 66.
244 721 292 768 DE
314 719 568 768 msrursclorm
590 720 881 770 BACCALARIORUM
900 721 946 768 Er
968 721 1016 768 DE
1039 720 1153 768 ΡΟΕΝΑ
1175 719 1247 768 NON
1268 719 1526 768 DISPUTANCIUM

695 821 741 868 ET
762 819 997 872 saeuascwsi.

631 956 691 1019 Vgl.
708 970 735 1022 p.
753 955 791 1006 St
809 955 849 1016 26,
867 957 882 1005 5
902 971 927 1007 u.
947 957 1015 1005 oben
1033 955 1073 1007 38.

215 1085 301 1150 Item
320 1086 437 1173 placet,
460 1085 547 1175 quod
568 1085 703 1174 quilibet
723 1085 928 1151 baccalarius
950 1088 982 1151 in
1006 1084 1130 1150 artibus
1158 1093 1284 1149 tenetur
1305 1086 1339 1148 in
1361 1083 1473 1150 ordine
1500 1108 1557 1150 suo

127 1184 181 1249 die
206 1183 372 1250 dominico
395 1184 572 1271 disputare,
600 1209 698 1273 quam
720 1184 978 1272 disputacionem
1001 1185 1142 1250 decanus
1171 1193 1297 1248 tenetur
1324 1183 1387 1248 sibi
1416 1185 1459 1248 ad
1486 1195 1557 1249 octo
1583 1195 1599 1248 5

126 1283 199 1348 dies
225 1293 302 1348 aute
324 1307 383 1370 per
404 1283 558 1349 famulum
579 1286 800 1349 universitatis
822 1286 980 1368 intimare,
1009 1285 1067 1350 sub
1089 1307 1195 1371 poena
1222 1284 1333 1348 decem
1361 1307 1557 1369 grossorum,

125 1405 210 1472 quos
245 1383 388 1450 decanus
420 1383 480 1448 sub
512 1409 569 1450 suo
600 1387 782 1450 iuramento
812 1394 938 1450 tenetur
966 1387 1111 1470 rigorose
1141 1393 1333 1470 extorquere
1364 1383 1405 1448 ab
1437 1384 1558 1448 eodem.

125 1481 245 1547 Nullus
285 1485 388 1548 eciam
422 1483 626 1550 baccalarius
664 1485 708 1550 ad
743 1494 942 1570 temptamen
980 1508 1040 1572 pro
1079 1483 1185 1570 gradu
1217 1485 1397 1568 magisterii
1431 1483 1559 1547 admitti

127 1582 265 1666 debeat,
294 1585 358 1648 nisi
378 1585 412 1647 in
434 1585 637 1648 consciencia
662 1606 722 1649 sua
748 1582 851 1666 dicat,
880 1584 967 1671 quod
994 1586 1085 1672 prius
1112 1585 1146 1648 in
1178 1601 1250 1648 xxx
1281 1583 1558 1668 disputacionibus

127 1683 308 1748 ordinariis
330 1681 589 1748 baccalariorum
610 1681 782 1768 arguebat,
807 1683 835 1747 si
854 1682 961 1747 locum
983 1681 1141 1769 arguendi
1160 1682 1280 1746 habere
1301 1683 1413 1768 potuit.
1570 1692 1600 1746 10

256 1872 304 1934 67.
324 1885 371 1934 DE
394 1885 540 1933 sturmo
560 1883 852 1933 BACCALARIORUM
873 1885 1114 1934 PRAESENCIUM
1136 1885 1182 1932 Er
1202 1884 1437 1932 ARGUENCIUM.

217 2017 300 2083 Item
327 2017 445 2104 placet,
468 2018 555 2104 quod
578 2037 624 2082 xv
644 2016 822 2082 baccalarii
851 2020 1003 2100 seniores,
1031 2017 1145 2084 diebus
1167 2017 1336 2082 dominicis
1358 2018 1391 2081 in
1414 2017 1558 2104 disputa-

129 2119 224 2182 cione
252 2116 512 2182 baccalariorum
543 2127 740 2205 praesentes,
769 2116 910 2182 habeant
937 2118 1071 2205 quilibet
1092 2124 1112 2184 2
1133 2141 1264 2202 grossos
1294 2119 1452 2202 antiquos,
1479 2140 1559 2203 quos

131 2215 339 2282 bacealarius
362 2217 532 2302 disputans
561 2215 783 2304 praesentabit
809 2217 930 2281 eisdem
959 2217 1073 2282 eodem
1102 2217 1154 2282 die
1176 2217 1237 2281 sub
1265 2239 1372 2303 poena
1392 2225 1411 2286 8
1433 2239 1558 2302 grosso-

129 2319 228 2380 rum.¹
1570 2326 1601 2380 ¹5

340 2473 391 2536 68.
413 2485 473 2544 om
495 2485 730 2534 ssccumruus
753 2485 917 2534 rsasrun
937 2485 1131 2532 orsrursss
1153 2485 1351 2534 oaomsam.

713 2620 775 2684 ugr.
792 2637 816 2671 a.
835 2621 871 2671 st.
891 2621 932 2686 rs,
951 2622 975 2672 2.

216 2751 297 2816 Item
321 2750 457 2838 quilibet
477 2751 736 2817 hescalariorum
756 2753 791 2815 in
812 2751 936 2816 artibus
958 2759 1084 2815 tenetur
1106 2749 1273 2838 disputare
1295 2754 1328 2816 in
1352 2751 1465 2817 ordine
1493 2776 1561 2837 suo,

136 2861 175 2933 et,
199 2853 227 2916 si
251 2853 285 2915 in
308 2850 433 2917 artibus
453 2875 518 2916 non
540 2851 711 2933 sorduerit,
739 2874 841 2938 aeque
861 2850 943 2915 bene
970 2852 1004 2914 in
1025 2850 1138 2916 ordine
1160 2874 1218 2916 suo
1238 2861 1364 2918 tenetur
1384 2852 1562 2940 disputare,

136 2949 241 3016 donec
258 2949 423 3016 biennium
444 2950 664 3037 compleverit,
688 2949 748 3016 sub
771 2973 877 3036 poena
897 2951 1088 3036 praemissa.
1570 2961 1603 3017 20

311 3139 361 3200 69.
382 3151 428 3198 os
449 3152 762 3200 orsrumcrormus
783 3150 1101 3198 nxrnaonomssrrs
1124 3148 1383 3198 morsrsoauu.

739 3269 800 3332 Vgl.
818 3284 842 3321 s.
861 3269 899 3318 St.
920 3267 959 3318 15.

216 3386 300 3470 Item
333 3382 456 3470 placet,
494 3381 581 3467 quod
613 3380 750 3468 quilibet
785 3391 950 3468 promotus
986 3382 1029 3446 ad
1065 3381 1202 3468 gradum
1239 3385 1418 3470 magisterii
1455 3389 1560 3453 occies

136 3483 398 3549 extraordinarie
424 3483 509 3547 infra
530 3483 669 3568 primum
692 3503 809 3545 annum
837 3503 915 3546 suae
934 3483 1132 3567 incopcionis
1154 3483 1297 3568 disputet
1316 3492 1361 3562 et,
1389 3494 1560 3574 antequam

136 3582 321 3649 huiusmodi
353 3581 595 3669 disputaciones
627 3581 852 3668 compleverit,
885 3579 927 3644 ad
957 3580 1128 3646 consilium
1159 3581 1323 3647 facultatis
1353 3607 1418 3649 nou
1447 3585 1602 3653 admit-25

132 3693 227 3748 tatur.

259 3839 306 3902 70.
330 3849 503 3910 unoculus
523 3848 783 3897 PROMOVENDUS
804 3848 839 3894 IN
860 3848 1008 3896 ARTIBUS
1029 3849 1192 3896 'I'ENETUR
1212 3849 1449 3900 RESPONDERE.

220 3965 304 4030 Item
335 3964 421 4052 quod
453 3963 616 4052 simplices
649 3963 831 4046 studentes,
863 3962 906 4027 od
941 3963 1078 4050 gradum
1108 3963 1347 4031 baecalariatus
1376 3968 1408 4030 in
1438 3967 1563 4034 artibus

140 4065 325 4152 promoveri
346 4063 500 4146 volentes,
528 4064 563 4127 in
582 4074 679 4128 antea
702 4063 807 4126 sexies
830 4061 948 4126 debent
969 4062 1166 4150 respondere
1188 4065 1351 4130 ordinarie
1376 4077 1407 4132 et
1429 4068 1562 4133 totidem

137 4163 398 4230 extraordinarie
424 4172 492 4227 tam
514 4164 679 4249 magistris
708 4184 805 4249 quum
831 4159 1037 4244 baccalariis,
1064 4160 1178 4227 diebus
1201 4163 1371 4229 dominicis
1392 4165 1445 4230 vel
1468 4176 1604 4232 extra30

138 4261 378 4353 disputantibus
398 4273 469 4347 etc,
489 4272 524 4327 ut
544 4285 652 4350 supra.

313 4435 364 4494 71.
386 4447 465 4507 oms
485 4447 602 4494 osser
621 4445 703 4494 asse
722 4443 1034 4493 mcouussosros
1055 4446 1385 4497 usersrassooaun.

723 4563 782 4626 Vgl.
804 4579 827 4612 a.
845 4563 883 4614 St.
902 4563 943 4625 23,
961 4565 984 4614 5.

220 4681 303 4746 Item
317 4678 534 4765 magistrandi
552 4676 674 4742 nullum
691 4677 813 4764 eligant
834 4681 868 4743 in
888 4678 1219 4746 recommendatorem
1243 4705 1353 4748 eorum
1374 4683 1438 4746 nisi
1459 4691 1560 4747 recto·

140 4801 215 4864 rem,
245 4782 274 4846 si
294 4781 394 4845 fuerit
419 4778 459 4846 de
480 4778 615 4843 consilio
637 4777 815 4862 facultatis,
845 4780 873 4842 si
893 4799 971 4842 vero
992 4799 1057 4844 non
1084 4781 1181 4846 fuerit
1202 4781 1242 4847 de
1269 4781 1401 4846 consilio
1426 4780 1601 4846 faculta-35

139 4880 189 4963 tis,
211 4891 287 4945 tune
310 4878 430 4966 eligant
452 4877 610 4943 decanum
631 4877 794 4943 facultatis
816 4877 970 4944 eiusdem.

218 5151 228 5200 1
251 5145 308 5200 Die
324 5143 423 5200 wore
438 5145 488 5198 sub
502 5161 595 5214 poma
612 5147 627 5198 8
646 5161 802 5213 pressorum
819 5145 948 5200 sebeinen
964 5144 1156 5218 naehtrtglieh
1176 5143 1357 5215 binzugefiigt
1373 5163 1407 5200 ru
1425 5146 1490 5202 sein.

1331 5239 1390 5299 22*
