3748 6070
606 501 657 554 Dis
674 501 793 558 8111111011
813 519 876 556 rom
895 505 977 558 labro
998 503 1069 560 toto,

318 855 342 906 5.
361 856 422 904 utu
441 854 632 908 susumus
650 849 721 910 aba
738 859 802 909 mu
820 857 1028 921 mutuamus
1046 857 1124 910 volt
1141 859 1258 912 JAHRE
1279 859 1364 912 11128.1

127 1017 236 1067 uncus
264 1019 310 1067 ur
338 1017 638 1070 cousrmurrouus
666 1021 714 1070 ua
741 1023 823 1072 vrrn
850 1025 896 1070 ar
923 1023 1076 1072 uoumus
1103 1023 1360 1084 mqummoauu
1388 1021 1553 1070 couuucn

166 1120 196 1166 s.
216 1117 368 1168 vrucuus
388 1120 516 1168 naama
539 1121 707 1181 quaaruu
726 1121 928 1171 saccorum
948 1123 993 1170 ur
1013 1107 1293 1189 cocuruamrss,
1316 1122 1410 1171 auso
1432 1122 1511 1171 msc

571 1219 709 1270 cuursrr
730 1205 882 1292 Σωτῆρος
903 1221 1099 1272 uuoxxvm.

667 1366 712 1456 [S.
736 1366 766 1458 1]
789 1387 1006 1438 ruooamuu.
1575 1375 1592 1430 5

205 1499 288 1567 (lum
310 1499 509 1589 reipublicae
530 1523 570 1567 ac
591 1503 857 1570 communitatum
879 1525 1144 1591 quarumcunque
1164 1504 1229 1568 sint
1242 1501 1374 1568 vinorrla
1394 1522 1434 1566 ac
1449 1495 1550 1564 veluti

125 1601 214 1666 nervi
241 1599 343 1684 leges,
369 1601 473 1666 visum
497 1609 547 1664 est
572 1601 766 1685 faciendum,
793 1611 828 1667 ut
851 1604 961 1690 capita
984 1603 1144 1691 quaedam
1166 1611 1327 1668 certamm
1350 1598 1550 1666 constitutio·

124 1721 208 1783 uum,
227 1697 346 1786 quibus
366 1697 516 1785 inquilini
536 1699 663 1785 collegii
689 1699 784 1766 huius
805 1712 1000 1784 tenerentur,
1029 1712 1103 1790 post
1128 1702 1227 1767 duum
1247 1709 1457 1780 mercatuum,
1476 1718 1548 1762 ver·

25 1878 29 1886 ,
123 1797 203 1864 nulis
223 1799 377 1864 nimirum
398 1807 429 1863 et
450 1798 655 1882 autumnalis,
678 1799 777 1866 ferias
798 1801 1022 1882 recitarentur,
1043 1824 1107 1888 quo
1129 1801 1179 1868 sui
1199 1801 1337 1890 quisque
1358 1797 1456 1865 officii
1476 1794 1548 1860 dili·

122 1899 247 1982 gentius
267 1895 502 1963 admoueretur.
545 1897 597 1963 Ea
617 1907 701 1982 suut,
723 1921 806 1987 quae
828 1908 1014 1986 sequuntur.
1559 1901 1591 1958 10

621 2080 669 2129 ua
691 2080 849 2130 suasores
869 2081 1049 2144 mqumuu.

735 2199 902 2252 statutum
921 2201 943 2252 Ι.

206 2313 401 2399 Quicunque
422 2311 602 2378 conducero
621 2311 708 2378 volat
727 2315 761 2378 in
782 2313 843 2380 hoc
863 2313 998 2401 collegio
1019 2314 1262 2398 habitationem,
1283 2313 1369 2380 bunc
1391 2309 1435 2401 [2]
1457 2311 1551 2380 nolu·

123 2436 190 2479 mus
219 2411 274 2478 vel
303 2433 345 2476 cx
373 2410 437 2476 alio
458 2422 551 2478 coetu
578 2411 764 2478 academico
786 2413 953 2478 exclusum
980 2414 1200 2500 relegatumve
1227 2414 1279 2479 vel
1305 2423 1418 2479 nostro
1444 2412 1551 2478 aliove

123 2513 256 2599 collegio
291 2512 438 2576 eiectum.
480 2510 638 2577 Nolumus
667 2513 764 2578 etiam
792 2511 920 2578 admitti
946 2513 1097 2578 infamem
1125 2511 1314 2578 criminibus
1340 2513 1548 2601 compotatio·
1561 2520 1592 2576 15

122 2635 207 2695 num,
227 2608 389 2694 ludorum,
410 2609 604 2676 tumultuum
618 2609 830 2676 nnbarunve
849 2611 997 2695 ullarum,
1019 2613 1088 2678 sive
1110 2613 1163 2676 cui
1178 2611 1369 2677 inimicitiae
1383 2611 1550 2676 evidentes

127 2720 294 2798 etgraves
313 2709 378 2773 sint
398 2731 472 2774 cum
494 2709 603 2798 aliquo
622 2733 663 2775 ex
685 2710 818 2797 collegis
840 2721 872 2776 et
894 2710 1033 2776 dominis
1055 2711 1171 2777 harum
1193 2710 1332 2776 aedium.

201 2809 279 2874 Erit
299 2809 399 2894 igitur
420 2807 555 2874 idoneus
576 2808 752 2897 inquilinus
774 2811 915 2897 primum
936 2812 975 2893 is,
1004 2811 1059 2900 qui
1086 2811 1217 2898 pietatis
1243 2820 1275 2874 et
1295 2831 1394 2876 verae
1420 2809 1550 2897 religio·

125 2911 173 2975 nis
203 2930 330 2990 amans,
358 2909 450 2993 pacis
477 2915 510 2972 ct
531 2905 690 2973 bonarum
718 2911 837 2974 artium
864 2908 1039 2992 studiosus,
1067 2909 1259 2997 tranquillus
1282 2932 1321 2974 ac
1342 2908 1470 2976 sobrius
1494 2920 1552 2974 est

125 3007 253 3075 Deinde
284 3007 377 3070 cuius
404 3029 521 3072 nomen
547 3008 581 3071 in
611 3006 695 3073 libro
719 3009 854 3073 rectoris
885 3007 1073 3073 academiae
1101 3010 1318 3096 perscriptum
1347 3009 1403 3091 sit,
1432 3008 1593 3096 quique20

123 3115 371 3196 praeceptorem
402 3102 624 3193 secun[3]dum
654 3104 840 3172 academiae
872 3115 992 3172 statuta
1023 3107 1187 3195 privatum
1217 3107 1352 3188 habeat,
1385 3105 1437 3172 vel
1469 3105 1551 3172 alias

122 3207 252 3296 publice
273 3203 424 3270 docentes
448 3203 619 3292 diligenter
640 3205 762 3288 audiat,
787 3216 818 3271 et
839 3205 879 3270 de
901 3229 963 3292 quo
985 3206 1071 3271 bona
1092 3227 1166 3292 spes
1190 3207 1246 3290 sit,
1273 3204 1359 3294 quod
1386 3203 1552 3272 advitam

123 3326 295 3392 moresque
317 3312 348 3368 et
371 3303 479 3370 studia
501 3305 624 3370 attinet.
664 3303 730 3385 Qui
749 3328 827 3370 vero
849 3305 934 3369 ultra
954 3327 1108 3386 mensem,
1136 3305 1325 3391 priusquam
1347 3303 1466 3370 rectori
1487 3305 1551 3370 ius·

121 3403 295 3472 iurandum
317 3401 446 3486 dixerit,
472 3405 506 3468 in
527 3403 578 3468 his
599 3402 734 3468 aedibus
756 3403 963 3486 habitaverit,
988 3413 1043 3469 aut
1064 3402 1172 3486 talem,
1200 3404 1256 3490 qui
1284 3401 1372 3488 apud
1393 3412 1551 3468 rectorem

122 3527 237 3572 nomen
260 3524 353 3567 suum
375 3524 441 3566 non
460 3503 624 3590 professus
647 3511 705 3584 est,
728 3501 816 3590 apud
838 3525 872 3567 se
885 3501 1034 3568 habitare
1052 3525 1168 3590 passus
1190 3501 1295 3584 fuerit,
1315 3503 1409 3566 unius
1428 3499 1591 3567 ioacbi-25

123 3605 197 3670 mici
220 3600 377 3667 mulctam
398 3601 515 3666 solvito
538 3612 595 3666 aut
616 3624 657 3666 ex
678 3601 813 3688 collegio
834 3600 1025 3667 excluditur.

202 3700 357 3786 Denique
384 3701 435 3763 cui
465 3699 575 3786 aliqua
599 3699 758 3766 habitatio
785 3699 954 3784 locabitur,
985 3699 1038 3765 ille
1068 3700 1223 3788 stipulata
1249 3723 1347 3766 manu
1375 3698 1551 3787 promittet,

120 3826 153 3868 se
163 3801 302 3868 honeste
321 3820 392 3862 cum
405 3797 515 3864 debita
536 3798 756 3866 moderatione
775 3809 806 3864 et
827 3797 1057 3888 reveren[4]tia
1077 3822 1156 3886 erga
1176 3822 1298 3883 omnes,
1319 3809 1387 3864 tum
1401 3798 1549 3865 dominos

119 3903 236 3967 harum
259 3896 388 3963 aedium
416 3905 485 3962 tum
507 3897 680 3986 inquilinos
702 3896 797 3964 huius
820 3898 957 3986 collegii,
977 3901 1099 3982 vivere,
1128 3899 1309 3987 praepositi
1335 3910 1368 3965 et
1393 3899 1552 3964 curatoris

118 4011 173 4067 aut
195 4001 267 4065 eius
289 3997 377 4062 vices
399 3997 542 4083 gerentis
564 3997 750 4063 auctoritati
771 4021 811 4062 ac
833 3999 964 4062 monitis
985 4022 1050 4064 non
1069 3999 1231 4086 refragari
1252 4007 1285 4064 et
1312 4021 1434 4086 poenas
1456 3999 1593 4064 meri-³0

117 4113 177 4185 tas,
206 4099 235 4164 si
263 4117 344 4184 quas
373 4096 554 4180 incurrerit,
584 4098 653 4163 sine
680 4095 882 4163 recusatione
910 4099 1069 4162 sustinere
1095 4097 1193 4164 velle:
1223 4120 1263 4162 ac
1292 4099 1437 4185 insuper,
1465 4097 1552 4186 quod

204 4336 217 4387 1
241 4325 487 4384 Wuhrscheinlich
510 4328 549 4382 im
567 4327 693 4401 Original
716 4325 854 4400 erhaltsn,
878 4327 984 4384 22311,
1007 4327 1111 4400 Papier
1132 4326 1216 4398 (nach
1237 4325 1334 4384 Seiteu
1356 4328 1480 4402 genithlt,
1500 4330 1552 4386 mit

118 4413 283 4472 Ausnahme
303 4411 351 4466 des
368 4409 563 4486 Titelblattes),
586 4412 616 4468 in
633 4413 802 4486 Pergament
826 4411 981 4484 gabundan.
1019 4411 1117 4468 Zaerst
1141 4411 1279 4484 gedrnclrt
1299 4411 1328 4466 in
1352 4413 1401 4470 der
1422 4415 1493 4470 oben
1510 4431 1551 4472 sr-

117 4499 248 4555 wiihnteu
266 4493 380 4564 Schrift,
405 4493 433 4550 S.
455 4499 564 4564 38-11,
588 4513 643 4552 rou
668 4496 721 4550 mir
744 4495 818 4565 aber,
840 4495 890 4550 wie
913 4495 981 4551 alles
1000 4493 1199 4565 Vorsteheude,
1222 4513 1272 4550 aus
1296 4495 1346 4552 der
1368 4497 1552 4554 Hsndschrift

117 4585 203 4641 selbst
225 4579 461 4652 berausgegeben.
498 4577 612 4634 Obwohl
635 4579 679 4634 dia
698 4579 874 4652 vorlicgcude
897 4579 1052 4635 Redactiou
1077 4577 1120 4633 ins
1143 4577 1216 4634 Jnhr
1235 4583 1298 4636 1628
1321 4579 1398 4652 111111,
1421 4601 1451 4637 so
1469 4581 1550 4636 stand

116 4669 163 4724 ich
179 4664 255 4722 doch
272 4663 351 4719 nicht
367 4680 411 4730 an,
436 4663 477 4718 sio
492 4663 553 4719 hier
570 4663 779 4733 aufruuehmen,
799 4661 900 4719 einmal
917 4663 954 4718 da
971 4663 1010 4718 sie
1030 4661 1090 4718 sich
1108 4663 1149 4718 ala
1174 4671 1331 4734 quartum
1347 4667 1488 4736 recoqnttc
1504 4665 1550 4721 be

116 4751 253 4817 aeichnet,
273 4747 332 4802 also
349 4747 380 4801 in
396 4747 475 4802 ihren
488 4745 638 4818 Anfflngen
656 4746 757 4803 htichst
770 4745 998 4804 wabncheinlich
1015 4745 1058 4800 bis
1077 4745 1106 4800 in
1122 4745 1168 4803 dis
1185 4747 1245 4803 hier
1260 4747 1422 4804 behandclta
1435 4749 1551 4804 Perinde

116 4831 316 4894 anriickreicht
338 4833 422 4900 (ctwa
443 4830 486 4886 ins
503 4829 576 4886 Jahr
597 4831 699 4904 15181),
721 4832 828 4888 1011111111
845 4830 906 4888 weil
928 4847 979 4886 aus
999 4832 1081 4901 jener
1102 4830 1192 4887 ultam
1211 4831 1342 4903 Zeitgar
1359 4831 1550 4888 1111081111-

115 4929 165 4979 tan
184 4919 256 4976 fiber
272 4916 324 4970 das
336 4913 488 4971 Verbaltcn
507 4914 556 4972 der
573 4915 734 4986 Inquilinen
751 4915 803 4970 auf
817 4934 869 4970 uns
886 4915 1051 4986 getremmon
1068 4915 1139 4970 sind.
1169 4914 1232 4970 Aus
1244 4915 1290 4970 die
1306 4914 1454 4972 theilwcisc
1469 4918 1550 4972 stitt-

116 5004 191 5062 liehc
202 4998 495 5072 Uebcrcinstimmung
512 4999 564 5054 mit
582 4999 636 5054 den
652 4999 937 5071 Inquilinenstatuten
955 4997 1004 5054 des
1023 5015 1138 5070 grossus
1157 4999 1213 5054 und
1233 4998 1344 5055 kleinen
1356 4998 1466 5070 Collega
1481 4998 1548 5072 (ng

116 5089 189 5146 obcn
209 5084 239 5141 S.
258 5087 308 5140 218
328 5079 367 5154 ig.
385 5083 442 5138 und
461 5083 488 5139 S.
506 5087 553 5140 261
572 5081 624 5154 fg.)
642 5085 752 5153 gcntige
769 5101 799 5138 es
816 5081 1002 5139 anfmmksum
1017 5083 1148 5153 gemacht
1164 5101 1199 5138 zu
1215 5082 1314 5138 haben,

204 5175 221 5226 2
239 5165 278 5225 So
295 5166 369 5223 steht
386 5165 574 5239 geachrisben.
