3788 6078
706 512 756 564 Dis
775 513 885 563 tltcsten
904 511 1032 564 Statuten.
1526 499 1587 566 555

169 700 391 788 quaestionem
412 704 582 786 proponat,
604 704 635 760 et
656 693 737 760 alter
756 696 912 761 terminos
934 693 1125 782 exponendo
1148 695 1275 777 arguat,
1298 689 1342 754 ad
1364 694 1474 771 partes
1493 687 1584 752 cuius

168 800 251 866 alius
283 798 324 865 de
356 797 535 864 iunioribus
569 796 735 882 magistris
767 796 961 884 respondeat
991 795 1100 884 aliquo
1122 793 1217 860 modo
1241 793 1425 881 oppositum
1446 786 1585 855 tenendo

165 900 212 966 illi
234 899 402 986 magistro,
422 897 476 985 qui
498 896 590 984 prius
611 895 654 962 ad
674 894 810 962 eandem
839 897 1061 981 quaestionem
1091 893 1266 980 rospondit
1310 891 1384 973 Qui,
1413 899 1585 976 postquam

165 1020 349 1086 proponens
370 1005 484 1062 contra
504 999 573 1062 eius
596 995 684 1064 dicta
704 997 902 1084 opposuerit,
925 996 966 1060 de
986 996 1196 1082 responsione
1222 992 1265 1057 ad
1293 998 1485 1078 argumenta
1512 984 1586 1050 sub·

165 1107 312 1187 portatus
340 1095 508 1162 habeatur.
548 1097 629 1162 Item
658 1093 886 1162 conducendus
914 1107 963 1160 est
998 1091 1238 1175 licenciandus,
1279 1086 1515 1177 vesperiandus
1552 1093 1584 1149 et
1611 1093 1628 1146 5

165 1196 323 1265 aulandus
346 1195 389 1261 ad
409 1196 481 1263 loca
502 1195 631 1262 illorum
655 1206 784 1262 actuum
804 1204 837 1260 et
860 1193 902 1261 ab
925 1193 1000 1261 inde
1029 1193 1231 1262 reducendus
1262 1200 1310 1256 est
1331 1212 1390 1284 per
1413 1186 1588 1272 magistros

166 1307 198 1364 et
217 1294 420 1364 baccalarios
440 1297 476 1362 in
496 1299 622 1384 cappis.

488 1499 536 1562 to.
556 1516 603 1564 nu
625 1513 789 1563 rnurons
811 1517 1054 1568 vssrnuuuuu
1077 1516 1122 1562 nr
1144 1515 1267 1563 sonan.

250 1647 332 1714 Cum
356 1646 449 1712 multi
470 1645 632 1714 licenciati
654 1651 782 1732 fuerint,
805 1651 929 1736 primus
948 1649 1080 1716 habebit
1102 1649 1227 1737 primos
1247 1659 1313 1712 tres
1335 1669 1461 1712 menses
1484 1669 1504 1710 a
1524 1644 1587 1709 fine

165 1747 249 1812 Iunii
272 1745 475 1832 incipiendo,
508 1747 668 1812 sccundus
692 1757 829 1836 quatuor
858 1759 890 1814 ct
911 1752 1030 1814 tercius
1060 1751 1199 1836 quinque
1223 1756 1254 1813 et
1275 1749 1322 1812 sic
1343 1754 1585 1829 consequenter,
1600 1751 1629 1805 10

168 1847 318 1911 continue
349 1867 413 1910 unc
447 1869 558 1913 mense
589 1845 782 1935 super[t3²]
792 1847 913 1914 addito.
956 1848 1001 1913 Et
1021 1850 1214 1935 quicumque
1241 1849 1325 1912 iufra
1345 1869 1438 1910 suum
1458 1855 1587 1930 tempus

163 1969 229 2010 non
251 1945 455 2031 processerit,
477 1948 505 2011 si
527 1969 663 2032 sequens
685 1970 755 2012 eum
778 1950 993 2034 praevenerit,
1015 1946 1130 2034 perdet
1150 1947 1255 2012 locum
1278 1970 1380 2012 suum.
1421 1945 1502 2010 ltem
1524 1951 1587 2008 sta-

164 2055 267 2109 tutum
287 2051 351 2124 est,
381 2044 484 2130 quod,
521 2047 549 2110 si
571 2047 604 2112 in
624 2046 762 2112 licencia
782 2055 906 2112 tantum
927 2069 1008 2112 unus
1030 2049 1136 2128 fuerit,
1172 2046 1264 2112 dabit
1284 2045 1469 2111 licencianti
1490 2065 1587 2108 unam

165 2164 364 2228 sexagenum
385 2165 542 2210 novorum
562 2169 766 2232 grossorum3
788 2148 815 2211 si
835 2156 902 2210 tres
932 2147 1062 2228 firerint,
1090 2146 1214 2213 dabtmt
1234 2145 1316 2236 duas
1337 2165 1530 2230 sexagenas,
1552 2150 1585 2206 ot

165 2245 212 2308 sic
233 2251 465 2327 consequenter
488 2244 691 2310 ascendendo
714 2267 787 2310 cum
807 2247 942 2311 fertone.
984 2247 1063 2312 Item
1092 2268 1277 2334 proponens
1304 2245 1521 2329 quaestionem
1551 2242 1585 2306 in
1599 2249 1629 2304 ts

165 2343 323 2428 vesperiis
344 2338 477 2406 habebit
505 2343 646 2408 mediam
675 2367 892 2430 sexagenum,
935 2347 1010 2412 item
1043 2369 1182 2432 arguens
1209 2348 1242 2410 in
1270 2345 1428 2430 vesperiis
1454 2340 1589 2408 hebebit

165 2441 348 2530 quindecim
370 2461 503 2525 grossos
521 2465 633 2524 novos,
653 2445 729 2508 item
752 2467 937 2530 proponens
957 2447 1177 2534 quaestionem
1198 2445 1232 2509 in
1253 2444 1328 2509 auls
1341 2442 1475 2508 habebit
1487 2463 1586 2506 unum

165 2541 320 2607 florenum
351 2539 587 2626 ungaricalem,
621 2543 698 2606 item
728 2543 928 2628 respondens
956 2544 1095 2610 sedecim
1122 2567 1269 2630 grossos,
1301 2545 1376 2606 item
1406 2541 1587 2606 contrarius

166 2641 375 2728 propositae¹
397 2641 577 2726 quaestioni
598 2640 774 2724 habebitur
790 2649 825 2710 18
848 2653 880 2708 et
900 2667 976 2708 suus
998 2643 1198 2730 respondens
1220 2640 1353 2708 habebit
1377 2649 1414 2708 14
1437 2656 1478 2723 pt.
1504 2639 1587 2704 Item

165 2739 302 2827 quilibet
324 2737 367 2803 ad
386 2740 608 2824 magisterium
629 2742 663 2805 in
692 2740 855 2826 theologia
884 2752 1051 2828 promotus
1081 2753 1208 2808 tenetur
1241 2743 1275 2806 in
1301 2741 1408 2826 prims
1436 2762 1496 2805 sua
1520 2736 1628 2801 lec-20

165 2841 258 2904 cione
279 2849 354 2924 post
373 2840 614 2924 promocionem
635 2839 676 2904 de
698 2851 864 2928 resumpta
884 2865 980 2907 unam
1008 2843 1048 2906 de
1077 2841 1338 2930 quaestionibus,
1368 2843 1400 2904 in
1426 2837 1501 2904 auls
1528 2859 1589 2902 sua

164 2939 325 3018 tractatis,
346 2935 532 3023 disputare3
554 2946 586 3002 et
608 2951 779 3026 antequam
801 2940 986 3006 huiusmodi
1007 2940 1264 3028 disputacionem
1286 2938 1505 3025 compleverit,
1527 2957 1587 3000 nec

166 3060 225 3124 pro
253 3045 328 3102 actu
353 3049 486 3120 regente
513 3059 617 3123 neque
645 3037 687 3102 ad
715 3039 883 3104 consilium
908 3040 1073 3104 facultatis
1102 3040 1299 3104 admittatur.
1341 3038 1423 3102 Item
1450 3039 1484 3099 in
1513 3055 1587 3098 con-

166 3137 363 3222 gregacionc
384 3135 481 3222 plena
499 3133 585 3222 [13¹³]
608 3145 761 3200 statutum
779 3138 841 3203 fuit
863 3149 895 3202 et
915 3139 1101 3205 conclusum
1123 3136 1335 3211 concorditer,
1355 3133 1443 3200 nullo
1460 3141 1586 3197 contra·

165 3235 303 3316 dicente,
324 3233 410 3318 quod
431 3233 539 3299 nullus
569 3236 725 3320 magister
754 3237 787 3302 iu
814 3236 976 3324 theologia
1011 3237 1107 3303 debet
1136 3247 1191 3302 aut
1218 3243 1340 3322 potest,
1369 3232 1500 3299 debebit
1529 3237 1626 3294 aut25

165 3334 285 3421 poterit
303 3331 471 3420 disputare
493 3331 533 3396 de
556 3333 700 3420 quolibet
721 3335 755 3399 in
776 3334 942 3418 artibus2,
974 3337 1043 3400 sivo
1075 3336 1135 3400 hoc
1162 3335 1259 3400 fuerit
1288 3356 1346 3420 per
1369 3331 1585 3396 volomtariam

165 3433 365 3499 oblacionem
387 3453 444 3496 seu
463 3433 761 3517 praesentacionem
795 3435 863 3498 sive
895 3458 955 3521 per
984 3434 1179 3502 eleccionem
1207 3433 1371 3498 facultatis
1399 3432 1523 3497 arcium
1546 3427 1587 3492 de

163 3533 261 3612 facto,
283 3533 352 3595 sive
374 3531 514 3616 quavis³
534 3531 599 3596 alia
619 3533 674 3596 via
696 3532 830 3616 modo⁴,
867 3531 926 3598 sub
956 3532 1064 3616 debito
1093 3533 1241 3620 praestiti
1270 3531 1441 3597 iuramenti
1470 3537 1502 3593 ct
1528 3525 1587 3591 sub

165 3653 271 3718 poena
300 3629 411 3694 decem
440 3651 624 3695 marcarum
657 3632 729 3695 auri
757 3633 847 3718 puri,
889 3632 1157 3699 irremissibiliter
1188 3629 1413 3696 solvendarum
1441 3625 1587 3692 facudtati

165 3729 366 3814 theologicae
387 3727 431 3794 ad
451 3729 698 3817 requisicionem
719 3731 1032 3818 uniuscuiuscunque
1054 3733 1202 3817 magistri
1227 3730 1268 3796 de
1288 3727 1440 3794 facultate
1462 3725 1583 3792 theolo·
1595 3733 1629 3790 30

163 3831 247 3916 gica.
269 3829 387 3894 Amen.

735 4001 784 4060 20.
808 4014 854 4060 cn
876 4013 1024 4062 cucuso

248 4127 405 4191 Decanus
425 4125 593 4191 facultatis
615 4126 748 4193 habehit
769 4129 907 4213 primum
926 4127 1033 4194 locum
1056 4131 1090 4194 in
1112 4128 1260 4194 omnibus
1280 4127 1405 4194 actibus
1429 4140 1493 4194 tam
1516 4127 1584 4191 uni·

164 4225 329 4292 versitatis
350 4245 449 4310 quam
469 4223 642 4292 facultatis.

484 4428 535 4489 ⁸21.
554 4442 602 4490 nn
625 4442 725 4490 snmo
749 4443 1000 4491 mersrsouuu
1018 4443 1264 4492 comoriaco
1595 4433 1628 4486 ³5

248 4551 393 4636 Quilibet
413 4556 569 4642 magister
587 4557 621 4620 in
642 4555 806 4642 theologia
828 4557 960 4623 alterius
982 4559 1201 4624 universitatis
1216 4559 1369 4646 deinceps
1391 4559 1432 4623 ad
1452 4557 1585 4622 faculta-

163 4665 228 4721 tem
251 4653 466 4720 assumendus
488 4653 584 4720 debet
606 4654 727 4721 habere
749 4659 872 4722 senium
895 4681 988 4722 suum
1010 4681 1030 4722 a
1051 4668 1196 4744 tempore
1225 4659 1427 4745 accepcicnis
1450 4679 1511 4742 quo
1533 4654 1576 4719 ad

163 4825 229 4834 ..ι-ιι-

251 4925 260 4975 l
281 4917 468 4976 Geschricben
486 4917 559 4974 steht
576 4918 731 4974 contrarios
744 4922 895 4992 propositi.

247 5007 263 5058 2
280 5003 334 5058 Am
354 5002 452 5058 Raude
469 4999 644 5075 (unriohtig):
664 5003 799 5073 Mapistcr
816 5007 846 5059 ia
864 5005 1002 5076 cleotoyia
1018 5027 1073 5062 acu
1089 5008 1245 5080 drbpumdt't
1260 5007 1290 5060 fu
1304 5001 1513 5078 philosophiam.

247 5093 261 5138 3
281 5084 468 5146 Gesehriebcn
485 5085 559 5142 steht
575 5087 706 5158 qrmmois.

246 5175 262 5225 t
278 5169 337 5225 Vor
353 5171 435 5226 modo
451 5187 527 5224 muns
542 5189 590 5226 aar
606 5171 672 5228 oder
688 5190 723 5226 ae
739 5171 911 5245 anagefallen
929 5171 995 5226 sein
