3748 6070
286 435 348 500 266
863 433 918 488 ou
935 433 1136 500 musaeus..

288 612 467 700 praedicta,
495 623 528 678 et
554 613 640 702 quod
667 613 801 702 quilibet
828 637 947 696 eorum,
978 623 1009 679 et
1033 612 1120 700 quod
1147 593 1288 700 quilibet
1310 634 1477 681 successor
1501 611 1718 698 cuiuscunque

291 713 437 798 ipsorum
468 715 502 778 iu
533 713 668 800 collegio
694 713 808 778 eodem
835 712 1021 778 immediate
1048 721 1123 798 post
1150 735 1244 778 suam
1269 711 1458 778 electionem
1484 711 1585 774 iuret:
1624 707 1717 774 liber·

289 819 373 876 tates
396 813 536 878 nationis
559 834 637 878 suae
658 811 742 878 velle
769 811 941 878 defendere
963 821 996 877 et
1021 811 1142 878 bonum
1162 813 1314 894 nationis,
1342 809 1385 876 ad
1408 831 1633 896 quemcunque
1656 818 1718 874 sta-

288 919 355 974 tum
378 912 572 996 pervenerit,
595 932 780 997 procurare,
810 923 842 975 et
862 912 980 992 omnia,
1009 932 1091 996 quae
1111 909 1272 997 relinquet
1292 911 1327 974 in
1347 907 1465 990 studio,
1487 916 1718 994 postmortem

245 1018 262 1072 5
289 1030 382 1072 suam
409 1010 479 1074 sine
500 1008 574 1074 dolo
597 1020 629 1073 et
654 1009 769 1074 fraude
792 1008 932 1075 debeant
958 1030 1100 1091 manere,
1132 1018 1286 1096 qnantum
1316 1009 1350 1072 in
1377 1028 1415 1071 eo
1442 1017 1507 1088 est,
1534 1028 1596 1093 pro
1623 1026 1719 1093 prae-

289 1106 384 1172 dictis
407 1106 584 1194 collegiatis
607 1117 639 1172 et
660 1106 903 1173 successoribus
924 1129 1045 1172 couno.

372 1205 454 1272 Item
474 1206 557 1290 volo,
587 1205 675 1296 quod
702 1204 876 1292 collegium
898 1205 985 1272 istud
1013 1205 1165 1272 fundetur
1186 1207 1219 1272 in
1239 1207 1451 1272 universitate
1472 1202 1644 1290 Liptzensi
1665 1209 1721 1266 aut

290 1305 460 1392 Pragensi,
483 1307 511 1370 si
531 1307 628 1372 fuerit
648 1305 832 1386 reformata,
855 1313 887 1368 et
905 1303 1002 1389 quod,
1021 1304 1196 1370 decedente
1210 1328 1274 1370 uno
1288 1308 1435 1393 ipsorum
1450 1314 1506 1369 aut
1521 1304 1720 1387 resignante,

288 1402 344 1469 alii
366 1401 509 1469 habeant
529 1403 650 1490 eligere
669 1405 704 1468 in
730 1402 834 1468 locum
864 1425 959 1468 suum
981 1403 1080 1469 alium
1101 1404 1142 1468 de
1164 1403 1278 1468 eadem
1308 1405 1487 1490 provincia,
1510 1401 1551 1466 ds
1572 1421 1641 1487 qua
1659 1401 1721 1464 fuit

250 1501 449 1568 lodeoedsns
478 1513 534 1568 aut
562 1505 744 1589 resignans,
774 1504 822 1566 sio
848 1511 967 1584 umen,
997 1503 1084 1588 quod
1114 1525 1196 1568 unus
1223 1505 1379 1590 magister
1400 1502 1441 1568 ds
1463 1501 1572 1568 Slesia
1595 1499 1720 1588 praesi-

289 1600 387 1684 debit,
410 1602 465 1688 qui
486 1600 611 1668 adhoc
631 1623 691 1688 per
712 1603 875 1666 nationem
896 1609 1042 1666 nostram
1063 1602 1161 1668 firerit
1183 1601 1365 1688 deputatus.

368 1699 450 1765 Item
470 1699 554 1781 volo,
584 1699 679 1788 quod,
708 1698 964 1788 quandocunque
989 1699 1107 1784 aliquis
1128 1699 1256 1766 illorum
1277 1699 1522 1787 collegiatorum
1543 1697 1644 1763 inerit
1664 1695 1721 1764 ab·

287 1819 363 1862 sens
383 1797 470 1864 ultra
488 1819 632 1862 mensem
652 1799 688 1863 in
709 1820 774 1864 uno
796 1819 891 1880 anno,
919 1797 1005 1886 quod
1027 1809 1104 1864 tunc
1126 1799 1208 1865 alius
1231 1801 1387 1886 magister
1407 1807 1501 1863 extra
1521 1795 1604 1862 illud
1626 1795 1720 1861 colle

286 1899 375 1981 gium
395 1895 515 1962 habeat
534 1919 626 1962 usum
648 1897 808 1962 fructuum
829 1896 974 1962 absentis
996 1905 1028 1962 st
1048 1896 1174 1964 laboret
1195 1921 1257 1985 pro
1279 1898 1402 1964 eodem.

249 2004 278 2058 15
370 1995 453 2059 Item
475 1995 562 2082 quod
584 1994 718 2082 quilibet
740 2017 849 2061 eorum
871 1995 1007 2080 singulis
1028 1995 1142 2061 diebus
1164 2007 1235 2062 oret
1258 2019 1389 2062 cursum
1411 1995 1451 2060 de
1472 1993 1570 2059 bete
1580 1994 1720 2080 virgins,

287 2103 319 2157 et
338 2092 473 2178 quilibet
494 2117 614 2172 eornm,
642 2095 699 2183 qui
719 2095 816 2160 fuerit
844 2094 1025 2181 presbyter,
1054 2095 1143 2180 legat
1171 2097 1206 2160 in
1233 2095 1379 2182 qualibet
1407 2095 1593 2182 septimana
1621 2115 1720 2160 unam

286 2193 419 2258 missam
440 2191 673 2275 defimctorum,
702 2200 735 2256 et
762 2215 826 2258 non
854 2193 1028 2279 presbyter
1055 2193 1155 2260 semel
1176 2193 1308 2279 vigilias
1330 2200 1350 2261 9
1370 2193 1545 2260 lectIonum
1567 2215 1630 2279 pro
1650 2193 1719 2256 fun-

290 2289 458 2358 datoribus
481 2303 512 2357 et
533 2291 607 2358 aliis
626 2292 887 2359 benefactoribus
909 2291 1070 2378 praedicti
1091 2292 1219 2378 collegii
1241 2293 1377 2360 mortuis
1399 2302 1432 2356 et
1452 2291 1623 2356 delirnctis.

371 2389 452 2456 Item
474 2391 563 2478 quod
593 2391 730 2476 quilibet
751 2414 862 2458 eorum
884 2391 997 2456 audiat
1018 2390 1171 2456 lectiones
1194 2393 1228 2456 in
1257 2415 1352 2458 sacra
1378 2390 1543 2474 theologia
1571 2399 1605 2456 et
1630 2388 1721 2454 labo-

246 2497 340 2554 borst
360 2489 395 2554 in
415 2489 551 2572 artibus,
572 2512 675 2577 usque
698 2513 761 2576 quo
784 2491 950 2576 contingat
971 2512 1042 2556 eum
1061 2490 1172 2576 legere
1193 2493 1377 2556 sententias.
1407 2487 1453 2556 Et
1471 2489 1571 2554 linitis
1594 2497 1720 2554 senten-

286 2588 341 2652 tiis
369 2586 536 2672 praedicet
561 2588 614 2652 vel
641 2587 731 2672 legat
757 2589 791 2652 in
818 2611 912 2654 saera
940 2588 1114 2674 theologia,
1144 2589 1320 2656 secundum
1349 2587 1435 2676 quod
1462 2586 1629 2653 videbitur
1657 2586 1721 2652 sibi

287 2684 451 2772 expedire.

370 2785 453 2850 Item
481 2785 568 2872 quod
596 2786 704 2850 senior
726 2784 900 2872 presbyter
928 2784 970 2854 de
995 2785 1104 2852 Sleaia
1130 2787 1165 2852 in
1192 2785 1307 2854 eodem
1334 2784 1470 2872 eollegIo
1496 2783 1618 2850 habeat
1647 2783 1721 2850 reli·

287 2887 380 2971 quies
409 2905 499 2948 meas
533 2895 565 2950 et
597 2883 731 2950 calicem
761 2883 805 2950 ad
835 2885 953 2966 vitam,
987 2895 1019 2951 et
1053 2896 1126 2973 post
1157 2907 1231 2952 eum
1247 2886 1374 2954 ,iterum
1402 2885 1509 2950 senior
1536 2884 1578 2950 de
1606 2883 1721 2950 eadem

244 2983 466 3070 25provincia.

367 3081 460 3162 Item,
473 3084 516 3148 ·si
538 3081 672 3148 Pmteni
695 3081 857 3148 noluerint
879 3105 951 3148 esse
980 3085 1137 3164 contenti,
1167 3083 1248 3150 nihil
1274 3083 1368 3150 debir
1390 3084 1447 3165 eis,
1476 3082 1540 3148 nisi
1563 3091 1722 3170 quantum

285 3179 326 3244 de
349 3180 419 3244 iure
439 3182 566 3267 possint
587 3189 620 3246 et
640 3180 760 3246 debent
781 3180 912 3264 habere,
934 3185 1011 3268 quia
1031 3181 1072 3248 de
1092 3182 1241 3250 omnibus
1259 3184 1388 3248 testatis
1403 3181 1482 3248 mihi
1505 3203 1567 3268 pro
1588 3180 1720 3248 natione

286 3301 349 3344 non
374 3289 508 3366 possent
530 3278 651 3346 habere
671 3303 770 3344 unum
791 3279 998 3366 collegiatum
1020 3284 1055 3346 in
1075 3279 1131 3346 illo
1153 3280 1290 3366 collegio
1311 3279 1487 3348 fimdando.

367 3379 458 3462 Item,
480 3377 769 3445 nonobstantibus
792 3381 1036 3465 suprascriptis,
1059 3379 1143 3462 volo,
1164 3379 1252 3465 quod
1274 3381 1531 3467 suprascriptum
1542 3377 1720 3464 collequm

244 3478 366 3544 sofiat¹
397 3479 432 3544 in
465 3478 586 3560 Slesia,
624 3477 653 3544 si
689 3488 722 3542 et
758 3475 941 3564 ubicunque
978 3479 1011 3542 in
1050 3500 1089 3544 ea
1125 3478 1315 3544 frmdabitur
1351 3477 1492 3544 studium
1529 3475 1719 3564 privilegia·

285 3587 352 3642 tum
355 3623 576 3644 ........

806 3723 1139 3744 :Q

373 3945 383 3996 1
406 3939 492 3997 Wohl
509 3939 644 4011 gemerkt,
661 3955 690 3994 es
708 3936 793 3992 heisst
802 3939 865 4008 fiat,
884 3936 961 3992 nicht
979 3945 1174 4010 tramfsratur,
1194 3941 1245 3996 wie
1262 3957 1291 3997 ea
1311 3939 1383 3996 anch
1401 3939 1473 3995 oben
1490 3937 1592 3994 heisst:
1614 3943 1720 4012 fonde

286 4033 331 4077 tur
349 4026 379 4078 ia
395 4025 572 4078 univwritote
589 4023 733 4095 Liptaenai
748 4029 798 4074 ost
815 4021 968 4092 Prapom'!
1002 4023 1195 4094 blonsterberg
1212 4025 1261 4094 lag
1278 4023 1409 4079 hlemaoh
1426 4023 1475 4079 der
1492 4023 1631 4080 Gedsnlre
1648 4041 1720 4097 ganz

286 4107 355 4176 lern,
378 4107 442 4161 dass
462 4108 512 4162 das
529 4105 634 4179 Colleg‚
658 4103 793 4160 nachdem
810 4121 840 4159 es
858 4106 958 4160 einmal
977 4105 1006 4160 in
1025 4107 1144 4178 Leipzig
1161 4107 1287 4162 wirklioh
1310 4125 1361 4162 aur
1378 4107 1537 4178 Gritudung
1553 4108 1720 4178 gelrommen

286 4192 333 4260 sei,
351 4193 444 4261 sptter
460 4191 533 4246 noch
551 4191 631 4246 sollte
648 4189 754 4259 verlegt
772 4189 881 4244 werden
899 4189 1018 4244 konnen.
1048 4189 1108 4246 Nur
1124 4191 1265 4246 dicWahl
1281 4192 1331 4247 der
1348 4197 1439 4248 ersten
1456 4191 1618 4264 Griindung
1635 4191 1721 4248 issam

286 4293 316 4328 er
333 4275 376 4328 ins
393 4274 482 4345 Auge.
518 4275 572 4331 Um
590 4274 664 4330 aeine
680 4271 902 4327 schwankenden
920 4273 1147 4344 Bostimmungen
1165 4291 1238 4344 gana
1258 4293 1293 4330 ru
1309 4274 1460 4346 begisilen,
1482 4293 1558 4329 muas
1576 4293 1645 4330 man
1662 4275 1720 4331 sich

285 4357 565 4428 vergegenwttrtigen,
587 4357 651 4412 dass
672 4356 719 4412 die
736 4355 925 4412 Verheltnuse
944 4358 993 4411 der
1011 4357 1182 4413 Universittlt
1198 4359 1228 4414 iu
1249 4359 1304 4414 den
1322 4365 1414 4414 erstm
1431 4357 1538 4414 Jabrsn
1555 4357 1630 4414 nach
1648 4359 1721 4416 ihrsr

285 4441 443 4512 Griindung
461 4439 533 4496 noch
550 4439 612 4495 sehr
627 4440 757 4496 undcher
773 4455 864 4496 waren
880 4441 937 4496 und
955 4457 984 4494 es
1001 4440 1080 4496 uIcht
1096 4441 1151 4496 fest
1169 4443 1260 4511 stand,
1278 4442 1315 4498 ob
1328 4442 1400 4498 ihrss
1412 4442 1542 4498 Bleibeos
1558 4443 1589 4496 in
1600 4442 1720 4514 Leipzig

285 4525 345 4581 sein
361 4524 461 4578 wiistle.
484 4523 576 4579 Selbst
593 4525 663 4580 noch
684 4529 749 4580 itas
767 4523 923 4580 bestimmte
940 4523 1073 4594 llennlng
1089 4525 1238 4594 Hildeusis,
1256 4527 1347 4582 indem
1366 4527 1472 4582 erdem
1489 4541 1606 4598 grossen
1624 4525 1721 4596 Colleg

285 4611 346 4666 eine
363 4608 452 4663 Bursa
469 4607 613 4662 iiberliess:
641 4611 719 4663 ckbet
737 4611 831 4664 eadem
850 4609 933 4661 barac
950 4609 991 4660 od
1005 4611 1116 4662 madan
1132 4613 1293 4680 moysacam
1312 4611 1488 4678 Honaiapmn
1507 4611 1593 4664 libes-c
1610 4611 1720 4678 marti,

284 4697 312 4750 si
327 4695 358 4749 ia
374 4694 434 4747 nita
450 4709 502 4747 asro
524 4693 689 4748 moeretur
707 4693 867 4764 Liparensis
883 4691 999 4746 cessabit
1016 4691 1060 4744 vel
1078 4694 1264 4762 &aemulan
1288 4693 1343 4765 vgl.
1363 4693 1435 4748 oben
1454 4697 1510 4760 tsi,
1527 4697 1569 4748 39.
1604 4693 1645 4748 Es
1663 4711 1721 4748 war

284 4778 372 4834 daher
388 4793 435 4831 um
460 4779 523 4829 ists
539 4791 592 4844 gar
608 4775 680 4832 wohl
699 4777 728 4830 in
746 4775 944 4846 Ueberlagung
960 4792 997 4828 au
1015 4773 1118 4840 sichon,
1142 4775 1178 4830 ob
1197 4793 1263 4832 man
1280 4777 1406 4832 wirklioh
1424 4776 1454 4832 in
1470 4775 1590 4848 Leipaig
1607 4777 1718 4834 blerbsn

285 4863 342 4917 rmd
365 4861 429 4916 dort
450 4859 496 4914 dis
512 4857 670 4930 Griindung
692 4860 741 4914 dea
758 4859 869 4929 Collegs
887 4856 1055 4912 vomebmen
1072 4858 1158 4914 wolle
1185 4859 1335 4916 Viellsicbt
1357 4861 1446 4932 hiiogt
1467 4860 1511 4915 die
1533 4859 1719 4932 mebrjtbrIgs

287 4948 437 5017 zsgsrmg
455 4942 498 4998 bis
521 4959 571 4996 aur
587 4942 777 5014 Aufriohtung
798 4943 846 4998 des
863 4940 974 5012 Collegs
996 4939 1092 4994 hiemit
1111 4959 1279 4998 zusammen.
1311 4943 1455 5000 Nanhdem
1478 4959 1544 4998 man
1569 4943 1639 5000 abar
1660 4944 1719 5000 rich

284 5028 367 5085 datin·
390 5025 567 5083 enuchieden
591 5026 648 5080 und
669 5031 732 5082 1112
757 5025 803 5082 dia
822 5025 1033 5094 Anerkenoung
1055 5024 1105 5079 des
1128 5025 1238 5098 Collega
1262 5045 1317 5084 ron
1343 5027 1438 5086 seiten
1461 5027 1510 5084 des
1532 5025 1717 5100 Ilarkgralsn

283 5111 425 5184 eingeholt
442 5109 528 5176 hatte,
545 5108 638 5164 durlte
654 5125 721 5164 man
739 5108 817 5164 nicht
832 5109 923 5164 ferner
940 5107 1068 5179 einseitig
1085 5125 1122 5166 an
1139 5108 1200 5166 eine
1219 5111 1380 5183 Verlsgung
1398 5111 1516 5170 dsnksn.
1548 5109 1605 5168 Dis
1619 5109 1715 5170 suu·
