3768 6072
681 495 733 548 Dta
750 493 870 548 sarran
890 511 942 548 von
962 497 1034 550 tosa.
1513 493 1574 561 219

219 675 274 743 Sit
294 698 376 742 vero
404 673 556 764 discipuli
577 675 725 763 inquilini
750 700 869 743 nomen
892 679 926 743 in
951 679 1088 744 rectoris
1113 677 1209 744 huius
1237 677 1426 744 academiae
1453 676 1573 745 librum

136 779 336 863 inscriptum
356 783 390 840 et
410 775 463 840 vel
490 775 643 861 privatim
668 778 739 864 ipse
766 785 1012 865 praeceptorem
1037 777 1157 844 habeat
1184 777 1236 842 vel
1263 777 1392 864 publice
1420 775 1572 844 docentes

137 875 260 941 audiat.
308 875 375 956 Qui
397 874 484 940 ultra
509 896 652 940 mensem
678 898 744 940 non
770 876 935 962 professus
962 876 1048 962 apud
1074 887 1232 942 rectorem
1259 897 1376 942 nomen
1403 899 1494 940 suum
1520 877 1574 942 hic

138 975 342 1040 habitaverit
356 973 408 1040 vel
431 973 565 1038 alterum
587 997 653 1040 non
674 976 856 1062 professum
879 975 968 1061 apud
989 998 1024 1040 se
1045 974 1194 1040 habitare
1214 996 1331 1062 passus
1353 974 1459 1057 fucrit,
1478 980 1572 1040 unius

140 1073 254 1140 floreni
277 1095 420 1160 poenam
444 1072 558 1137 solvito
580 1083 637 1138 aut
658 1095 675 1138 e
697 1072 831 1159 collegio
854 1072 1043 1139 excluditur.
1598 1084 1615 1140 5

219 1173 445 1237 Facincrcscs
467 1193 509 1235 ne
530 1172 603 1258 quis
623 1170 768 1238 consulto
790 1183 953 1258 tamqnam
975 1173 1010 1238 in
1030 1171 1156 1260 asylum
1185 1171 1228 1237 ad
1257 1195 1292 1236 se
1318 1173 1463 1258 recipiat.
1509 1173 1573 1255 Qui

138 1273 261 1353 fecerit,
286 1270 425 1355 collegio
447 1270 588 1355 quinque
608 1269 742 1336 florinoa
764 1273 890 1358 quoties
911 1271 946 1336 id
967 1271 1080 1337 fecerit
1104 1270 1290 1358 persolvito.

219 1371 274 1436 Dc
295 1371 418 1456 pueris,
445 1367 562 1454 quibus
584 1367 683 1453 aliqui
703 1369 834 1435 famulis
858 1371 906 1435 uti
932 1369 1051 1452 solent,
1079 1371 1188 1435 multis
1214 1381 1246 1436 et
1266 1368 1330 1458 [40]
1353 1370 1510 1456 gravibus
1533 1371 1573 1438 dc

141 1469 264 1534 caussis
295 1468 420 1555 placuit
449 1467 638 1549 decernere,
666 1490 707 1531 ne
736 1471 808 1555 quis
837 1468 952 1551 ullum,
981 1471 1071 1535 ciuus
1099 1492 1216 1534 nomen
1243 1492 1308 1534 non
1333 1471 1376 1534 sit
1402 1492 1422 1533 a
1447 1481 1573 1536 rectore

142 1568 330 1634 academiae
358 1569 392 1631 in
413 1588 583 1631 numerum
612 1565 879 1634 scholasticorum
908 1569 1061 1652 relatum,
1098 1566 1160 1633 sibi
1187 1567 1352 1654 adiungat.
1392 1568 1438 1632 Et
1463 1579 1615 1656 quem-10

143 1688 267 1752 cunque
290 1666 411 1754 aliquis
433 1665 607 1751 receperit,
629 1667 658 1730 ei
680 1675 717 1730 ut
737 1670 923 1734 necessaria
945 1668 988 1734 ad
1009 1670 1130 1734 victum
1155 1677 1339 1755 suppetant,
1362 1666 1517 1754 perficiat

223 1765 372 1851 Opifices
404 1766 623 1852 cuiuscunque
660 1768 789 1850 generis
822 1791 915 1834 nemo
947 1769 980 1832 in
1016 1790 1073 1832 suo
1106 1765 1253 1832 conclavi
1287 1789 1343 1830 seu
1372 1764 1573 1832 habitatione

143 1866 248 1952 operis
268 1863 413 1929 faciendi
434 1885 551 1928 causas
572 1863 701 1930 habeto.
737 1863 804 1948 Qui
825 1865 911 1932 ultra
932 1866 1067 1932 biduum
1090 1865 1229 1952 aliquem
1252 1863 1416 1947 habuerit,
1437 1865 1465 1929 is
1487 1865 1572 1931 arbi·

144 1965 204 2028 trio
225 1963 406 2051 praepositi
429 1961 562 2027 multam
585 1961 710 2030 solvito.

776 2127 888 2200 Caput
905 2127 942 2183 II.
1585 2137 1615 2194 15

563 2279 610 2326 DE
633 2279 883 2329 counuculonn
903 2279 1157 2329 HABITATIONIS.

223 2397 268 2461 Ut
290 2395 497 2482 praepositus
519 2403 576 2458 aut
596 2403 727 2460 curator
753 2396 855 2460 invito
883 2394 1020 2480 collegio
1052 2396 1214 2460 neminem
1240 2395 1283 2461 ad
1311 2396 1408 2461 aedes
1441 2396 1571 2482 collegii

142 2496 327 2576 admittunt,
357 2495 404 2558 ita
424 2515 553 2580 quoque
575 2494 699 2558 iniussu
721 2493 896 2558 eorundem
919 2515 1013 2559 nemo
1035 2493 1188 2559 conclave
1210 2505 1267 2560 aut
1286 2494 1393 2561 locum
1414 2518 1573 2581 usurpare

143 2605 263 2681 potest,
297 2594 390 2658 clave
421 2591 464 2656 ab
495 2591 560 2656 illis
591 2615 656 2657 non
686 2594 808 2659 tradita
837 2603 893 2658 aut
926 2585 1128 2658 diutiuniore
1161 2616 1221 2658 usn
1252 2615 1317 2659 non
1347 2596 1506 2680 permisso
1539 2603 1573 2689 pt

141 2694 270 2758 nomine
291 2696 382 2778 prius
408 2690 497 2778 apud
519 2701 701 2756 curatorem
721 2715 787 2758 non
815 2694 1005 2779 perscripto.
1049 2692 1164 2757 Nullus
1189 2695 1290 2780 igitur
1313 2692 1476 2758 adsciscat
1497 2703 1615 2758 con-2⁰

142 2791 345 2857 tubernalem
364 2792 510 2877 ignotum
530 2791 717 2877 praeposito
739 2800 795 2856 aut
814 2793 972 2857 curatori:
994 2792 1162 2876 locumque
1175 2791 1368 2858 conductum
1386 2815 1446 2879 per
1458 2815 1573 2858 manus

143 2915 234 2956 nemo
260 2890 373 2955 tradat
403 2889 507 2954 alteri.
548 2887 705 2974 Quisquis
734 2889 848 2955 horum
871 2889 996 2978 aliquid
1025 2892 1233 2972 commiserit,
1260 2890 1472 2958 habitationis
1498 2892 1574 2957 huic

142 2993 191 3055 ius
211 2989 336 3054 nullum
358 2999 437 3054 esto.

223 3087 357 3154 Placuit
377 3097 484 3152 autem
504 3086 567 3150 hoc
593 3086 688 3151 modo
718 3085 874 3172 distingui
904 3089 1087 3152 semestria:
1128 3091 1287 3153 aestivum
1315 3089 1446 3174 quidem
1472 3089 1573 3174 incipi

143 3213 163 3253 a
184 3189 346 3254 dominico
375 3185 428 3250 die
455 3185 586 3252 finiente
613 3185 775 3250 nundinas
803 3185 985 3272 paschales,
1008 3185 1105 3272 vulgo
1129 3186 1268 3252 Cantate
1288 3197 1483 3275 nuncupato,
1507 3184 1615 3274 [41]25

144 3287 314 3354 hibernum
329 3307 407 3350 vero
428 3285 470 3349 ab
494 3307 530 3350 ec
553 3285 723 3366 dominico,
745 3285 801 3370 qui
823 3283 893 3348 finit
913 3284 1114 3349 autumnales
1138 3285 1307 3351 nundinas.
1338 3285 1469 3352 Circum
1490 3309 1574 3374 quae

145 3385 207 3452 duo
227 3397 387 3472 tempora,
414 3385 469 3472 qui
495 3383 728 3449 habitationem
756 3405 846 3446 suam
876 3405 946 3447 esse
969 3383 1090 3448 diutius
1111 3384 1206 3465 volet,
1235 3395 1309 3449 ante
1336 3395 1474 3471 quatuor
1495 3384 1572 3448 heb·

146 3484 300 3551 domadaa
331 3483 473 3564 dierum,
501 3483 535 3548 id
568 3491 616 3548 est
643 3503 784 3546 mensem
820 3503 934 3562 unum,
969 3482 1134 3547 conducet
1176 3482 1308 3570 Alioqui
1341 3483 1397 3547 alii
1433 3483 1574 3548 locatam

145 3605 214 3648 esse
242 3584 399 3669 conqueri
424 3605 488 3647 non
515 3582 642 3670 poterit.
687 3580 744 3645 Sin
772 3601 848 3645 vero
876 3579 981 3645 denuo
1009 3581 1203 3646 conductam
1231 3581 1400 3668 possidere
1426 3580 1574 3662 noluerit,

145 3682 308 3748 mercedes
331 3682 482 3746 instantis
511 3681 674 3746 semestris
696 3679 748 3743 vel
775 3681 920 3764 integras
948 3675 1112 3765 persolvet
1137 3681 1188 3746 vel
1218 3682 1316 3746 alium
1340 3681 1476 3765 collegio
1503 3678 1615 3745 ido-ao

146 3804 237 3846 neum
257 3779 499 3861 conductorem,
521 3780 549 3844 ei
571 3780 778 3865 praepositus
799 3788 855 3843 aut
880 3787 1010 3844 curator
1031 3783 1209 3866 permittat,
1232 3780 1384 3844 inveniet.

768 3975 882 4048 Caput
899 3975 950 4032 111.

677 4129 760 4178 USUS
782 4129 1038 4178 HABITanloms.

225 4245 324 4328 Quod
346 4244 553 4332 praepositus
576 4254 607 4308 et
628 4252 795 4309 curatores
823 4243 960 4325 aedium,
990 4267 1070 4329 quos
1092 4243 1214 4308 aediles
1235 4266 1399 4327 vocamus,
1428 4247 1572 4328 fecerint,

144 4347 295 4412 iusserint
314 4346 348 4409 in
376 4341 558 4424 sarciendo,
589 4342 739 4428 tegendo,
769 4342 803 4407 id
830 4353 937 4407 ratum
958 4341 1057 4408 habet
1076 4341 1219 4428 reliquus
1243 4363 1414 4409 consessus
1435 4345 1614 4431 collegisse

145 4445 270 4510 Nemini
291 4443 391 4528 igitur
413 4450 520 4506 sumtu
541 4441 656 4525 alieno,
678 4441 836 4506 diminuta
852 4443 1017 4528 pensione,
1042 4440 1216 4506 aedificare
1236 4441 1321 4524 licet,
1343 4445 1464 4508 nemini
1485 4446 1572 4530 quic·

146 4567 237 4630 quam
265 4540 416 4608 addendo
446 4539 647 4605 demendove
675 4542 845 4604 immutare
873 4541 955 4603 citra
986 4543 1180 4626 permissum
1211 4540 1347 4628 collegii.
1391 4543 1456 4622 Qui
1485 4541 1572 4606 aedi·
1624 4564 1631 4576 ¹

146 4642 269 4708 licando
290 4643 463 4727 quicquam
484 4637 639 4703 damnum
661 4639 796 4722 dederit,
818 4639 852 4704 id
875 4637 1064 4726 praestabit
1095 4638 1160 4719 Qui
1183 4639 1304 4705 utiliter
1323 4643 1466 4705 iniussus
1485 4640 1573 4705 aedi·

145 4741 304 4822 dicaverit,
335 4739 452 4827 perdat
480 4740 662 4825 impensam
691 4740 869 4825 pecuniam.
913 4738 986 4818 Quo
1013 4747 1120 4801 autem
1147 4739 1283 4826 quisque
1312 4739 1418 4820 modo,
1445 4761 1573 4826 quaque

147 4841 247 4906 forma
268 4861 361 4904 suum
384 4838 491 4902 locum
513 4838 651 4925 accepit,
674 4837 787 4902 abiens
810 4839 961 4903 restituat
982 4858 1053 4900 eum
1076 4835 1220 4924 collegio.
1580 4847 1614 4901 tc

225 4939 339 5006 Secari
360 4947 393 5002 et
414 4935 494 5001 findi
515 4936 615 5022 ligna,
645 4939 727 5001 etsi
749 4936 828 5023 quid
850 4936 946 5002 huius
971 4932 1035 5021 [42]
1060 4935 1164 5001 simile
1193 4945 1256 5016 eat,
1284 4937 1319 5001 in
1350 4933 1572 5020 superioribus

147 5037 221 5104 locis
243 5037 373 5102 aedium
394 5035 466 5101 fieri
487 5035 708 5124 prohibemus,
735 5035 777 5100 ob
799 5038 962 5122 ingentem
983 5033 1090 5100 labem
1112 5035 1388 5120 contignationum
1409 5044 1442 5098 et
1463 5033 1573 5098 solidi·

146 5139 218 5204 tatis
236 5135 389 5203 aedilicii.
422 5134 664 5201 Ooherceantur
684 5135 783 5220 igitur
805 5137 897 5222 pueri
919 5135 1037 5220 stipsi
1059 5133 1122 5198 sibi
1144 5141 1326 5220 temperent
1347 5133 1478 5198 domini.
1507 5133 1573 5198 De-
