3768 6072
344 458 403 524 16ss
897 453 951 505 Der
969 453 1203 506 Sntctensntwuri

341 636 479 704 ecclesia
509 637 613 704 sancti
635 635 684 702 .N.
706 637 911 721 conveniant,
931 637 1054 724 vigiliis
1074 636 1195 704 ibidem
1216 637 1439 724 decantandis,
1470 649 1502 708 et
1527 663 1602 708 cras
1622 641 1707 708 bora
1730 665 1768 708 m.

341 739 451 804 missis
481 736 562 804 inibi
589 734 792 804 celebrandis
821 759 892 803 sese
921 735 1135 824 personaliter
1163 737 1328 806 offerendo
1355 751 1578 828 praesentent,
1613 743 1768 810 consimi-

341 839 422 904 lium
452 861 586 926 operum
617 838 748 926 pietatis
780 837 1063 923 participationem
1093 847 1169 926 post
1200 838 1316 906 lunera
1346 863 1406 908 sua
1434 842 1599 927 gavisura.
1639 841 1767 910 Datum

340 947 521 1006 rectoratus
543 938 603 1004 sub
624 936 762 1024 sigillo.“

606 1087 651 1153 Et
669 1087 819 1176 quoniam
842 1109 884 1152 ex
904 1088 997 1154 iustis
1018 1086 1224 1154 Bavarorum
1244 1091 1333 1158 natio
1356 1093 1464 1158 causis

651 1189 744 1253 Fecit
766 1197 798 1252 et
817 1189 957 1253 institnit
977 1187 1040 1254 hoc
1060 1189 1194 1276 pictatis
1214 1211 1306 1278 opus,

605 1286 760 1375 Expedit,
781 1297 817 1353 ut
837 1297 975 1375 protrmc
996 1288 1129 1376 pietatis
1151 1310 1234 1378 opus
1254 1288 1441 1376 peragendo

654 1386 800 1468 Quilibet
819 1386 882 1452 hiis
903 1386 1053 1454 Bararus
1074 1388 1156 1452 assit
1175 1389 1211 1453 iu
1232 1387 1350 1454 offitiis.

894 1485 988 1552 Haec
1006 1484 1160 1552 Werdsa

301 1815 332 1870 lo
424 1808 492 1882 Aaf
508 1809 563 1867 der
583 1806 741 1867 Boebeia
762 1801 825 1891 [Bl.
846 1801 898 1892 δῖ’]
925 1810 979 1868 dat
999 1808 1063 1868 eins
1082 1811 1203 1884 sptitere
1223 1808 1329 1881 Hand,
1356 1807 1410 1868 wie
1432 1807 1491 1868 mir
1510 1809 1625 1869 acbeint
1645 1809 1695 1868 die
1715 1811 1767 1868 des

344 1907 449 1968 ulrico
470 1907 619 1978 Steudler,
641 1909 698 1966 den
711 1909 877 1984 solpeaden
896 1909 1058 1968 Baeton
1079 1907 1286 1986 mapmapsa:

502 2073 547 2136 13.
577 2085 764 2134 suasurum
783 2086 965 2137 counlruu
987 2087 1076 2137 POS'I'
1098 2088 1234 2137 OBI'I'UII
1253 2087 1424 2138 PRINCIPIS
1446 2087 1600 2136 uuolton.

423 2200 562 2281 Quando
584 2201 618 2266 in
641 2202 888 2269 Lutheranismo
911 2226 948 2270 eo
969 2212 1162 2294 perventum
1183 2213 1248 2286 est,
1274 2214 1311 2270 ut
1339 2226 1443 2292 neque
1472 2204 1620 2291 corporis
1642 2202 1767 2270 Christi

340 2303 457 2368 festum
488 2299 668 2368 celebretur
696 2302 836 2390 amplius
864 2327 967 2392 neque
994 2303 1134 2370 nationis
1166 2301 1322 2370 candelae
1349 2303 1627 2386 circumferantur,
1657 2301 1767 2390 placet

300 2412 330 2468 1⁵
340 2401 478 2482 nationi,
506 2409 544 2466 ut
571 2401 778 2467 nihilominus
809 2402 872 2468 duo
900 2403 1065 2490 magistri,
1093 2425 1174 2491 quos
1201 2401 1387 2468 collectores
1416 2411 1549 2484 vocant,
1575 2425 1641 2468 non
1672 2425 1765 2468 secus

340 2511 436 2588 atquc
458 2509 534 2565 ante
555 2502 680 2566 astricti
708 2503 815 2568 sinte
842 2501 978 2588 singulis
999 2503 1140 2568 nationis
1169 2511 1300 2568 nostrae
1329 2500 1483 2568 studiosis
1508 2500 1603 2566 binos
1631 2524 1765 2588 grossos

339 2602 482 2686 exigere,
506 2621 585 2686 quos
608 2600 641 2662 in
663 2621 736 2665 cum
758 2623 850 2666 usum
872 2603 1001 2667 interim
1022 2611 1150 2668 vertere
1171 2603 1260 2668 natio
1284 2600 1389 2683 debet,
1411 2609 1456 2684 ut,
1478 2601 1506 2665 si
1527 2602 1599 2689 quis
1620 2601 1765 2668 Bavaro

340 2722 411 2764 rum
433 2697 522 2784 apud
543 2720 602 2765 nos
624 2700 708 2764 inter
730 2700 891 2765 sordiosos
913 2702 1029 2767 misere
1050 2701 1283 2784 succumberet,
1313 2699 1433 2766 habeat
1461 2699 1549 2765 natio
1580 2699 1670 2788 quod
1691 2723 1764 2788 pro·

339 2798 390 2864 cul
421 2819 441 2862 e
468 2796 658 2884 parentibus
685 2808 717 2864 et
745 2800 861 2864 amicis
887 2798 1093 2866 decumbenti
1111 2802 1145 2867 in
1165 2801 1222 2866 illa
1243 2797 1274 2889 [6
1282 2797 1308 2889 ⁸]
1332 2822 1391 2865 sua
1412 2807 1556 2886 egestate
1577 2799 1764 2887 suppedite·
1800 2817 1808 2830 “

297 2907 401 2979 20tur,
422 2897 469 2961 ita
491 2905 599 2962 tamen
618 2907 654 2962 ut
674 2907 742 2964 tota
764 2921 823 2964 sua
844 2898 991 2986 supellex
1019 2900 1062 2964 sit
1087 2901 1210 2967 nationi
1232 2900 1380 2988 pignoris
1399 2897 1471 2964 loco
1493 2921 1566 2963 cum
1587 2921 1764 2986 praeroga-

337 3001 406 3064 tiva
428 3008 503 3063 ante
523 2996 604 3062 alios
627 2998 694 3062 eius
717 2997 902 3065 creditores.
941 2998 1015 3065 Hoc
1037 3009 1191 3066 statutum
1209 3023 1269 3088 per
1290 3009 1391 3066 totam
1411 2999 1575 3064 nationem
1597 2997 1764 3065 conditum

339 3107 389 3164 est
412 3119 496 3164 auno
522 3101 599 3164 1539
622 3096 785 3162 dominica
805 3108 881 3194 post
901 3098 1032 3165 vincula
1050 3099 1150 3166 Petri.

729 3868 766 3932 Β.
786 3867 866 3934 DIE
887 3867 1141 3936 POLNISCHE
1162 3868 1340 3936 NATION.

623 4055 646 4106 l.
668 4055 739 4106 ΗΕΒ
757 4055 1125 4108 suauuuuuauuwulu'
1143 4053 1222 4106 vou
1239 4055 1356 4106 JAHRE
1376 4055 1463 4108 1442.ι

297 4225 332 4281 25
637 4237 795 4286 srsrurs
815 4238 979 4288 uumerus
999 4237 1217 4288 sonorosus
1237 4237 1273 4286 nr
1293 4221 1458 4286 nitreas.²

423 4366 584 4448 Quoniam
611 4391 842 4460 nonnunquam
869 4395 952 4460 quae
982 4372 1169 4437 coniectura
1200 4369 1369 4457 profutura
1395 4371 1534 4440 credidit
1562 4371 1762 4461 subsequens

342 4467 549 4552 experiencia
570 4468 688 4535 clarius
710 4472 859 4554 moreau,
881 4471 957 4538 hinc
978 4481 1037 4554 est,
1059 4470 1156 4556 quod,
1184 4469 1259 4536 licet
1280 4470 1321 4534 de
1341 4492 1427 4536 anno
1449 4470 1570 4538 domini
1591 4471 1761 4540 millesimo

341 4563 914 4653 quadringentesimovicesimotercio
945 4575 1050 4648 (1423)
1083 4569 1230 4656 deputati
1261 4569 1390 4636 filerunt
1421 4573 1571 4658 magistri
1602 4571 1761 4638 lohannes

340 4663 506 4753 Grossoop
530 4666 571 4732 de
591 4665 772 4754 Stragonia,
802 4691 915 4736 sacrae
937 4669 1120 4755 theologiae
1143 4669 1358 4754 baccalarius,
1386 4681 1418 4737 et
1443 4671 1605 4738 Iohannes
1625 4671 1759 4740 Suescb-

414 4886 426 4938 1
447 4881 650 4940 Abscbriftlicb
666 4886 790 4944 erhalten
811 4888 839 4944 in
856 4889 906 4946 dm·
922 4885 1106 4944 Handachrilt
1122 4887 1172 4944 dor
1188 4887 1527 4946 Univmsiffitsbibbotbek
1550 4889 1620 4950 Nm.
1640 4897 1695 4964 1¹16,
1716 4891 1756 4948 Bb

339 4969 407 5022 ²07·
425 4965 465 5064 fg.
482 4967 566 5106 thI
586 4967 721 5026 Urkundl.
740 4973 857 5038 Quellon
880 4975 908 5030 S.
925 4978 975 5030 719
992 4990 1019 5028 u.
1039 4977 1096 5028 735.
1130 4971 1184 5028 Die
1202 4970 1379 5045 Berifferumg
1397 4973 1446 5030 der
1461 4973 1661 5048 Paragrapben
1683 4975 1758 5032 rdbrt

341 5068 395 5108 von
414 5070 466 5107 nur
502 5069 539 5110 er.

418 5138 505 5194 ²Am
525 5139 624 5196 Raude
641 5135 728 5194 steht:
764 5139 876 5196 Statua
892 5141 1016 5196 mtioas's
1034 5141 1212 5210 Poloaomo,
1230 5143 1280 5200 sed
1294 5159 1350 5198 soa
1366 5143 1403 5198 ao
1420 5143 1544 5200 omnibu
1560 5145 1722 5218 opprobma
