3748 6070
350 405 413 474 314
847 415 899 466 Die
918 415 1137 484 philoropbiecbe
1154 421 1282 476 saeuum

352 595 427 653 ante
446 587 562 656 fesbrm
585 596 688 659 sancti
711 593 873 684 Gregorii,
893 623 976 686 qnae
996 601 1057 666 fuit
1077 601 1146 668 dies
1170 608 1273 672 sancti
1295 605 1441 672 Thomas
1462 604 1503 672 de
1523 605 1654 696 Aquino
1677 605 1777 695 (1412

351 691 408 749 den
425 694 452 753 7.
474 690 590 780 Man),
613 694 673 760 sub
696 695 855 764 decanatu
875 699 920 764 M.
941 700 1120 768 Hermanni
1143 702 1350 793 Scbipmann.

433 994 461 1056 9.
489 990 587 1057 Item¹
614 995 800 1064 conclusum
822 1000 884 1066 fuit
913 1002 1050 1069 sabbato
1079 1005 1290 1070 antefactum
1312 1007 1417 1070 sancti
1437 1005 1581 1072 Mathiae
1599 1012 1697 1084 (1112
1718 1013 1778 1070 des

350 1092 397 1154 20.
412 1093 578 1174 Febraor),
598 1093 685 1160 nullo
701 1099 951 1184 contradicente,
971 1102 1057 1190 quod
1078 1103 1183 1168 nullus
1197 1105 1436 1191 promovendus
1457 1107 1491 1170 in
1511 1104 1636 1172 artibus
1650 1104 1779 1193 absque

307 1194 324 1248 5
352 1187 485 1272 speciali
513 1189 761 1278 dispensacione
788 1198 950 1264 facultatis
973 1213 1067 1268 extra
1094 1203 1180 1268 diem
1206 1204 1320 1269 ieiunii
1344 1206 1379 1268 in
1406 1227 1463 1270 suo
1489 1204 1628 1291 prandio
1650 1204 1776 1271 babere

350 1285 466 1352 debeat
497 1288 592 1375 plura
622 1315 719 1378 quam
750 1306 886 1380 quatuor
917 1299 969 1364 vel
1001 1301 1044 1366 ad
1075 1303 1253 1368 maximum
1286 1303 1427 1392 quinque
1458 1303 1598 1387 fercula,
1629 1305 1776 1392 demptis

349 1407 454 1468 caseo,
474 1387 630 1455 fructibus
654 1401 686 1456 et
706 1395 852 1480 pastillis,
875 1398 934 1462 sub
957 1422 1061 1486 poena
1081 1403 1175 1466 unius
1196 1424 1301 1467 novae
1321 1405 1532 1490 sexagenae.²

432 1490 480 1554 10.
502 1486 593 1571 Item,
620 1491 705 1578 quod
726 1494 831 1560 nullus
854 1499 1094 1582 promovendus
1119 1501 1154 1564 in
1182 1499 1306 1566 artibus
1333 1504 1367 1566 in
1397 1525 1454 1568 suo
1482 1501 1621 1590 prandio
1647 1500 1773 1568 habere

348 1581 465 1649 debeat
486 1589 597 1654 vinum
619 1590 770 1676 gallicum
793 1595 952 1678 rivolium,
975 1599 1154 1664 romaniam
1176 1599 1228 1666 vel
1250 1599 1454 1666 malivaaiam
1475 1611 1531 1666 aut
1551 1601 1670 1667 similia
1692 1603 1773 1666 vina

309 1690 340 1744 10
350 1685 509 1769 preciosa,
536 1689 600 1752 nisi
622 1690 704 1756 forte
725 1693 862 1759 voluerit
884 1695 963 1761 dare
984 1700 1017 1762 in
1045 1700 1207 1788 principio
1228 1723 1358 1766 mensae
1380 1723 1441 1788 pro
1462 1701 1639 1767 intinctura
1658 1712 1716 1766 aut
1737 1703 1772 1766 in

346 1781 410 1846 fine
437 1785 525 1850 circa
551 1787 697 1855 rdtimum
722 1793 878 1859 ferculum
898 1796 950 1860 vel
979 1808 1055 1884 post
1081 1801 1214 1883 gratias,
1245 1800 1305 1866 sub
1332 1821 1438 1887 poena
1462 1801 1557 1865 unius
1583 1822 1770 1886 sexagenae

346 1902 451 1948 novae
476 1885 623 1956 facultati
645 1891 910 1962 irremissibiliter
932 1896 1116 1964 solvendae.

858 2207 907 2269 23.
937 2221 1017 2270 Vom
1036 2221 1140 2270 dabre
1160 2219 1248 2272 ttlt.

430 2321 490 2412 [Bl.
512 2326 584 2416 iil]
605 2330 700 2397 Anno
722 2331 845 2400 domini
862 2333 1031 2402 ΜΟΟΟΟ0
1050 2334 1148 2399 XVII
1169 2333 1251 2398 feria
1270 2333 1383 2422 quinta
1404 2342 1479 2397 ante
1499 2331 1654 2419 Dyonisii
1676 2339 1772 2408 (1117

308 2430 337 2484 15
347 2428 404 2486 den
424 2432 450 2490 7.
475 2430 614 2502 October)
635 2431 668 2494 in
691 2431 850 2498 decanatu
872 2435 1021 2520 magistri
1043 2433 1225 2499 Borobardi
1244 2431 1389 2514 Plotzen,
1412 2431 1500 2496 facta
1521 2429 1619 2517 plena
1641 2455 1773 2519 congre-

345 2525 476 2607 gatione
497 2530 725 2614 magistrorum
749 2531 789 2596 de
818 2533 951 2598 consilio
977 2531 1150 2616 facultatis,
1180 2541 1301 2606 stamta
1328 2531 1540 2617 infrascripta
1567 2532 1774 2616 unanimiter,
1855 2579 1856 2611 ,

345 2620 432 2686 nullo
454 2626 704 2712 contradicente,
727 2641 801 2695 sunt
823 2630 982 2696 conclusa.

433 2729 458 2788 1.
480 2723 635 2808 Primum,
668 2728 753 2814 quod
783 2733 1022 2796 examinatores
1053 2753 1161 2796 coram
1191 2728 1345 2794 facultate
1371 2726 1502 2817 publice
1529 2736 1561 2792 et
1588 2729 1667 2794 viva
1694 2753 1774 2795 voce

348 2823 535 2907 promittent
557 2826 591 2890 in
613 2830 817 2894 conscientiis
841 2852 961 2909 eorum,
984 2828 1070 2918 quod
1090 2828 1197 2894 solum
1217 2828 1332 2916 dignos
1356 2827 1526 2893 admittere
1546 2827 1647 2892 velint
1666 2839 1699 2893 et
1720 2852 1772 2895 eos
1855 2857 1856 2864 ¹

304 2917 465 3003 tolocare,
492 2946 558 2988 non
584 2935 692 2992 tamen
722 2930 829 2993 statim
857 2928 915 2994 sed
942 2939 1015 3016 post
1042 2928 1189 3016 quartale
1215 2929 1310 2993 unius
1337 2929 1424 2992 anni.
1464 2925 1509 2992 Et
1536 2925 1610 2991 illos
1637 2928 1772 2994 facultas
1855 2951 1856 2964 ¹

345 3030 475 3124 reputat
496 3022 623 3110 dignos,
649 3029 704 3112 qui
730 3028 842 3114 pulcre
869 3027 1053 3114 intelligunt
1080 3029 1113 3093 in
1140 3029 1364 3114 grammatica,
1392 3027 1426 3091 in
1451 3028 1565 3114 parvis
1594 3026 1772 3116 loycalibus

346 3127 377 3182 et
397 3123 499 3186 veteri
521 3134 602 3207 arte,
625 3135 657 3190 et
680 3139 899 3215 competenter
918 3132 953 3192 in
973 3127 1045 3192 aliis
1066 3126 1168 3191 libris.

427 3225 456 3286 2.
485 3221 585 3306 Item,
618 3225 704 3312 quod
735 3227 838 3292 solnm
871 3226 933 3293 duo
965 3227 1044 3291 fiant
1075 3227 1228 3291 examina
1257 3224 1583 3291 baccalariandorum
1615 3227 1649 3291 in
1679 3249 1771 3310 anno,
1855 3243 1856 3314 j

346 3341 445 3384 onum
469 3322 556 3386 circa
576 3323 693 3391 festum
714 3326 883 3392 Michaelis
906 3335 938 3392 et
959 3324 1047 3390 aliud
1067 3327 1101 3390 in
1122 3326 1241 3392 ieiunio
1263 3324 1463 3414 temporibus
1486 3327 1658 3391 consuetis.

304 3426 336 3481 25
436 3425 463 3486 3.
484 3421 567 3486 Item
589 3423 695 3490 nullus
720 3425 815 3491 debet
837 3426 880 3490 ad
908 3448 1045 3490 examen
1072 3423 1311 3490 baccalariatus
1337 3426 1371 3490 in
1394 3423 1519 3490 artibus
1547 3424 1683 3510 admitti,
1713 3428 1772 3490 nisi
1855 3381 1856 3400 l

345 3519 437 3604 prius
467 3523 555 3586 stetit
582 3523 616 3587 in
643 3525 813 3590 exerciciis
839 3528 874 3590 in
902 3525 987 3590 hunc
1015 3523 1162 3589 modum:
1192 3524 1290 3590 semel
1318 3525 1351 3588 in
1379 3525 1492 3612 parvis
1519 3523 1704 3612 loyoalibus
1731 3525 1771 3590 ad

345 3619 462 3702 minus,
488 3621 587 3686 semel
613 3623 647 3687 in
669 3623 856 3710 sophistria,
882 3624 987 3690 bisin
1009 3623 1112 3688 veteri
1135 3634 1215 3707 arte,
1244 3623 1342 3688 semel
1369 3624 1403 3688 in
1424 3646 1511 3689 nova
1538 3623 1646 3712 loyca,
1675 3624 1770 3690 semel
1855 3679 1856 3682 ¹

344 3717 377 3782 in
406 3717 605 3806 phisioorum
634 3733 666 3786 et
694 3723 792 3788 semol
823 3726 857 3788 in
885 3723 925 3788 de
953 3726 1077 3806 anima,
1109 3733 1140 3786 et
1162 3745 1222 3809 pro
1250 3733 1395 3809 tempore
1421 3745 1487 3788 non
1515 3721 1650 3788 babebit
1680 3723 1771 3812 plura

347 3819 509 3884 exercicia
531 3843 628 3907 quam
650 3819 723 3902 duo,
746 3833 885 3910 excepta
908 3823 1092 3911 sophistria,
1116 3823 1229 3908 quam³
1250 3845 1311 3910 pro
1331 3823 1432 3888 tercio
1452 3820 1574 3888 babere
1595 3833 1712 3912 potest

304 3923 338 3979 30
431 3925 458 3982 4.
480 3919 561 3984 Item
581 3917 688 3984 nullus
710 3919 806 3986 debet
832 3924 1016 4008 promoveri
1045 3921 1086 3986 ad
1116 3920 1253 4008 gradum
1274 3920 1523 4004 baccalariatus,
1550 3923 1605 4010 qui
1625 3925 1718 4010 priua
1738 3927 1769 3989 in
1855 3915 1856 3924 ἵ

346 4012 411 4078 alia
433 4018 644 4084 universitate
671 4043 736 4086 non
758 4023 860 4104 stetit,
882 4023 946 4087 nisi
972 4021 1015 4088 ad
1042 4023 1148 4086 minus
1177 4023 1212 4086 in
1240 4023 1304 4085 ista
1324 4021 1535 4085 universitate
1566 4025 1655 4088 stetit
1681 4025 1770 4112 qnasi
1855 4053 1856 4072 r

345 4111 388 4176 ad
418 4113 552 4180 alterum
583 4117 725 4184 medium
754 4144 888 4206 annum;
920 4131 952 4188 et
978 4122 1039 4188 boc
1061 4111 1178 4208 ‘quasi’
1206 4143 1271 4185 non
1297 4119 1454 4186 diminuet
1482 4119 1556 4209 plus
1588 4145 1686 4209 quam
1715 4146 1769 4188 sex

345 4214 554 4298 septimanas.

429 4317 458 4378 5.
489 4313 570 4380 Item
598 4319 812 4405 magistrandi
842 4318 964 4385 nullum
994 4320 1116 4406 eligant
1143 4321 1176 4383 in
1207 4315 1539 4384 recommendatorem
1568 4343 1680 4387 eorum
1709 4324 1768 4387 nisi
1855 4391 1856 4400 ,

307 4420 518 4496 35rectorem,
540 4417 567 4480 si
585 4416 682 4482 fuerit
703 4417 744 4483 de
765 4418 932 4504 facultate3
955 4421 982 4483 si
1003 4441 1081 4483 vero
1103 4440 1167 4482 non
1187 4417 1284 4482 fuerit
1305 4417 1345 4482 de
1365 4417 1530 4501 facultate,
1551 4429 1630 4486 tnnc
1650 4421 1767 4508 eligant
1855 4423 1856 4500 ζ

347 4509 506 4578 decanum
526 4513 689 4582 facultatis
713 4516 866 4582 eiusdem.

427 4619 455 4680 6.
482 4614 564 4678 Item
594 4615 728 4702 quilibet
755 4619 921 4704 magister,
947 4615 1002 4680 bic
1029 4616 1063 4679 in
1085 4616 1294 4680 universitate
1323 4627 1500 4704 promotus,
1529 4619 1712 4708 disputabit
1736 4619 1766 4684 in

423 4852 433 4904 1
455 4847 520 4905 Von
535 4845 678 4902 dorselben
694 4845 787 4916 Hand,
803 4848 849 4904 die
865 4848 917 4902 das
933 4845 1165 4918 Voranfgehende
1183 4845 1272 4916 (1-s)
1288 4846 1469 4917 gescbrieben
1486 4848 1542 4905 bat

420 4937 435 4988 2
453 4931 556 4987 Hieran
574 4929 611 4984 ist
629 4933 722 5000 sptter
740 4949 785 4986 am
802 4931 899 4986 Raude
916 4931 1053 4986 bemerkt:
1071 4931 1120 4983 nbi
1138 4931 1272 4999 laeena,
1291 4939 1321 4985 at
1338 4931 1405 4987 laec
1422 4935 1491 4988 dare
1504 4934 1645 5005 poesim
1664 4936 1739 4992 1520!
1855 4909 1856 4972 Ῑ

421 5022 436 5072 3
456 5035 536 5088 msam
562 5013 644 5070 stand
668 5015 862 5086 geschrIeben3
887 5014 975 5070 durch
997 5013 1183 5069 Aosradieren
1208 5013 1256 5069 des
1279 5014 1493 5088 iiberliegenden
1518 5017 1711 5086 Quersbicbes
1731 5020 1765 5074 ist

343 5099 445 5156 darem
461 5105 539 5171 quod
552 5097 688 5174 gemacht
