3748 6070
334 490 395 555 276
912 489 967 538 Das
984 485 1190 551 Itrsuenccllsg.

415 673 466 736 28.
495 668 576 734 Item
605 668 741 755 singulis
768 663 1001 733 mutationibus
1021 667 1142 733 debent
1161 665 1312 752 magistri
1333 663 1491 750 deputare
1511 663 1594 728 duos
1615 663 1764 750 collegia·

332 776 384 832 tos
406 776 438 832 et
456 790 564 850 unum,
592 770 647 854 qui
674 789 746 832 cum
767 775 964 832 convectore
985 766 1084 831 semel
1108 767 1241 830 visitent
1267 761 1439 830 commoda
1465 764 1500 826 in
1526 761 1631 828 bursa
1652 772 1685 827 et
1706 761 1765 828 ool·

332 865 418 952 legio
441 877 475 931 et
494 865 627 932 videant
649 867 690 931 de
711 865 879 930 honestate
900 873 933 929 et
955 866 1201 930 conservatione
1231 861 1483 944 commodorum,
1513 870 1547 926 et
1572 862 1765 948 praesertim

333 967 439 1031 socios
466 964 631 1048 inducant,
658 975 694 1030 ut
714 987 832 1052 aquam
852 965 887 1028 in
908 965 1045 1028 mineris
1067 962 1216 1027 babeant
1259 961 1303 1026 Et
1324 960 1367 1025 ad
1388 960 1450 1025 hoc
1470 959 1659 1024 iaciendum
1681 970 1767 1024 tene·

291 1071 308 1125 5
332 1071 385 1128 tur
406 1073 581 1130 conventor
597 1063 780 1150 praedictos
803 1063 976 1149 deputatos
996 1083 1057 1148 per
1078 1061 1236 1127 famulum
1259 1081 1353 1126 suum
1375 1057 1558 1141 solicitare;
1583 1067 1617 1122 et
1640 1060 1766 1144 siquae

332 1160 524 1227 insolentiae
549 1163 663 1227 fierent
688 1185 747 1248 per
779 1163 884 1226 socios
909 1162 943 1225 in
970 1159 1080 1241 bursa,
1111 1159 1270 1246 praedicti
1298 1157 1361 1222 duo
1395 1157 1544 1242 magistri
1574 1158 1666 1220 circa
1694 1177 1766 1225 oon·

332 1269 509 1344 verterem,
531 1263 559 1326 si
580 1263 731 1348 poterint,
754 1277 766 1324 1
788 1259 829 1324 dc
850 1259 987 1324 emenda
1007 1258 1217 1346 provideant,
1240 1257 1322 1322 alias
1343 1265 1529 1342 proponant
1548 1255 1697 1341 collegio.
1725 1254 1767 1319 Et

333 1379 399 1424 non
421 1355 540 1424 debent
558 1359 709 1446 magistri
730 1357 786 1423 alii
807 1367 1035 1423 conventuram
1057 1367 1113 1422 aut
1133 1358 1237 1444 ipsius
1259 1355 1400 1442 aliquem
1421 1351 1507 1443 [30¹]
1531 1353 1768 1420 oombnrsalem

333 1455 519 1522 inclamare.
563 1457 654 1523 Idem
687 1459 783 1522 etiam
814 1456 878 1522 duo
905 1455 1052 1544 deputati
1083 1465 1232 1521 tenentur
1263 1455 1409 1520 defectus
1438 1452 1661 1518 aedificiorum
1694 1451 1768 1516 binc

293 1555 411 1621 winde
432 1557 467 1620 in
487 1555 624 1643 collegio
646 1565 678 1620 et
704 1554 805 1621 bursa
832 1557 995 1642 respicere
1025 1564 1058 1620 et
1085 1556 1264 1620 reformare
1292 1553 1333 1617 de
1359 1553 1504 1638 pecuniis
1532 1551 1604 1616 fisci
1631 1549 1767 1635 collegii,

333 1656 362 1721 si
392 1656 513 1742 potuit3
548 1655 631 1720 alias
664 1657 811 1742 recipere
839 1653 937 1720 debet
969 1655 1191 1743 praepositum
1219 1652 1263 1718 ad
1290 1651 1473 1716 faciendam
1501 1650 1768 1718 convocationem

334 1776 433 1841 super
456 1755 658 1841 praemissis.

419 1857 468 1919 29.
497 1853 580 1918 Item
601 1851 708 1917 nullus
737 1851 926 1937 collegiatus
953 1853 988 1915 in
1016 1849 1305 1917 convocationibus
1325 1848 1378 1914 vel
1408 1870 1521 1914 mensa
1549 1847 1681 1936 collegii
1710 1848 1768 1912 cui·

334 1971 420 2035 men,
440 1953 555 2016 vitium
568 1950 621 2016 vel
643 1952 725 2016 iram
748 1949 869 2015 realem
890 1951 1045 2015 iniuriose
1068 1949 1161 2016 alteri
1181 1957 1343 2037 proponat
1362 1949 1470 2034 potius
1491 1969 1590 2035 quam
1612 1949 1767 2032 imponat,

293 2055 325 2115 tt
334 2049 396 2116 sub
418 2071 539 2137 poena,
570 2049 667 2138 quod,
696 2051 724 2114 si
753 2049 839 2114 infra
868 2057 936 2114 tres
966 2048 1035 2113 dies
1065 2071 1130 2114 non
1157 2047 1333 2114 obtinuerit
1358 2050 1428 2113 eius
1454 2046 1666 2126 voluntatem,
1694 2053 1768 2108 tunc

331 2149 408 2214 talis
432 2157 559 2214 tenetur
581 2157 669 2213 stare
698 2147 867 2214 dictamini
895 2149 1029 2212 maioris
1059 2149 1163 2235 partis
1185 2145 1312 2232 collegii
1340 2169 1405 2233 quo
1431 2145 1473 2211 ad
1503 2141 1766 2210 safisfaciendum

334 2247 423 2336 parti
443 2247 595 2330 offensae,
626 2247 686 2312 sub
714 2269 821 2335 poena
842 2249 1006 2312 carentiae
1029 2248 1079 2312 sui
1107 2245 1230 2328 salarii
1258 2244 1362 2310 donec
1382 2244 1441 2310 'tali
1463 2244 1634 2310 dictamini
1654 2263 1767 2329 parue—

330 2348 382 2414 rit.
422 2345 459 2412 Si
480 2369 560 2412 vero
589 2345 714 2434 aliquid
739 2345 853 2410 talium
879 2344 995 2410 fecerit
1021 2353 1116 2410 extra
1144 2365 1290 2410 mensam
1320 2367 1377 2410 seu
1405 2343 1687 2424 convocationem,
1715 2363 1767 2406 ex-

331 2455 409 2511 tunc
438 2466 517 2532 pars
544 2444 634 2509 laesa
654 2453 782 2510 tenetur
805 2444 962 2510 offensam
984 2445 1090 2530 primo
1112 2465 1296 2530 proponere
1318 2441 1454 2528 collegio
1476 2452 1509 2507 et
1530 2463 1654 2530 capere
1679 2443 1766 2507 iusti-

289 2545 427 2627 nciam,
449 2545 478 2608 si
499 2540 562 2607 sibi
582 2545 703 2629 poterit
723 2545 847 2624 venire,
871 2542 931 2609 sub
953 2563 1058 2629 poena
1079 2543 1176 2608 trium
1197 2542 1405 2608 florenorum.

415 2647 466 2710 30.
487 2641 578 2724 Item,
601 2642 630 2704 si
649 2642 798 2728 magistri
819 2641 915 2706 simul
935 2641 1129 2707 conferendo
1141 2641 1193 2706 vel
1215 2639 1288 2705 aliis
1310 2638 1352 2706 de
1373 2642 1481 2706 causis
1503 2641 1537 2703 in
1558 2661 1676 2705 mensa
1689 2636 1765 2727 [30⁵]

332 2751 365 2808 et
397 2741 629 2808 convocatione
654 2739 804 2806 verbalae
837 2738 994 2805 haberent
1024 2740 1252 2806 altercationes
1285 2749 1318 2803 et
1349 2740 1587 2823 contentiones,
1620 2763 1663 2805 ne
1694 2739 1767 2804 inde

330 2842 436 2906 maius
456 2839 577 2904 malum
598 2841 730 2922 oriatur,
750 2837 846 2904 debet
869 2839 1085 2925 praepositus,
1106 2839 1134 2902 si
1156 2859 1311 2923 praesens
1332 2839 1438 2920 merit,
1460 2837 1511 2903 vel
1533 2839 1643 2904 senior
1665 2838 1766 2924 magi-
1864 2911 1865 2918 ,

331 2949 398 3006 ster
423 2961 578 3027 praesens
600 2939 744 3004 existens
773 2937 903 3004 eosdem
930 2939 1107 3024 magistros
1134 2937 1307 3002 caritative
1336 2938 1401 3023 piis
1424 2936 1535 3003 verbis
1566 2937 1695 3003 hortari
1717 2936 1766 3001 bis
1864 2949 1865 2982 l

288 3037 385 3106 25val
411 3049 470 3121 ter,
498 3047 534 3104 nt
555 3047 683 3105 cessent
709 3059 730 3102 a
756 3035 893 3120 talibus;
924 3039 951 3102 si
982 3059 1048 3102 non
1070 3037 1282 3118 cessaverint,
1310 3037 1458 3122 imponat
1483 3038 1695 3123 praepositus
1721 3037 1765 3100 eis

331 3137 493 3204 silentium
519 3159 578 3225 per
606 3135 812 3220 mandatnm,
845 3137 953 3202 senior
984 3157 1061 3200 vero
1089 3135 1246 3221 magister
1275 3155 1334 3221 per
1359 3136 1464 3200 verba
1490 3137 1598 3220 magis
1628 3136 1762 3216 sudosa,

329 3247 408 3326 puta
425 3229 586 3302 ‘nolumus
606 3235 669 3302 boc
694 3227 822 3302 babere'
845 3236 897 3301 vel
922 3233 1113 3300 consimilia.
1151 3233 1246 3316 Quae
1268 3235 1295 3298 si
1318 3256 1382 3300 non
1406 3236 1609 3317 curaverint,
1641 3235 1765 3300 solvent

328 3359 479 3426 poenam,
508 3357 592 3425 quae
613 3358 673 3421 per
694 3334 866 3422 collegium
887 3345 944 3400 aut
965 3335 1121 3399 maiorem
1142 3342 1270 3419 partem
1295 3334 1404 3398 statim
1428 3355 1467 3398 eo
1488 3333 1541 3398 die
1563 3334 1647 3420 ipsis
1671 3334 1765 3399 fuerit

329 3435 460 3518 dictata,
480 3435 540 3501 sub
552 3456 659 3522 poena
679 3435 845 3500 carentiae
868 3455 946 3498 suae
967 3432 1137 3520 portionis,
1160 3442 1197 3496 ut
1217 3453 1328 3519 supra,
1346 3431 1450 3498 donec
1472 3432 1644 3520 praedicto
1668 3433 1765 3498 dicta·

287 3537 410 3603 3οωἰηὶ
430 3543 585 3622 pareatur
607 3557 679 3599 cum
701 3534 827 3599 effectu.
864 3532 900 3597 Si
921 3555 1001 3598 vero
1022 3532 1229 3618 praepositus
1251 3531 1285 3595 in
1307 3541 1402 3618 parte
1424 3531 1613 3618 praedictae
1637 3543 1765 3598 conten·

329 3637 428 3702 tionis
448 3633 555 3716 liuerit,
583 3633 730 3718 imponat
756 3633 787 3696 ei
809 3630 971 3696 silentium
1000 3630 1108 3695 senior
1129 3630 1286 3716 magister
1307 3651 1462 3716 praesens
1483 3629 1581 3696 modo
1603 3641 1637 3696 ct
1658 3653 1763 3719 poena

335 3754 528 3822 praemrssa.
1334 3814 1337 3822 ,

413 3836 461 3898 31.
476 3827 536 3916 [Bl.
545 3827 612 3915 31⁸]
626 3830 719 3912 Item,
731 3831 760 3893 si
771 3829 888 3916 aliquis
901 3827 1057 3894 scholaris
1069 3826 1199 3914 publice
1208 3828 1382 3894 contendat
1394 3831 1428 3893 in
1441 3851 1553 3894 mensa
1566 3853 1637 3912 sua,
1654 3839 1761 3895 careat

330 3930 480 4019 portione
501 3927 544 3993 ad
571 3929 751 4014 praepositi
773 3927 959 4010 arbitrium;
985 3925 1081 4010 idem,
1112 3929 1140 3992 si
1166 3925 1336 4013 negligens
1364 3928 1461 3993 firerit
1489 3926 1532 3993 ad
1563 3928 1762 4015 perficienda

293 4039 439 4096 itonera
460 4028 569 4114 ipsum
590 4028 825 4092 concernentia.

413 4131 463 4195 32.
493 4126 576 4192 Item
600 4126 782 4212 quicunque
809 4123 1034 4206 baculaureus,
1064 4123 1198 4188 studens
1221 4124 1273 4190 vel
1303 4125 1472 4190 familiaris
1498 4125 1533 4190 in
1554 4125 1695 4214 collegio
1717 4125 1765 4192 vel

331 4227 432 4292 bursa
453 4225 609 4292 iniuriose
633 4225 832 4311 percusserit
854 4223 995 4312 aliquem
1015 4223 1220 4308 magistrum,
1241 4225 1323 4289 citra
1344 4224 1524 4308 emendam,
1548 4247 1648 4313 quam
1672 4225 1764 4292 debet

332 4326 421 4414 parti
451 4323 575 4408 laesae,
608 4347 628 4388 a
655 4324 792 4410 collegio
821 4321 1024 4404 excludatur,
1056 4320 1160 4387 donec
1190 4323 1359 4388 emendam
1388 4325 1502 4390 feccrit
1533 4335 1601 4390 tam
1632 4324 1765 4411 collegio

333 4446 431 4514 quam
458 4423 545 4509 parti
571 4423 690 4507 laesae,
718 4431 775 4489 aut
802 4421 857 4487 det
885 4443 945 4508 pro
973 4429 1135 4486 sbuctura
1164 4427 1183 4488 3
1205 4421 1327 4488 floreno
1337 4449 1356 4489 r.
1402 4423 1437 4488 si
1463 4445 1542 4489 vero
1572 4427 1697 4491 crimen
1717 4421 1766 4489 vel

289 4523 512 4590 &convitium
533 4523 691 4608 magatro
721 4521 916 4610 imposuerit
945 4521 1111 4602 iniuriose,
1144 4521 1230 4585 infra
1261 4531 1328 4586 tras
1362 4521 1431 4587 diez
1463 4525 1647 4590 satisfaciat
1678 4527 1766 4590 iuxta

331 4621 496 4688 dimamsu
515 4623 762 4708 magistrorum3
785 4621 866 4685 alias
887 4619 929 4685 de
947 4617 1083 4704 collegio
1101 4627 1134 4684 et
1149 4618 1251 4686 bursa
1269 4620 1452 4707 expellatur
1472 4631 1529 4689 aut
1550 4623 1659 4692 solvat
1671 4645 1765 4690 unum
1864 4659 1865 4674 .

333 4721 492 4790 florenum
513 4742 574 4806 pro
595 4741 702 4808 poena
724 4730 756 4786 et
780 4729 943 4786 structma
966 4717 1101 4804 collegii
1864 4769 1865 4796 ,

413 4823 461 4890 33.
492 4819 585 4903 Item,
615 4819 871 4907 quandocunque
902 4819 1040 4886 moritur
1068 4815 1186 4905 aliquis
1213 4817 1405 4906 collegiatus
1425 4819 1554 4906 collegii
1575 4822 1765 4910 praesentis,
1864 4819 1865 4824 ’

328 4931 406 4988 tutuo
426 4918 483 4987 alii
504 4917 668 5005 collegiati
697 4918 842 4985 eiusdem
871 4917 999 5003 collegii
1024 4915 1234 5003 praesbyteri
1258 4927 1412 4985 tenentur
1433 4916 1512 5008 [gp]
1536 4919 1647 5007 legere
1675 4919 1763 5010 quili-
1864 4989 1865 4992 ,

288 5017 387 5088 nbat
407 5029 474 5088 tres
493 5019 612 5086 missas
632 5039 695 5108 pro
718 5017 895 5102 defimctis3
923 5016 980 5084 alii
1002 5023 1110 5080 autem
1132 5015 1301 5102 collegiati
1320 5039 1385 5085 non
1407 5018 1616 5108 praesbyteri
1634 5020 1765 5106 quilibet

329 5127 397 5188 tres
411 5117 542 5206 vigilias
562 5117 604 5184 de
625 5122 645 5184 9
667 5116 861 5182 lectionibus
882 5116 990 5182 dicere
1011 5123 1160 5182 tenentur
1183 5115 1270 5184 infra
1290 5139 1433 5185 mensem
1452 5119 1600 5186 eiusdem
1616 5119 1763 5186 defuncti
