3758 6072
374 525 434 593 386
873 523 923 576 Die
944 519 1162 590 pbilosophischs
1179 517 1307 579 esculat.

414 772 472 839 IV.
495 771 664 840 Statuta
685 775 987 840 concernencia
1009 771 1254 860 specialiter
1274 773 1498 859 magistros
1518 773 1560 838 in
1580 771 1752 839 consilio

852 872 1074 938 facultatis
1096 873 1328 938 existentes.

538 1045 564 1106 l.
585 1057 632 1104 Du
653 1056 885 1106 CONSESSIONE
904 1055 1154 1104 trams'raoaurt
1175 1057 1211 1104 m
1233 1055 1394 1104 CONSILIO
1416 1055 1641 1106 racusanus.

455 1170 581 1252 Placet,
610 1181 646 1236 ut
672 1171 826 1238 honestas
853 1172 967 1237 melius
992 1173 1027 1236 in
1054 1170 1188 1238 consilio
1217 1171 1380 1236 facrrltatis
1406 1181 1553 1237 servetur·
1580 1194 1620 1238 ae
1646 1194 1731 1238 error
1754 1185 1780 1238 et
1858 1229 1859 1242 ,

332 1277 349 1334 5
376 1269 520 1336 confirsio
541 1271 576 1335 in
596 1269 782 1336 inductione
801 1280 949 1338 votorum
969 1270 1109 1337 tollatur.
1150 1269 1286 1354 Placuit,
1316 1271 1404 1358 quod
1425 1293 1536 1336 omnes
1555 1275 1701 1360 magistri
1721 1295 1780 1337 con-

374 1367 508 1435 sedeant
529 1370 704 1436 secundum
725 1371 873 1436 ordinem
894 1379 926 1435 et
947 1373 1073 1436 senium
1100 1371 1151 1434 sui
1171 1371 1352 1457 magisterii
1377 1381 1523 1458 tempore
1550 1371 1740 1437 inductionis
1758 1380 1782 1436 et

377 1469 513 1552 consilii,
536 1472 644 1535 senior
665 1473 775 1536 statim
794 1480 870 1558 post
890 1467 954 1557 [6⁸]
977 1470 1136 1535 decanum
1157 1493 1294 1558 sequens
1313 1473 1348 1536 in
1368 1493 1523 1558 scampno
1539 1471 1604 1538 alio
1624 1471 1782 1536 collaterali

374 1577 407 1634 et
435 1569 484 1633 sic
512 1568 667 1657 deinceps
698 1569 834 1656 quilibet
862 1571 896 1634 in
925 1569 1037 1635 ordine
1068 1592 1125 1635 suo
1156 1571 1226 1635 sine
1254 1572 1576 1658 praeposteracioue,
1608 1569 1667 1636 sub
1696 1592 1783 1657 poena

375 1668 544 1732 carenciae
565 1671 724 1756 pecuniae
744 1667 986 1734 distribuendae
1007 1679 1064 1736 aut
1084 1670 1162 1752 voti,
1192 1671 1220 1734 si
1243 1671 1381 1756 pecunia
1402 1668 1628 1734 distribuenda
1653 1668 1780 1748 demerit,

333 1777 366 1832 10
375 1789 435 1854 pro
468 1768 698 1854 magistrorum
733 1768 933 1856 aliorumque
960 1767 1184 1834 consolacione
1219 1767 1486 1834 irremissibiliter
1520 1767 1779 1856 persolvendum.

373 1865 515 1932 Possunt
535 1877 653 1952 tamen,
676 1869 705 1933 si
726 1867 846 1950 volunt,
867 1867 1015 1954 magistri
1037 1869 1127 1932 exire
1145 1879 1176 1932 et
1195 1869 1319 1932 intrare
1341 1867 1469 1932 stubam
1491 1865 1534 1932 ad
1554 1877 1667 1932 nutum
1679 1889 1782 1948 eorum,

375 1965 432 2030 sed
460 1989 526 2032 non
556 1965 674 2032 debent
701 1966 783 2032 inibi
808 1968 842 2032 in
870 1967 1090 2032 confusionem
1117 1975 1149 2032 et
1175 1967 1451 2056 perturbationem
1473 1965 1601 2032 consilii
1622 1968 1731 2053 vagari
1754 1975 1780 2028 et

375 2065 518 2151 spaciari
540 2074 637 2154 atque
660 2068 790 2132 confuse
812 2064 937 2154 absque
958 2064 1147 2153 designato²
1167 2066 1280 2131 ordine
1302 2065 1425 2132 sedere.

477 2238 504 2298 2.
525 2249 573 2297 os
595 2249 743 2298 canunrs
764 2249 974 2298 mrousrturs
998 2248 1390 2298 nemorumnemorum
1412 2248 1700 2298 numerosus.

334 2375 366 2429 lt
457 2363 594 2448 Placuit,
617 2364 704 2452 quod
726 2375 800 2431 ante
822 2365 1010 2431 electionem
1031 2367 1291 2430 examinatorum
1312 2363 1473 2450 eligantur
1495 2374 1634 2449 quatuor
1654 2363 1783 2450 magistri

375 2485 435 2551 per
463 2473 592 2546 sortem,
620 2463 742 2530 decano
765 2473 918 2546 astantes,
948 2465 995 2529 sio
1018 2464 1105 2552 quod
1125 2465 1251 2551 primus
1271 2485 1331 2552 per
1353 2473 1472 2529 sortem
1492 2463 1613 2528 electus
1635 2485 1706 2528 cum
1724 2461 1783 2528 aliis

374 2563 479 2630 tribus
509 2561 549 2628 de
576 2562 649 2628 aliis
674 2562 860 2629 nationibus
889 2564 1039 2650 proxime
1070 2561 1277 2650 sequentibus
1299 2571 1407 2628 astant
1427 2562 1558 2628 domino
1580 2561 1701 2629 decano
1721 2575 1783 2626 tem·

375 2686 455 2750 pore
479 2663 702 2749 imposicionis
730 2661 916 2728 cedularum
944 2661 1014 2744 (illo
1038 2669 1146 2726 tamen
1166 2661 1298 2727 excluso
1321 2663 1487 2748 magistro,
1514 2663 1636 2750 inqua
1656 2660 1785 2727 natione³

376 2763 579 2827 examinator
600 2761 677 2848 eligi
698 2760 818 2846 debet),
840 2771 877 2826 ut
897 2760 1040 2844 videant,
1063 2760 1150 2848 quod
1170 2761 1259 2826 nulla
1278 2761 1367 2826 fratrs
1391 2763 1425 2826 in
1446 2764 1654 2849 impositione
1675 2757 1784 2827 cedula·

336 2871 453 2928 torum
475 2862 701 2927 committatur.
742 2859 787 2926 Et
806 2861 961 2948 magister
982 2860 1156 2928 extrahens
1177 2860 1217 2925 de
1239 2863 1336 2926 mitra
1356 2859 1437 2925 duas
1459 2861 1590 2926 cedulae
1609 2861 1663 2928 vel
1683 2861 1785 2948 plures,

376 2963 514 3028 scienter
534 2961 587 3026 vel
608 2983 681 3046 non,
710 2961 752 3025 sit
772 2959 904 3026 inabilis
928 2961 971 3026 ad
992 2962 1246 3026 examinatorem
1269 2982 1329 3047 pro
1351 2962 1415 3024 ista
1434 2963 1516 3044 vice,
1536 2961 1583 3025 ita
1605 2960 1690 3048 quod
1710 2971 1785 3024 actus

375 3060 429 3127 ille
450 3083 523 3126 cum
545 3059 607 3126 alio
628 3060 681 3125 vel
702 3059 776 3126 aliis
796 3059 931 3125 ulterius
954 3062 1164 3127 continuetur.

766 3229 794 3294 3.
817 3245 864 3292 nn
886 3243 1192 3294 ammaronmus
1212 3241 1408 3293 snronunrs.

460 3361 541 3426 Item
570 3359 707 3447 placuit,
738 3359 826 3448 quod
854 3361 1093 3426 examinatores
1123 3383 1183 3448 per
1204 3369 1324 3424 sortem
1350 3358 1519 3445 eligantur.
1561 3359 1607 3426 Et
1627 3359 1736 3428 modus
1755 3361 1788 3424 sit

335 3464 455 3544 25iste,
484 3457 571 3545 quod
599 3469 761 3546 ponantur
787 3469 835 3525 tot
864 3457 997 3525 cedulae
1024 3459 1168 3547 rmdique
1201 3457 1322 3524 similes
1355 3458 1397 3522 ad
1426 3482 1523 3525 unam
1552 3461 1698 3544 mitram,
1724 3467 1789 3544 quot

378 3569 452 3627 sunt
473 3559 622 3646 magistri
642 3560 737 3624 unius
756 3559 897 3625 nationis
921 3571 1119 3646 praesentes,
1147 3581 1281 3646 quarum
1309 3579 1374 3622 una
1401 3561 1542 3624 continet
1565 3549 1789 3626 ‘examinator'.

380 3661 571 3746 Quicunque
592 3659 822 3744 magistrorum
841 3679 901 3745 per
923 3667 1041 3724 sortem
1068 3679 1140 3724 eam
1160 3659 1298 3744 reperit,
1326 3658 1389 3722 erit
1416 3660 1621 3726 examinator
1645 3657 1702 3726 illa
1719 3662 1788 3738 sice,

377 3769 410 3825 et
437 3759 485 3823 sic
514 3779 572 3822 suo
601 3755 697 3821 modo
725 3757 760 3822 in
789 3755 862 3821 aliis
891 3756 995 3824 tribus
1023 3756 1209 3823 nationibus
1237 3758 1442 3843 practicetur.
1486 3757 1553 3839 Qui
1579 3769 1716 3844 quatuor
1741 3779 1789 3846 per

378 3867 497 3924 sortem
520 3857 568 3921 sic
589 3855 681 3922 electi
702 3879 767 3920 una
787 3878 862 3920 cum
882 3855 1004 3923 decano
1024 3853 1294 3922 baccalariandos
1316 3855 1564 3940 examinabunt3
1590 3860 1639 3924 sic
1658 3857 1789 3925 similiter

335 3965 515 4043 30quatuor
542 3977 601 4042 per
629 3964 748 4021 sortem
771 3953 864 4020 electi
886 3978 961 4021 cum
981 3953 1247 4022 vicecancellario
1273 3956 1513 4042 magistrandos
1542 3958 1744 4046 temptabrmt
1765 3967 1789 4020 et

378 4051 627 4139 examinabam,
655 4056 703 4120 ita
724 4055 811 4142 quod
835 4053 922 4120 solus
943 4055 1084 4122 decanus
1105 4057 1147 4120 sit
1170 4054 1211 4119 de
1232 4057 1372 4120 essentia
1393 4059 1552 4122 examinis
1574 4081 1635 4146 pro
1657 4057 1790 4125 baccala-

379 4155 466 4220 riatu
486 4162 519 4219 et
539 4154 626 4222 solus
646 4153 933 4220 vicecancellarius
952 4178 1013 4244 pro
1034 4155 1233 4242 magisterio.
1264 4153 1409 4235 Quorum
1431 4165 1481 4221 est
1502 4149 1707 4244 quaestiones
1726 4177 1789 4221 exa·

379 4251 542 4320 minandis
563 4255 740 4342 assignare.
782 4253 948 4319 Tenentur
970 4263 1079 4320 tamen
1098 4255 1312 4340 magistrandi
1339 4277 1441 4344 aeque
1465 4249 1549 4321 bene
1578 4279 1653 4322 cum
1681 4255 1789 4322 decano

378 4361 465 4419 stare
486 4351 520 4417 in
540 4355 642 4419 veteri
663 4364 742 4420 arte.

464 4614 578 4672 lPehlt
596 4619 701 4674 etwas?
735 4617 769 4673 In
785 4617 834 4672 der
851 4621 978 4690 sptiteren
996 4616 1152 4672 Redaotion
1168 4635 1223 4673 von
1242 4623 1306 4675 1499
1325 4616 1387 4672 sind
1407 4617 1452 4672 die
1469 4617 1568 4674 Wortc
1586 4639 1644 4692 pro
1662 4621 1790 4694 mapsam

377 4721 438 4760 raros
457 4699 501 4757 bis
515 4702 729 4772 paeolveadam
745 4719 818 4776 ganz
835 4701 1020 4775 anagolassen.
1051 4699 1170 4756 Danach
1186 4705 1277 4757 witrsn
1296 4703 1335 4758 sie
1352 4701 1491 4757 vielleioht
1507 4701 1712 4762 Ueberblerbeel
1726 4705 1790 4760 eines
1858 4735 1859 4754 r

377 4789 414 4846 im
427 4783 571 4843 Entwurfe
589 4786 689 4842 wieder
706 4787 841 4859 getrlgton
852 4785 1031 4858 Vorschlngs,
1048 4785 1093 4840 die
1109 4784 1159 4840 der
1168 4785 1356 4842 Abschreiber
1369 4785 1516 4842 ffllaohlich
1532 4787 1561 4843 in
1577 4789 1624 4845 die
1636 4784 1791 4846 sumant

377 4871 577 5012 auhssqngm
595 4951 684 5009 sicher
699 4953 737 5008 ist
752 4953 797 5010 die
813 4955 926 5027 Lesrmg
943 4954 992 5010 des
1008 4955 1122 5010 Wortes
1139 4954 1223 5010 nicht.

464 5045 479 5095 ³
498 5037 690 5110 Ungeacbickt
705 5039 893 5110 amgedrtckt
911 5036 957 5092 liir
973 5039 1082 5094 achaeo
1099 5047 1187 5094 tamen
1203 5041 1335 5109 mcprittro
1352 5039 1430 5096 tutos
1446 5042 1582 5114 aocs’osu’a
1599 5046 1630 5100 sit
1645 5063 1705 5116 qim.
