3788 6078
606 517 658 572 Dic
675 518 795 572 Statuteu
814 533 874 568 vom
893 514 976 569 fabre
995 517 1067 569 1⁵43.
1490 523 1550 586 609

128 707 213 785 tent,
233 697 397 768 decretum
418 711 484 784 est,
507 699 593 789 quod
614 699 832 766 adsumendus
854 701 955 766 eisin
977 698 1132 766 honorem
1154 723 1220 764 una
1241 722 1314 764 cum
1335 701 1550 788 positionibus

128 808 267 887 quatuor
287 799 389 866 libras
410 801 540 866 cuccari
561 800 697 865 confecti
720 798 848 864 domum
871 799 956 864 dono
977 801 1094 881 mittat,
1114 801 1161 865 ite
1182 798 1269 884 quod
1292 798 1409 884 singuli
1431 799 1550 866 libram

129 921 229 964 unam
249 902 282 966 in
305 923 419 966 munus
439 901 610 987 recipiant.
1622 975 1626 980 ¹

211 999 264 1064 De
285 1001 423 1088 pecunia
445 1009 568 1082 autem,
597 1020 694 1084 quam
725 995 820 1064 solvit
850 997 1068 1063 adsumendus
1091 997 1220 1079 doctor,
1249 1007 1374 1084 ponant
1403 1000 1551 1066 doctores

128 1097 170 1164 de
191 1099 325 1166 consilio
344 1099 509 1167 facultatis
531 1098 613 1164 duos
633 1119 749 1162 aureos
770 1095 812 1162 ad
833 1095 962 1178 fiscum,
985 1107 1016 1162 et
1037 1096 1191 1184 reliquam
1215 1098 1386 1183 pecuniam
1408 1099 1492 1164 inter
1515 1123 1548 1165 se
1576 1112 1593 1166 5

128 1195 287 1264 dividant.

168 1415 216 1464 Da
239 1415 488 1467 coaetaneum
509 1413 610 1464 MODO
633 1413 701 1461 PER
723 1412 890 1462 bacarum
911 1414 946 1462 nl
970 1411 1296 1461 GONVOCATIONIBUS
1317 1412 1511 1463 Docroaun

530 1515 576 1562 ΕΤ
597 1511 811 1562 nummus
831 1511 1157 1561 Paouovauuonuu.

616 1632 728 1695 Caput
746 1629 792 1683 vl.
814 1628 887 1694 (Vgl.
905 1635 928 1682 d.
947 1632 1011 1682 sat.
1029 1632 1066 1690 5.)

214 1749 253 1815 lu
274 1746 561 1814 convocationibus
583 1746 751 1812 doctorum
775 1743 917 1810 decanus
939 1768 999 1832 pro
1020 1745 1129 1834 aliquo
1150 1747 1282 1828 negocio
1303 1745 1467 1811 facultatis
1487 1757 1552 1812 tra·
1565 1758 1595 1813 10

130 1847 250 1914 ctando
269 1857 301 1914 et
320 1844 523 1934 expediendo
542 1855 648 1933 potest
664 1843 817 1909 inducere
837 1843 872 1908 et'
890 1844 1065 1910 secundum
1086 1847 1241 1910 maiorem
1262 1846 1407 1933 ipsorum
1429 1857 1553 1933 partem

129 1947 358 2036 suffragiorum
381 1967 562 2032 vocumque
583 1943 847 2010 concordantium
870 1943 1075 2027 concludere,
1099 1953 1326 2032 praeterquam
1347 1947 1381 2009 in
1400 1946 1553 2031 gratiosis

130 2055 163 2130 et
192 2044 478 2134 praeiudicialibus
507 2066 589 2108 unus
617 2041 704 2107 solus
735 2045 855 2128 poterit
886 2043 1109 2109 contradicere
1137 2054 1169 2108 et
1200 2042 1393 2127 reclamare,
1424 2055 1455 2109 et
1483 2048 1553 2111 eius

132 2144 347 2212 contradictio
369 2155 401 2208 et
421 2142 608 2208 reclamatio
626 2141 720 2206 valet.
755 2140 876 2206 Verum
897 2146 929 2206 iu
949 2141 1153 2207 examinibus
1176 2142 1468 2230 promovendorum
1490 2168 1556 2210 vox

128 2244 182 2311 vel
204 2255 314 2311 votum
336 2245 430 2309 unius
452 2253 576 2307 tantum
597 2241 739 2306 doctoris
754 2236 785 2327 [3
793 2237 818 2326 ¹]
834 2251 988 2329 tanquam
1011 2265 1076 2306 vox
1099 2239 1216 2306 nullius
1237 2243 1455 2329 reputabitur3
1478 2267 1553 2309 nam
1567 2255 1596 2310 1⁵

128 2345 190 2410 hoc
216 2365 304 2426 casu,
326 2341 413 2431 quod
433 2343 539 2406 maior
559 2362 637 2428 pars
661 2340 782 2422 secent,
805 2341 884 2404 iuris
906 2339 1119 2429 dispositione
1140 2342 1256 2406 fecisse
1280 2339 1439 2408 dicuntur.
1471 2341 1549 2409 Ideo

127 2467 200 2509 cum
226 2445 342 2509 maiori
364 2452 457 2529 parte
478 2440 636 2523 decanus,
658 2461 751 2504 suam
773 2449 897 2503 tentum
918 2461 1031 2504 vocem
1054 2439 1331 2523 connumerando,
1360 2440 1553 2508 concludere

128 2542 230 2608 debet
251 2551 327 2607 tunc
349 2561 420 2606 esse
443 2538 628 2605 adstrictis.

545 2755 592 2803 DE
620 2755 830 2803 HABILITATE
860 2754 1148 2805 PROMOVENTIUM.

620 2874 724 2939 Caput
737 2874 796 2925 Vll.
814 2875 887 2938 (Vgl.
899 2879 923 2922 t.
936 2875 1000 2925 Stat.
1013 2875 1068 2932 42.)
1564 2884 1599 2942 w

210 2989 306 3055 Anno
335 2989 457 3054 domini
485 3007 519 3055 lt.
540 3007 574 3054 Ι).
596 3007 657 3052 vm
687 2987 747 3053 sub
770 2987 930 3052 decanatu
951 2986 983 3053 d.
1005 2987 1147 3054 doctoris
1166 2989 1297 3054 Ioannis
1317 2988 1555 3077 Laudespergii

127 3111 201 3154 oum
222 3088 420 3154 Heinrichus
442 3087 586 3154 Stromer
601 3086 818 3170 Aurbacbius,
842 3086 1012 3152 Conradus
1029 3085 1171 3152 Tockler
1187 3088 1337 3170 Noricus,
1358 3089 1476 3152 artium
1487 3113 1554 3154 ma·

126 3190 232 3274 gistri,
254 3197 285 3252 ct
308 3186 569 3275 CasparKegler
590 3209 630 3250 ac
649 3185 800 3250 Baltasar
819 3185 1164 3271 LotuigerHallensis,
1186 3209 1250 3250 non
1273 3187 1432 3272 magistri,
1454 3189 1555 3275 petie·

129 3298 207 3352 runt
225 3285 508 3352 baccalaureatum
529 3283 725 3366 medicinae,
749 3295 825 3349 tunc
854 3295 989 3372 propter
1018 3283 1098 3350 duos
1125 3307 1190 3349 non
1218 3287 1392 3372 magistros
1421 3287 1556 3352 suborta

129 3389 190 3453 fuit
210 3387 323 3473 gravis
345 3385 512 3452 altercatio
534 3385 618 3448 inter
638 3381 795 3449 doctores.
839 3383 921 3451 Cum
944 3393 1051 3448 autem
1073 3405 1137 3448 non
1158 3395 1292 3470 possent
1311 3383 1384 3450 illos
1404 3408 1468 3450 nou
1488 3396 1597 3452 mss-2⁵

129 3489 254 3574 gistros
277 3485 466 3572 repudiare,
489 3505 530 3548 ex
551 3504 613 3568 quo
634 3505 698 3548 non
721 3482 886 3549 habebant
908 3493 1062 3549 statutum
1081 3483 1162 3570 ipsis
1184 3487 1391 3566 contrarium,
1413 3494 1445 3550 et
1465 3488 1556 3572 prius

130 3586 308 3674 aliquando
339 3587 459 3650 factum
486 3585 547 3648 fuit
575 3592 662 3670 (post
690 3585 924 3670 promotionem
953 3585 1100 3668 magistri
1121 3581 1256 3647 Henrici
1277 3582 1445 3650 Aurbacbi
1466 3585 1555 3650 Stro-

131 3687 226 3770 meri,
249 3687 304 3774 qui
326 3685 413 3751 solus
435 3682 495 3750 sub
518 3693 681 3750 rectoratu
703 3706 760 3748 suo
782 3681 896 3747 eodem
923 3705 1009 3747 anno
1030 3681 1260 3747 baccalaureus
1282 3693 1449 3770 promotus
1471 3686 1556 3770 fuit),

130 3785 190 3852 alii
212 3785 276 3851 duo
299 3807 364 3850 uon
392 3784 541 3870 magistri
571 3805 642 3848 cum
672 3784 829 3868 magistro
852 3781 1003 3849 Conrado
1026 3781 1146 3847 Norico
1169 3805 1253 3847 anno
1275 3799 1306 3846 Μ.
1327 3800 1361 3848 D.
1383 3807 1468 3850 nono
1489 3786 1556 3851 bre·

131 3895 209 3951 runt
230 3887 264 3949 in
287 3883 449 3949 medicina
469 3881 676 3948 baccalaurei
696 3882 846 3969 promoti.
890 3881 999 3963 Quare
1021 3891 1098 3946 tunc
1119 3880 1270 3946 concordi
1293 3903 1348 3946 ore
1370 3884 1599 3951 conclusum30

131 3995 182 4051 est
207 4007 267 4072 per
290 4005 400 4050 omnes
420 3981 585 4068 doctores,
608 3981 694 4070 quod
716 3979 821 4046 nullus
842 3982 876 4045 in
898 3991 1062 4068 posterum
1083 3983 1116 4044 in
1138 3979 1245 4064 aliquo
1276 3981 1383 4066 gradu
1407 3985 1558 4070 insigniri

130 4083 248 4150 autad
267 4083 513 4149 contubernium
531 4105 588 4148 scu
608 4080 777 4168 collegium
798 4079 997 4146 medicorum
1019 4078 1147 4144 adsumi
1168 4077 1294 4161 debeat,
1317 4081 1395 4168 quin
1416 4084 1458 4147 sit
1478 4082 1557 4149 libe·

130 4184 251 4250 salium
273 4184 392 4248 artium
413 4184 578 4269 magister.
622 4180 718 4262 Quod
741 4179 854 4245 itidem
880 4177 1114 4245 conclamatum
1138 4187 1187 4244 est
1212 4199 1271 4265 per
1300 4202 1411 4246 omnes
1439 4191 1470 4248 et
1494 4184 1557 4248 sin·

131 4283 226 4370 gulos
258 4281 439 4348 medicinae
465 4281 622 4348 doctores.

217 4383 315 4447 Anno
343 4400 379 4447 n.
400 4400 436 4446 1).
457 4400 494 4446 xl
519 4391 594 4468 post
620 4381 856 4468 promotionem
882 4377 1018 4444 'illorum
1047 4387 1184 4465 quatuor
1218 4379 1471 4463 nominatorum,
1500 4383 1598 4467 quitt

136 4492 338 4570 acceperimt
358 4503 397 4547 eo
420 4503 504 4546 auno
525 4499 563 4546 xl
585 4491 703 4567 quarta
724 4479 776 4543 die
797 4476 992 4544 Novembris
1014 4477 1158 4542 lauream
1181 4477 1389 4561 doctoralem,
1414 4491 1445 4545 et
1465 4490 1553 4567 post·

131 4605 236 4666 remo,
258 4579 387 4671 quando
409 4579 454 4646 ad
474 4578 659 4646 facultatem
680 4581 804 4666 recepti
825 4586 913 4660 sunt,
934 4575 1048 4641 cadem
1070 4575 1195 4641 scilicet
1213 4577 1341 4664 quinta¹
1362 4578 1557 4646 Novembris

133 4681 354 4772 approbatum
375 4690 425 4746 ost
446 4703 506 4768 par
531 4678 603 4746 illos
630 4687 769 4764 quatuor
797 4688 828 4743 et
857 4697 968 4742 omnes
990 4675 1139 4741 doctores
1164 4674 1206 4740 de
1227 4676 1371 4763 collegio,
1394 4689 1429 4744 ut
1449 4678 1557 4745 nullus

133 4785 168 4851 in
197 4782 341 4846 futurum
373 4779 416 4846 ad
445 4779 624 4845 medicinae
649 4777 791 4862 insignia
818 4786 874 4840 aut
904 4774 1044 4860 gradum
1075 4774 1264 4841 admittatur
1291 4799 1351 4841 nec
1377 4776 1421 4842 ad
1447 4787 1555 4844 contu·

134 4881 286 4948 bernium
315 4879 484 4946 doctorum
516 4888 574 4945 aut
606 4875 771 4943 facultatis
804 4875 1008 4956 adsumatur,
1042 4874 1120 4961 quin
1151 4876 1194 4940 sit
1223 4873 1406 4941 liberalium
1437 4879 1598 4942 artiumttl
1721 4945 1724 4952 ,

134 4981 302 5067 magister.

227 5205 237 5253 1
259 5197 296 5252 So
315 5196 388 5252 stebt
404 5193 464 5250 bier
480 5195 531 5250 mit
548 5193 726 5250 Buchstabcn
745 5191 932 5263 gescbriebeu,
950 5189 1022 5245 oben
1040 5187 1108 5243 aber
1124 5199 1224 5262 qrsarto
1240 5190 1291 5245 mit
1307 5189 1410 5247 Ziffaru
1427 5191 1512 5248 11112.

231 5299 449 5338 arsrurasaucu
466 5299 523 5334 aaa
541 5299 613 5336 uass.
631 5297 749 5335 sarrano.
1347 5285 1387 5346 39
