3748 6070
628 467 677 517 on
697 465 796 519 aaran
814 463 938 532 regrum.
1449 464 1510 531 349

73 645 187 736 aliquo
219 647 464 734 praedictorum
495 660 665 735 suspectus
694 648 745 714 vel
775 651 951 714 infamatus
983 648 1096 729 fuerit,
1129 647 1192 711 nisi
1226 671 1259 713 se
1292 647 1332 712 de
1361 647 1419 713 tali
1451 671 1510 736 per

73 770 169 812 suum
206 748 423 812 iuramentum
455 751 702 834 expurgaverit,
736 748 779 814 ad
815 769 966 829 examen,
999 759 1034 812 ut
1066 749 1279 834 praemissum
1310 757 1372 830 eat,
1404 748 1510 836 aliquo

73 845 173 911 modo
199 845 402 912 admittatur.

144 1035 176 1096 9.
202 1025 267 1118 [Bl.
289 1027 362 1117 34⁸]
386 1047 557 1109 ooouooo
580 1047 838 1097 rsouovsunus
861 1048 1023 1096 rnnsrun
1045 1047 1153 1095 srssn
1174 1049 1209 1096 m
1231 1048 1353 1097 suasrs
1375 1049 1443 1096 vnn

702 1147 895 1197 conusens.
1536 1140 1553 1196 5

657 1267 715 1330 Vgl.
738 1268 884 1330 Hauptatat.
903 1265 944 1316 41.

160 1396 250 1460 Item
270 1393 377 1460 nullus
404 1394 593 1462 admittatur
614 1396 658 1461 ad
679 1419 816 1464 examen
842 1420 901 1484 pro
927 1395 1033 1482 gradu
1052 1395 1291 1464 baccalariatus
1317 1398 1352 1461 in
1374 1396 1509 1480 artibus,

76 1497 141 1560 nisi
165 1494 213 1560 ad
234 1495 342 1560 minus
367 1517 426 1582 per
449 1517 567 1560 annum
588 1495 750 1582 integrum
772 1499 806 1562 in
828 1495 929 1562 bursa
948 1495 1000 1560 vel
1022 1495 1157 1582 collegio
1181 1499 1320 1578 steterit,
1343 1497 1407 1560 nisi
1425 1495 1510 1560 filius

77 1594 228 1660 civitatis
251 1594 348 1660 fuerit
373 1592 425 1660 vel
451 1593 533 1659 alias
555 1593 636 1660 adeo
659 1595 850 1661 habundans
873 1594 925 1660 vel
953 1594 1106 1664 notabilis
1133 1596 1244 1677 fuerit,
1275 1594 1361 1683 quod
1385 1594 1512 1661 domum

78 1694 258 1781 propriam
283 1703 392 1758 tenere
419 1703 452 1758 et
479 1716 639 1781 expensas
667 1697 818 1783 proprias
847 1718 912 1760 una
939 1717 1013 1759 oum
1036 1695 1191 1780 magistro
1219 1695 1272 1759 vel
1298 1695 1508 1760 informatore
1522 1703 1553 1758 10

78 1795 221 1880 poterit,
250 1792 302 1857 vel
332 1803 524 1880 paupertate
553 1804 708 1878 gravatus
735 1795 905 1862 serviendo
932 1793 1011 1858 alibi
1040 1817 1202 1881 expensas
1224 1797 1258 1859 in
1285 1804 1351 1859 toto
1373 1792 1425 1858 vel
1454 1816 1513 1880 pro

79 1891 265 1956 medietate
286 1893 406 1977 poterit
426 1889 547 1956 habers
573 1895 686 1978 gratis,
714 1893 755 1958 de
777 1917 840 1980 quo
861 1892 958 1958 fidem
980 1893 1125 1958 facultati
1148 1894 1208 1959 sub
1231 1916 1290 1958 sua
1312 1893 1513 1958 consciencia

81 2015 142 2078 per
167 1991 254 2056 duos
275 1990 363 2055 viros
385 1989 540 2076 ydoneos,
563 1993 617 2078 qui
638 1993 772 2058 credant
790 1995 837 2057 ita
856 1994 935 2075 fore,
955 1994 1062 2058 facere
1083 1992 1256 2078 obligatur.

229 2178 276 2242 10,
298 2188 345 2237 DE
365 2189 568 2240 mundanae
590 2191 819 2240 PROMOVENDI
840 2193 876 2240 IN
897 2191 1044 2240 ARTIBUS
1066 2192 1133 2238 VEL
1154 2191 1383 2239 uxamiam.

662 2327 722 2391 Vgl.
741 2329 888 2390 Hauptstat.
907 2327 948 2378 42.
1528 2334 1558 2390 15

169 2457 255 2524 Item
275 2456 415 2522 decanus
434 2456 556 2522 nullum
576 2455 671 2522 debet
692 2458 870 2524 inscribere
891 2479 952 2545 pro
968 2456 1128 2539 examine,
1149 2457 1213 2520 nisi
1235 2457 1327 2543 prins
1347 2456 1412 2522 tale
1431 2458 1514 2522 fece-

81 2561 127 2624 rit
152 2559 390 2622 iuramentum:
433 2554 527 2642 „Ego
550 2557 597 2621 .N.
625 2557 707 2640 iuro,
736 2557 822 2642 quod
854 2580 913 2622 nec
934 2558 1066 2622 accione
1088 2578 1148 2620 nec
1170 2555 1306 2638 ulcione,
1335 2578 1395 2622 nec
1416 2556 1517 2622 verbo

81 2681 146 2722 nec
159 2658 260 2738 facto,
282 2677 342 2720 nec
362 2677 421 2742 per
435 2678 558 2721 menae
570 2657 750 2744 paralium,
772 2680 832 2722 nec
844 2658 967 2722 directe
988 2677 1048 2720 nec
1068 2655 1235 2738 indirecte,
1257 2654 1309 2720 vel
1330 2678 1520 2744 quocunque
1638 2677 1646 2688 ·

84 2757 152 2822 alio
174 2754 273 2821 modo
295 2754 465 2819 mavelim
485 2756 662 2840 vindicare,
693 2759 721 2822 si
743 2756 786 2821 ad
808 2778 946 2822 examen
968 2779 1032 2820 non
1051 2755 1142 2820 fuero
1163 2753 1324 2820 admissus
1345 2755 1396 2820 vel
1417 2757 1519 2820 eciam

82 2867 164 2943 post
187 2877 327 2920 examen
354 2855 502 2938 reiectus,
531 2857 591 2920 sub
619 2879 724 2944 poena
753 2859 897 2943 periurii,
924 2855 1010 2939 quod
1042 2865 1154 2918 contra
1181 2854 1303 2918 faciens
1330 2855 1403 2940 ipso
1431 2855 1560 2922 fucata

83 2960 233 3036 incurro,
257 2962 288 3018 et
311 2961 438 3018 centum
461 2953 665 3037 florenorum,
695 2977 831 3043 quorum
852 2953 1010 3019 medietas
1032 2953 1127 3018 cedat
1147 2951 1204 3036 illi,
1234 2976 1330 3040 quem
1351 2955 1398 3017 sic
1418 2955 1519 3041 impc-

83 3067 167 3136 tam,
190 3051 258 3117 alia
278 3075 356 3117 vero
379 3051 536 3118 medietas
559 3054 653 3121 cedat
674 3052 854 3120 facultati.“

127 3244 175 3302 ll.
198 3253 246 3299 DE
269 3252 384 3302 POENA
406 3253 676 3302 MOLESTANCIUM
696 3251 965 3300 Exnnmnaousss
985 3251 1030 3298 ΕΤ
1053 3251 1099 3297 DE
1120 3250 1339 3300 asstsraucm
1361 3250 1485 3299 FACUL·

682 3351 782 3400 Tacts
803 3351 943 3399 EISDEM.

666 3489 726 3552 Vgl.
745 3489 890 3550 Hauptssat.
910 3487 951 3538 48.
1529 3493 1563 3548 25

175 3619 259 3684 Item
280 3615 388 3682 nullus
411 3619 543 3684 accione
564 3617 616 3683 vel
637 3617 772 3702 ulcione,
802 3639 862 3704 per
883 3639 917 3681 se
938 3614 990 3682 vel
1013 3639 1072 3704 per
1094 3615 1202 3700 aliurn,
1226 3615 1347 3682 directe
1367 3615 1419 3682 vel
1440 3616 1522 3681 indi-

84 3731 190 3803 recte,
217 3717 320 3784 verbo
346 3716 398 3781 vel
428 3719 513 3784 facto
541 3718 592 3784 vel
619 3739 809 3803 quocunque
838 3717 901 3781 alio
930 3717 1024 3782 modo
1050 3721 1185 3803 impetat
1212 3715 1263 3781 vel
1292 3714 1439 3782 molestet
1466 3715 1522 3781 ali·

85 3843 189 3910 quem
217 3819 259 3883 de
286 3819 451 3903 magistris
478 3818 530 3885 vel
559 3817 834 3882 examinatoribus
864 3839 924 3902 pro
953 3839 1000 3899 co,
1031 3816 1118 3902 quod
1146 3815 1285 3904 aliquem
1313 3815 1354 3880 de
1382 3817 1449 3881 suis
1479 3815 1521 3880 ad

85 3919 232 4007 gradum
261 3916 501 3982 baccalariatus
530 3941 571 3981 ex
600 3939 698 3980 causa
726 3915 911 3979 rationabili
934 3938 999 3980 non
1029 3915 1161 3981 admisit
1182 3915 1234 3980 vel
1262 3917 1364 3980 eciam
1386 3914 1523 3980 eundem

85 4027 188 4086 iuxta
208 4017 446 4082 conscienciam
477 4039 570 4081 suam
597 4025 628 4080 et
654 4017 868 4080 iuramentum
891 4027 1058 4102 tamquam
1083 4015 1251 4102 indignum
1274 4017 1396 4080 reiecit.
1437 4015 1563 4082 Oen-30

83 4120 229 4185 trarium
249 4116 373 4180 faciens
394 4114 480 4179 ultra
507 4125 632 4180 reatum
661 4115 804 4203 periurii,
833 4114 920 4202 quod
950 4114 1021 4200 ipso
1043 4114 1129 4180 facto
1157 4115 1308 4198 incurrit,
1331 4124 1363 4180 et
1391 4125 1519 4181 centurn

85 4221 290 4285 florenorum
319 4235 473 4302 poenam,
502 4237 639 4302 quorum
666 4215 824 4279 medietas
852 4214 947 4278 cedat
974 4213 1021 4278 illi
1050 4214 1102 4278 vel
1128 4213 1204 4297 illis,
1232 4236 1328 4301 quem
1354 4215 1406 4281 vel
1440 4239 1546 4304 quos¹

85 4319 141 4382 sic
166 4315 295 4402 impetit
323 4312 377 4376 vel
407 4313 556 4378 molestat
562 4363 571 4397 ,
601 4313 666 4379 alia
693 4313 848 4378 medietas
875 4311 970 4377 cedat
998 4312 1159 4396 facultati,
1188 4313 1291 4377 eciam
1319 4325 1475 4400 perpetue
1502 4340 1522 4381 a

84 4413 247 4480 facultate
269 4415 393 4478 arcium
413 4415 455 4479 sit
475 4413 636 4479 exclusus.
675 4413 817 4478 Tenetur
839 4415 940 4477 eciam
959 4411 1096 4477 facultas
1120 4407 1203 4499 [34¹³]
1225 4412 1273 4477 illi
1294 4413 1347 4478 vel
1367 4414 1441 4496 illis,
1464 4415 1520 4502 qui

87 4517 142 4580 sic
163 4514 329 4600 impetitur
343 4512 395 4577 vel
416 4515 623 4600 impetuntur,
648 4513 837 4578 molestatur
853 4523 908 4576 aut
926 4510 1148 4594 molestantur,
1171 4510 1301 4577 realiter
1316 4535 1389 4578 cum
1403 4513 1519 4579 effectu
1528 4521 1561 4578 35

85 4614 250 4680 assistere
270 4621 317 4695 et,
347 4613 376 4676 si
398 4635 477 4698 opus
499 4612 608 4696 fuerit,
639 4613 739 4676 eciam
763 4611 822 4676 sub
845 4611 997 4699 expensis
1025 4610 1187 4677 facultatis
1215 4616 1356 4702 propriis
1385 4611 1522 4677 eundem

85 4713 146 4778 vel
173 4712 312 4793 eosdem,
342 4712 445 4779 eciam
475 4711 768 4798 aquibuscunque,
796 4713 872 4777 totis
895 4710 1019 4782 viribus
1047 4709 1215 4776 defensare
1237 4723 1282 4798 et,
1315 4721 1467 4802 quantum
1489 4713 1524 4775 in

86 4837 133 4878 ea
161 4811 265 4894 fuerit,
286 4833 476 4876 assecurare
497 4835 557 4876 nec
578 4833 642 4876 non
663 4809 806 4876 totaliter
828 4811 1011 4898 exbrigare.

183 5013 274 5078 Haec
306 5013 416 5077 omnia
451 5020 638 5097 supratacta
674 5019 794 5076 statuta
830 5012 917 5078 nullo
950 5013 1180 5100 praetermisso
1217 5021 1342 5078 tenetur
1380 5010 1523 5077 decanus

88 5126 245 5198 tempore
269 5111 528 5198 dispensaciouis
554 5120 586 5174 et
606 5119 752 5197 tempore
781 5113 931 5178 introitus
962 5111 1004 5176 ad
1036 5135 1171 5178 examen
1199 5115 1321 5177 intrare
1342 5111 1566 5178 volentibusIO
