3794 6066
623 383 676 418 von
696 367 804 432 Herzog
821 369 915 418 Morta
934 369 1063 433 Matium.
1509 377 1549 440 77

127 550 208 637 pali,
228 551 278 616 ita
298 559 334 614 ut
356 549 508 637 deinceps
530 549 701 632 servanda,
722 549 944 638 exsequenda,
971 551 1170 638 praestanda
1189 574 1250 618 nec
1275 577 1340 620 non
1361 552 1485 642 (novis,
1512 567 1548 622 ut

125 650 169 733 lit,
192 649 328 715 casibus
345 649 597 736 emergentibus)
608 651 741 736 inuper
762 649 922 736 augenda,
945 649 1148 736 corrigenda,
1170 652 1380 738 explananda
1401 655 1441 720 de
1463 665 1554 721 com-¹

125 751 213 814 muni
235 750 383 816 omnium
403 760 436 815 et
455 751 599 815 unanimi
621 749 740 815 iudicio
767 759 799 814 et
828 751 1002 832 sententia,
1034 752 1068 814 in
1092 750 1208 836 quibus
1239 755 1362 819 cunctis
1391 777 1547 820 summam

125 848 329 936 diligentiam
359 871 399 914 ac
423 847 520 913 fidem
548 848 764 916 adhibendam
793 847 854 913 sibi
877 851 998 914 scirent
1033 872 1091 938 pro
1120 872 1159 914 eo
1189 861 1285 938 atque
1312 852 1372 918 deo
1397 857 1549 942 primum,

125 951 186 1035 ipsi
208 946 331 1012 deinde
357 948 532 1036 principali
552 949 775 1036 cxpectacicni
797 949 1019 1015 satisfacturos
1041 973 1075 1014 se
1098 962 1274 1036 sperarent.
1315 953 1420 1019 Huius
1442 963 1574 1019 autemt

127 1049 349 1114 ordinacionis
370 1059 403 1113 et
424 1057 614 1113 statutorum
633 1049 795 1135 expositio
815 1051 968 1136 sequitur,
988 1061 1099 1136 estque
1120 1049 1208 1115 haec.

779 1251 941 1314 Capeti.
1017 1321 1028 1340 ι

137 1401 182 1448 Da
203 1399 368 1449 RECTORE
390 1399 652 1448 umvaasl’rarls
674 1397 929 1447 senonssrlcaa
949 1399 1067 1460 Daque
1086 1399 1146 1466 118,
1168 1401 1228 1462 qm
1248 1399 1428 1450 merenas
1447 1401 1540 1451 FIERI

798 1499 964 1548 Posstm‘r.

205 1617 289 1683 cnm
309 1617 380 1682 sine
400 1623 561 1702 potestate
580 1613 786 1703 praesidente
805 1636 845 1679 ae
864 1614 1000 1680 ducente
1020 1613 1190 1681 multitudo
1211 1617 1269 1681 vix
1287 1639 1429 1706 unquam
1445 1619 1545 1683 virtu-
1557 1629 1589 1684 ¹0

127 1719 167 1782 tis
186 1718 275 1782 viam
295 1715 425 1800 ingredi
449 1737 488 1778 ac
506 1713 707 1802 potinsnihil
724 1717 854 1780 omnino
865 1724 962 1794 recte,
981 1725 1149 1802 tamquam
1161 1738 1280 1804 corpus
1294 1716 1416 1805 absque
1431 1719 1547 1805 capite,

127 1819 231 1882 facere
253 1815 374 1897 soleat,
402 1813 479 1879 ideo
499 1813 540 1878 ab
563 1815 694 1903 antiquo
715 1837 843 1902 semper
865 1813 1074 1880 observatum
1096 1825 1130 1879 ct
1150 1815 1322 1902 diligenter
1343 1829 1549 1904 praeceptum

127 1918 183 1981 fuit
197 1917 249 1981 et¹
272 1915 368 1980 nobis
390 1923 466 1978 ante
487 1915 595 1978 omnia
616 1914 873 1980 constituendum
894 1937 965 1980 esse
985 1917 1093 1982 visum
1114 1924 1173 1998 est,
1193 1925 1229 1980 ut
1243 1938 1325 1980 unus
1345 1914 1548 1982 administra-

126 2017 202 2081 tioni
232 2014 482 2081 universitatis²
510 2012 721 2079 scholasticae
742 2023 848 2079 rector
874 2013 1120 2102 praeficeretur,
1153 2015 1182 2079 is
1203 2015 1255 2080 vir
1276 2025 1307 2080 et
1328 2014 1390 2082 hac
1416 2017 1550 2101 ratione,

126 2126 159 2179 ut
181 2115 336 2201 deinceps
358 2121 546 2200 exponetur.
1558 2125 1590 2182 15

207 2214 329 2280 Rector
349 2213 570 2278 universitatis
592 2211 814 2296 scholasticae,
836 2207 927 2280 cuius
948 2215 1157 2300 magistratus
1180 2213 1345 2278 semestris
1359 2215 1430 2297 erit,
1452 2214 1549 2302 elige-

127 2323 176 2378 tur
195 2314 248 2378 vir
269 2311 390 2396 bonus,
420 2310 581 2399 prudens,
602 2314 732 2399 pietatis
754 2336 878 2396 amans,
898 2315 969 2379 vita
989 2335 1177 2399 morumque
1198 2312 1366 2379 honestate
1389 2335 1548 2381 commen-

128 2413 230 2496 datus,
253 2412 406 2499 legitimis
427 2413 617 2498 progenitus
638 2415 776 2500 nuptiis,
804 2437 901 2479 unum
924 2415 1054 2480 omnino
1074 2412 1169 2478 huius
1190 2413 1336 2499 corporis
1357 2415 1548 2480 universita-

127 2515 167 2576 tis
188 2523 319 2579 nostrae
341 2511 556 2578 scholasticae
576 2511 768 2596 membrum,
788 2514 843 2600 qui
864 2512 994 2599 quidem
1014 2535 1117 2599 neque
1139 2513 1220 2578 civis
1241 2511 1422 2598 Lipsiensis
1443 2535 1547 2600 neque

128 2614 231 2677 minor
250 2621 331 2676 natu
352 2613 446 2676 annis
467 2612 582 2697 viginti
603 2613 752 2698 quinque.
792 2611 830 2676 In
852 2635 914 2701 quo
936 2624 1044 2678 tamen
1064 2613 1127 2679 hoc
1154 2611 1294 2700 placuit,
1324 2621 1373 2694 ut,
1402 2615 1430 2678 si
1460 2613 1586 2679 fortem

129 2711 223 2776 alicui
245 2711 333 2794 duci,
356 2712 481 2793 comiti,
502 2709 631 2794 baroni,
660 2713 715 2799 qui
736 2711 915 2777 studiorum
935 2714 1042 2799 gratia
1063 2714 1126 2778 huc
1148 2735 1183 2776 se
1206 2711 1408 2795 contulisset,
1431 2713 1548 2778 minori

129 2812 359 2897 annisviginti
382 2811 538 2897 quinque,
570 2809 623 2874 hic
650 2813 874 2897 magistratus,
902 2813 955 2876 vel
975 2813 1079 2899 ipsius
1104 2811 1236 2878 honoris
1257 2811 1309 2876 vel
1331 2810 1479 2877 utilitatis
1500 2813 1548 2876 rei

129 2910 340 2976 scholasticae
363 2930 473 2992 causa,
493 2909 663 2975 mandatus
685 2913 728 2975 sit
749 2912 851 3001 (qnod
870 2912 942 2976 fieri
961 2923 1067 3000 potest
1088 2921 1120 2977 et
1138 2911 1245 2995 licet),
1268 2922 1337 2978 tum
1358 2913 1460 2998 igitur
1480 2911 1548 2999 pla·

131 3013 194 3075 cuit
213 3009 348 3096 adiungi
370 3009 512 3096 aliquem
531 3011 637 3074 virum
658 3010 766 3093 talem,
787 3010 914 3098 qualern
935 3034 1037 3099 supra
1046 3010 1287 3098 descripsimus,
1310 3012 1366 3100 qui
1382 3023 1548 3100 tamquam

129 3133 187 3196 pro
197 3121 325 3176 rectore
339 3109 544 3176 universitati
557 3108 770 3176 scholasticae
791 3111 915 3198 praesit
936 3121 969 3176 et
991 3133 1050 3176 sua
1061 3110 1234 3199 prudentia
1246 3122 1342 3199 atque
1355 3111 1544 3176 assiduitate
1555 3118 1588 3175 25

130 3212 235 3275 omnia
255 3209 424 3295 gubernet.
466 3206 561 3289 Quod
583 3210 611 3274 si
629 3211 713 3274 forte
735 3211 878 3297 suspicio
899 3211 956 3294 sit,
984 3233 1071 3294 eum,
1102 3213 1158 3298 qui
1184 3211 1219 3275 in
1248 3219 1406 3276 rectorem
1426 3210 1546 3275 electus

129 3309 232 3394 fuerit,
252 3309 306 3374 vel
327 3331 392 3374 non
414 3329 486 3373 esse
504 3310 538 3372 in
557 3330 693 3374 numero
714 3308 915 3374 subditorum
938 3320 1069 3375 nostrae
1090 3310 1311 3374 universitatis
1325 3307 1547 3392 scholasticae,

129 3409 179 3473 vel
200 3411 299 3474 etiam
320 3407 361 3473 de
381 3415 487 3473 aetate
510 3410 538 3473 si
560 3411 782 3474 controversia
801 3411 872 3493 erit,
894 3410 998 3497 neque
1020 3419 1128 3473 tamen
1148 3411 1327 3496 quisquam,
1349 3409 1403 3497 qui
1414 3407 1547 3474 obiiciat

132 3508 249 3574 autad
269 3507 478 3596 probandum
499 3531 533 3572 se
555 3509 685 3592 offerat,
706 3510 837 3592 existet,
869 3519 937 3584 turn
959 3509 1068 3574 statim
1089 3507 1171 3572 haec
1192 3507 1441 3596 explicabuntur
1461 3510 1547 3574 etin

131 3608 235 3674 dubiis
255 3609 465 3673 affirmationi
485 3607 538 3673 vel
557 3609 654 3673 etiam
674 3608 893 3692 iuriiurando,
915 3609 943 3674 si
965 3631 1046 3696 opus
1068 3629 1140 3673 esse
1161 3608 1328 3691 videatur,
1350 3606 1443 3672 electi
1464 3607 1589 3674 fidesao

130 3706 317 3791 habebitur,
340 3710 390 3773 sin
411 3709 473 3773 erit
495 3709 548 3796 qui
569 3708 703 3774 obiiciat
723 3709 840 3774 autad
861 3707 1066 3798 probandum
1087 3731 1121 3773 se
1140 3707 1265 3790 offerat,
1287 3705 1476 3772 admittatur
1496 3729 1548 3772 ac·

131 3810 262 3890 cusatio,
284 3807 326 3874 de
348 3830 413 3897 qua
433 3819 539 3874 rector
560 3817 592 3874 et
614 3809 788 3875 consiliarii
809 3811 913 3896 ipsius
935 3819 1138 3896 cognoscent,
1161 3809 1189 3872 si
1209 3807 1278 3872 fieti
1299 3807 1418 3893 poterit
1439 3809 1547 3873 statim

131 3911 174 3973 sic
192 3910 363 3974 convocati
384 3907 428 3972 ad
449 3906 648 3992 electionem,
670 3919 706 3974 ut
727 3931 768 3973 ne
790 3909 960 3974 discedant
978 3911 1041 3975 nisi
1062 3931 1098 3974 re
1120 3907 1293 3995 exphcata.
1326 3904 1422 3987 Quod
1444 3908 1472 3972 si
1492 3907 1547 3973 ob·

131 4008 284 4074 iacturum
304 4031 403 4072 unum
432 4015 488 4072 aut
514 4007 608 4096 plura
634 4018 702 4074 turn
729 4009 868 4098 probata
891 4010 1024 4092 fuerint,
1054 4007 1137 4074 alius
1164 4029 1241 4072 mox
1265 4015 1372 4071 rector
1398 4005 1545 4092 eligatur.

131 4107 164 4173 Si
183 4117 291 4173 autem
313 4105 376 4173 hoc
396 4107 517 4172 facturn
538 4131 602 4174 non
622 4108 735 4192 fuerit,
767 4119 834 4175 tum
855 4119 963 4176 rector
989 4109 1108 4197 prioris
1137 4107 1301 4172 semestris
1325 4104 1379 4171 vel
1401 4108 1472 4196 ipse
1494 4107 1588 4174 velat

131 4230 185 4293 per
204 4209 368 4274 notarium
389 4217 446 4272 aut
464 4208 648 4273 ministrum
668 4208 834 4296 pubiicum
856 4231 945 4292 eum,
972 4209 1027 4295 qui
1052 4207 1220 4288 obiecerit,
1248 4205 1291 4270 ad
1319 4207 1545 4292 probationem

132 4307 281 4374 mandato
311 4329 368 4372 suo
396 4306 583 4393 compellat,
615 4319 647 4373 et
668 4312 776 4374 statim
796 4318 852 4374 aut
873 4307 928 4374 illo
949 4307 1062 4374 saltem
1084 4307 1137 4371 die
1157 4307 1322 4372 accusatio
1344 4330 1403 4394 per
1425 4310 1547 4396 scripta

131 4408 252 4473 notario
280 4404 431 4471 tradatur
458 4417 490 4472 et
515 4407 601 4472 intra
634 4407 703 4473 dies
731 4410 897 4497 proximos
925 4407 1037 4474 decem
1064 4417 1095 4472 et
1124 4415 1261 4494 quatuor
1289 4429 1401 4473 coram
1420 4417 1547 4473 rectore

132 4509 245 4592 prioris
275 4507 439 4571 semestris
468 4515 500 4572 et
529 4507 720 4572 consiliariis
748 4509 851 4596 ipsius
873 4531 973 4573 causa
994 4506 1172 4573 decidatur.
1210 4506 1289 4572 Post
1310 4506 1398 4594 quod
1418 4517 1546 4596 tempus

132 4605 243 4671 nullius
269 4607 445 4692 recipietur
476 4605 624 4672 obiectio.
676 4606 742 4688 Qui
763 4619 876 4674 contra
900 4607 1037 4673 fecerint
1067 4607 1186 4693 quique
1212 4609 1247 4671 in
1271 4606 1440 4693 probando
1468 4617 1587 4696 quoto

133 4726 250 4794 cunque
272 4704 369 4772 modo
391 4705 575 4789 defecerint,
595 4706 654 4772 hos
675 4707 822 4774 volumus
843 4709 1002 4794 tantisper
1025 4707 1111 4772 omni
1132 4705 1377 4794 privilegiorum
1398 4707 1467 4770 iure
1479 4707 1544 4796 pri·

132 4814 219 4870 vatos
240 4827 322 4887 esse,
347 4805 423 4870 dum
444 4804 659 4893 persolverint
678 4806 756 4873 fisco
778 4807 917 4873 florenos
939 4829 1007 4891 sex,
1030 4829 1113 4896 quae
1134 4805 1254 4872 mulcta
1269 4805 1349 4870 nulli
1362 4807 1544 4870 remittetur

237 5047 244 5094 1
269 5036 456 5096 Geschrieben
473 5037 548 5094 steht
564 5045 602 5092 at.
711 5044 727 5094 2
744 5038 931 5096 Geschrieben
948 5039 1021 5095 steht
1038 5039 1188 5108 ιιιιὲρσιαι.
