3794 6066
708 412 1002 464 asserentum.
1514 415 1572 480 135

245 601 313 666 tue.
347 611 451 662 corre
471 611 700 660 axonomorus
722 609 898 660 cumanam
919 612 1110 678 amnem,
1135 612 1196 672 our
1215 609 1321 660 rurus
1342 611 1480 662 usurus

470 711 555 759 susa
577 709 832 760 numosmoms
852 711 982 760 unnmn
1003 711 1250 760 camenarum.

224 829 295 894 Nos
318 828 372 892 .N.
393 834 507 893 rector.
550 825 632 892 Ourn
666 823 806 912 quodam
837 825 1019 892 antedictae
1051 834 1183 891 noemae
1206 825 1428 891 universitatis
1451 834 1571 892 statuto

145 937 297 994 caveatur
320 937 356 993 et
375 929 417 992 sit
436 947 641 1012 expressum,
665 923 752 1011 quod
773 927 978 1014 suppositum
1001 923 1145 990 dusdem
1165 925 1405 1006 universitatis,
1426 923 1468 989 ob
1491 947 1568 990 suos

145 1049 300 1092 exoessus
333 1036 369 1092 et
399 1025 555 1090 demerita
586 1023 628 1090 ab
655 1021 769 1088 cadem
790 1026 1001 1089 universitate
1023 1024 1066 1089 ad
1087 1035 1211 1089 certum
1232 1033 1359 1112 tempus
1381 1022 1596 1109 relegatum,5

143 1127 228 1192 infra
259 1123 449 1192 huiusmodi
478 1135 605 1210 tempus
639 1145 716 1188 suae
742 1121 953 1210 relegationis
981 1123 1015 1188 in
1047 1124 1212 1210 praesenti
1234 1123 1356 1211 oppido
1379 1145 1571 1209 permanere

141 1225 193 1290 vel
214 1224 258 1290 ad
277 1223 369 1289 idem
389 1223 497 1290 redire
518 1243 741 1310 praesumens,
763 1244 842 1287 mox
863 1219 946 1308 [52⁸]
970 1222 1039 1288 sine
1060 1221 1205 1288 ulteriori
1222 1223 1383 1305 citatione,
1406 1243 1563 1287 convoca-

141 1325 226 1389 tione
258 1345 301 1387 ac
334 1323 509 1388 monitione
541 1344 562 1386 a
593 1320 742 1407 praefata
769 1321 982 1386 universitate
1010 1331 1177 1408 tamquam
1198 1319 1378 1386 membrum
1399 1320 1567 1407 putridum

142 1421 329 1510 praescindi
350 1420 468 1486 debeat
488 1431 520 1486 et
541 1418 681 1501 excludi,
703 1429 735 1484 et
755 1419 802 1484 .N.
825 1419 865 1484 de
887 1419 946 1502 .N.,
971 1418 1078 1485 dictae
1101 1429 1233 1484 nostrae
1253 1421 1475 1485 universitatis
1491 1441 1566 1508 sup-

140 1522 299 1608 positum,
330 1541 436 1607 nuper
456 1518 498 1584 ob
519 1541 595 1584 suos
617 1517 812 1605 multiplices
832 1539 996 1603 excessus,
1018 1517 1228 1584 rebellionem
1249 1540 1288 1584 ac
1310 1517 1564 1584 inobedientiam
1577 1528 1609 1583 10

141 1619 182 1684 ad
204 1629 333 1684 certum
354 1627 482 1706 tempus
504 1616 700 1704 relegatum,
733 1615 776 1682 ad
800 1637 955 1704 praesens
979 1616 1139 1704 oppidum
1159 1617 1244 1682 infra
1266 1627 1395 1705 tempus
1418 1641 1496 1683 suae
1517 1640 1566 1683 re-

140 1717 313 1806 legationis
335 1717 444 1784 redire
465 1718 723 1804 praesumpserit
750 1717 861 1802 sicque
882 1726 997 1782 contra
1020 1725 1224 1804 praetactum
1244 1723 1399 1784 statutum
1421 1740 1503 1784 ausu
1523 1727 1569 1781 te-

139 1818 281 1883 merario
306 1817 416 1882 facere
443 1816 531 1882 haud
558 1814 741 1899 erubuerit,
768 1815 907 1902 ideoque
931 1816 998 1882 iam
1028 1814 1152 1881 dictum
1173 1815 1222 1880 .N.
1243 1838 1264 1881 a
1286 1816 1435 1903 praefata
1455 1825 1568 1882 nostra

140 1917 354 1982 universitate
385 1925 496 1981 tenore
532 1914 752 2002 praesentium
786 1913 917 2002 publice
946 1913 1206 1999 praescindimus
1229 1925 1261 1980 et
1283 1924 1448 2003 tamquam
1470 1937 1568 1980 mem·

139 2015 234 2080 hrum
261 2015 431 2102 putridum
457 2013 675 2095 excludimus,
705 2013 871 2079 exclusum
899 2035 1028 2100 quoque
1058 2035 1117 2100 per
1147 2015 1334 2102 praesentia
1353 2015 1610 2080 universiset15

140 2113 293 2200 singulis,
321 2136 477 2200 praesens
501 2113 641 2178 edictrrm
665 2123 812 2178 nostrum
839 2113 970 2193 visuris,
996 2109 1128 2176 lecturis
1158 2111 1212 2177 vel
1237 2106 1405 2196 audituris,
1434 2112 1565 2201 publice

140 2211 393 2296 denunciamus,
418 2212 612 2278 mandantes
641 2211 791 2278 omnibus
820 2221 854 2276 et
880 2209 1015 2296 singulis
1036 2209 1238 2296 praelibatae
1260 2221 1390 2278 nostrae
1411 2212 1568 2278 universi·

141 2313 216 2378 tatis
238 2313 437 2399 suppositis,
459 2311 638 2378 districtius
659 2309 851 2392 inhibendo,
881 2319 1040 2397 quatenus
1060 2308 1183 2376 nullum
1205 2312 1352 2398 ipsorum
1375 2333 1448 2378 curn
1470 2333 1564 2398 prae

141 2421 322 2477 memorato
355 2411 406 2476 .N.
434 2411 567 2477 iamiam
599 2409 732 2476 excluso
766 2411 801 2474 in
829 2408 957 2475 actibus
986 2407 1188 2476 scholasticis
1210 2419 1275 2476 tam
1306 2407 1446 2497 publicis
1467 2432 1565 2498 quam
1653 2487 1660 2498 .

142 2512 281 2596 privatis
311 2509 551 2598 quomodolibet
578 2510 767 2575 conversari
796 2518 853 2574 aut
881 2507 1018 2574 eundem
1044 2507 1187 2595 hospitio
1213 2511 1359 2598 recipere
1379 2507 1432 2576 vel
1453 2519 1610 2574 mensam

143 2611 252 2675 lovere
272 2619 471 2696 praesumat
515 2608 585 2676 Sub
607 2630 714 2694 poena
733 2609 832 2674 trium
851 2607 1059 2691 florenorum,
1080 2608 1285 2678 universitati
1300 2606 1569 2676 irremissibiliter

143 2708 440 2796 persolvendorum.
481 2707 604 2774 Datum
627 2715 689 2774 etc.

685 2943 1018 2956 ι-ι--ι-ι-ι-

225 3143 296 3201 Das
324 3143 475 3219 Folpendc
502 3143 541 3201 iat
569 3163 626 3201 oon
647 3145 702 3202 dar
723 3143 821 3201 Haud
840 3142 892 3199 dcc
910 3141 990 3200 Joh.
1011 3139 1160 3198 areret
1180 3140 1385 3216 perche-ichen,
1411 3142 1467 3200 der
1490 3141 1568 3204 1524

143 3243 188 3301 im
209 3243 375 3302 Summos·
394 3243 507 3300 Rector
530 3261 604 3301 reor.

148 3417 1282 3508 109.[Bl.5a¹³]cornn1rrsnmun,tremescereresumeretur
1297 3431 1565 3501 ooscnrraaurr,
1575 3429 1608 3484 2⁵

224 3535 352 3596 oureus
373 3537 409 3584 n.
429 3537 464 3584 n.
486 3535 619 3585 ramus
642 3533 920 3600 sonworrnnvu,
940 3531 1070 3580 sessus
1091 3531 1231 3582 necron
1255 3530 1483 3599 nnsmuarus,

684 3631 893 3682 ADVOOATUS
917 3617 1018 3684 nsu¹

225 3749 259 3816 S.
290 3749 364 3815 Non
384 3750 619 3833 existimamus,
645 3749 824 3814 clarissime
846 3746 931 3813 dom.
953 3747 1083 3831 doctor,
1114 3756 1256 3813 vestram
1279 3747 1500 3834 dignationem
1521 3748 1567 3815 la·

144 3857 226 3932 tere,
256 3849 291 3913 in
318 3847 370 3915 die
392 3849 426 3914 S.
450 3847 537 3914 Galli
565 3851 669 3914 tocius
694 3849 917 3913 universitatis
938 3856 1071 3912 nostrae
1093 3847 1229 3913 comicia
1251 3870 1311 3935 pro
1332 3870 1419 3914 novo
1441 3858 1567 3916 rectore

144 3948 347 4036 surrogando
368 3948 537 4014 nobiscum
560 3947 719 4013 celebrari
740 3957 853 4036 atque,
883 3961 919 4012 ut
939 3968 1026 4011 nunc
1047 3956 1122 4012 sunt
1142 3956 1307 4034 tempora,
1329 3949 1401 4012 viro
1419 3949 1609 4036 impensem

143 4048 237 4113 docto
265 4058 298 4112 et
323 4049 451 4134 integro
477 4048 512 4112 in
532 4046 720 4112 academiae
741 4055 873 4111 nostrae
894 4045 1104 4111 monarcham
1127 4067 1207 4134 opus
1232 4067 1318 4128 esse,
1346 4047 1402 4133 qui
1422 4069 1484 4134 pro
1507 4071 1565 4114 suo

143 4145 283 4212 candore
303 4155 336 4210 et
355 4145 450 4232 vigili
472 4168 550 4212 cura
571 4155 702 4212 nostrae
722 4143 938 4210 labefactatae
960 4166 999 4210 ac
1019 4144 1120 4209 ferme
1134 4144 1353 4230 pessundatae
1364 4146 1566 4232 reipublicae

143 4267 331 4311 succurrere
352 4247 466 4334 possit,
488 4254 611 4310 etcum
634 4245 836 4333 praestantia
853 4253 964 4309 vestra
984 4245 1096 4328 magni
1117 4243 1159 4308 sit
1180 4244 1232 4308 vir
1252 4244 1393 4308 nominis
1414 4267 1566 4333 magnae-

143 4367 203 4433 que
231 4345 430 4430 integritatis
458 4354 555 4430 atque
584 4343 626 4409 ab
652 4345 865 4408 universitate
893 4353 1006 4408 nostra
1030 4342 1282 4430 haudquaquam
1305 4343 1425 4430 exigua
1446 4345 1566 4410 emolu-

142 4453 250 4510 menta
272 4440 358 4531 [53⁸]
379 4445 552 4531 quotannis
573 4444 675 4526 ferat,
697 4443 852 4507 certiores
875 4464 934 4508 vos
954 4442 1109 4525 facimus,
1136 4440 1225 4530 quod
1245 4450 1319 4528 post
1340 4441 1431 4508 fusas
1453 4441 1497 4508 ad
1518 4443 1607 4510 al·35

141 4545 300 4609 tissimum
327 4565 443 4630 preces
477 4542 632 4607 electione
666 4541 825 4628 legittima
853 4542 886 4605 in
914 4541 1179 4626 augustissimum
1216 4552 1348 4607 nostrae
1378 4541 1566 4609 academiae

142 4653 299 4709 rectorem
338 4663 398 4729 pro
430 4640 560 4706 hiemali
588 4641 734 4706 semestri
761 4639 912 4706 absentes
939 4649 1095 4725 tanquam
1124 4649 1313 4728 praesentes
1341 4643 1504 4728 surrogati
1534 4653 1567 4708 et

206 4897 218 4948 l
239 4889 371 4946 Dariiber
393 4907 439 4946 am
456 4889 541 4945 obern
557 4889 655 4943 Raude
671 4905 724 4943 von
745 4883 952 4943 Schwoffneirns
970 4885 1068 4940 Haud:
1091 4887 1212 4942 letarum
1231 4887 1386 4943 litterarum
1402 4899 1480 4944 tenor
1497 4905 1565 4944 nun·

141 4993 224 5048 qnam
240 4975 278 5030 ad
297 4990 349 5042 me,
364 4973 483 5030 Paulum
502 4969 672 5042 Suoffneym,
691 4971 818 5042 pervenit
834 4987 924 5042 neqm
941 4969 1092 5041 originales
1107 4988 1231 5042 unquam
1247 4971 1311 5026 vidi.
1345 4971 1412 5027 Ideo
1430 4990 1486 5028 non
1502 4990 1565 5043 pos-

141 5077 199 5115 sum
214 5075 268 5132 per
278 5057 389 5114 eadem
405 5073 466 5114 esse
482 5057 642 5113 advocatu.
660 5055 722 5126 Ego
733 5055 838 5109 Paulus
851 5052 1011 5125 Suohheym
1028 5055 1073 5110 ssi.
1091 5055 1274 5128 vergidum
1290 5055 1441 5110 Rectormn
1452 5061 1478 5126 6,
1496 5057 1564 5129 δίς.
