3762 6074
513 508 603 562 Vierte
621 507 885 570 srasunnredscnon,
903 523 956 559 von
972 506 1144 561 ttae-1522.
1478 512 1532 578 481

115 695 202 762 modi
225 704 355 761 actuum
378 694 608 780 resumptionis
629 692 773 759 obtinere
794 701 827 756 et
847 703 994 779 tempore
1010 692 1268 779 dispensacionis
1288 691 1320 753 in
1338 691 1468 756 scedula
1480 713 1539 756 sua

117 819 226 862 coram
249 795 373 859 decano
397 792 601 858 etrlacultate
623 793 786 858 exhibere.

504 967 534 1026 4.
560 977 607 1024 DE
630 977 730 1026 MODO
751 977 923 1024 AUDIENDI
942 975 1145 1024 anemonas.

755 1079 816 1142 Vgl.
833 1079 906 1142 XIII,
925 1080 949 1130 7.

197 1187 316 1254 Modus
337 1192 490 1257 audiendi
511 1191 664 1256 lectiones
686 1194 748 1257 erit
767 1193 851 1275 talis,
874 1193 960 1280 quod
982 1190 1116 1278 quilibet
1127 1189 1263 1255 audiens
1275 1188 1416 1276 aliquam
1431 1189 1539 1254 lectio·
1566 1201 1582 1254 5

115 1311 189 1352 nem
212 1312 272 1376 pro
295 1291 402 1376 gradu
423 1290 660 1356 baccalariatus
681 1300 808 1356 tenetur
828 1315 901 1357 eam
923 1291 1036 1356 audire
1056 1291 1090 1353 in
1112 1289 1213 1373 libro,
1240 1292 1294 1376 qui
1317 1289 1445 1374 legitur,
1468 1313 1539 1353 cum

116 1386 292 1472 diligencIa
323 1391 386 1471 ita,
428 1391 515 1476 quod
548 1399 673 1455 textum
709 1391 857 1456 lectionis
889 1393 1056 1478 proprium
1085 1388 1136 1452 vel
1166 1388 1409 1453 accomodatum
1432 1410 1541 1452 secum

118 1495 265 1573 tempore
286 1488 433 1554 lectIonis
456 1489 576 1554 babeat
597 1497 749 1576 (possunt
769 1499 877 1554 tamen
901 1490 964 1554 duo
993 1498 1051 1554 aut
1076 1499 1142 1552 tres
1164 1487 1206 1550 ad
1228 1489 1406 1551 maximum
1426 1487 1540 1552 eodem

119 1595 211 1650 textu
235 1609 295 1674 pro
316 1597 462 1674 tempore
484 1588 579 1652 simul
602 1590 673 1672 uti),
695 1601 727 1654 et
747 1591 834 1676 quod
857 1590 926 1654 sine
948 1611 1048 1654 causa
1070 1586 1279 1668 racionabili,
1303 1587 1459 1672 legittimo
1482 1589 1543 1652 im·

118 1685 306 1770 pedimento
329 1697 485 1769 cessante,
508 1687 629 1752 nnllam
649 1689 830 1772 lectionem,
852 1712 950 1776 quam
972 1688 1086 1753 audire
1107 1686 1227 1768 debuit,
1258 1695 1315 1750 aut
1335 1689 1542 1770 exercicium,
1554 1697 1585 1752 10

115 1785 148 1846 in
174 1807 238 1872 quo
260 1796 347 1850 stare
368 1786 489 1866 debuit,
512 1788 665 1873 neglexit,
687 1811 707 1852 a
727 1790 828 1852 tercia
849 1787 987 1853 lectione
1009 1799 1066 1854 ant
1086 1788 1246 1854 exercicio
1259 1786 1301 1850 ab
1324 1783 1411 1873 [28⁸]
1434 1788 1543 1872 incep-

115 1886 204 1948 tione
225 1885 457 1972 computand03
501 1895 552 1970 et,
579 1899 861 1974 quantumcunque
882 1889 1008 1974 potuit,
1034 1889 1104 1952 sine
1128 1885 1202 1952 dolo
1224 1895 1256 1950 et
1276 1885 1391 1950 fraude
1414 1907 1434 1949 a
1455 1885 1541 1972 prin·

116 1983 204 2068 cipio
227 2006 327 2070 usqne
348 1985 391 2049 ad
414 1985 510 2050 hem
530 1985 678 2052 lectionis
700 1997 757 2052 aut
777 1988 931 2053 exercicii
953 1989 1150 2074 permansit,
1192 2008 1254 2050 nec
1289 1984 1348 2050 sub
1377 2007 1442 2050 una
1463 1985 1545 2050 bora

118 2081 201 2146 duas
222 2081 378 2148 lectiones
401 2095 456 2149 aut
477 2084 541 2150 duo
563 2086 726 2151 exercicia
749 2085 872 2170 babuit,
894 2110 998 2174 neque
1019 2086 1105 2151 ultra
1127 2087 1208 2151 duas
1230 2084 1385 2149 lectiones
1406 2107 1472 2149 una
1493 2083 1545 2148 die

117 2180 255 2264 audivit,
277 2181 408 2270 dempto
430 2184 609 2269 Prisciano,
631 2209 727 2271 qnam
747 2209 807 2272 pro
831 2189 933 2251 tercia
953 2185 1073 2250 habere
1095 2194 1212 2272 potest.
1256 2183 1419 2266 Quociens
1438 2193 1544 2248 sutem
1557 2193 1587 2248 ¹5

116 2284 315 2346 exercicium
335 2291 392 2347 aut
408 2282 578 2348 lectionem
599 2287 667 2350 sive
689 2285 842 2350 lectiones
863 2284 1023 2372 neglexit,
1055 2285 1105 2348 vel
1138 2307 1158 2348 a
1184 2284 1346 2371 principio
1377 2305 1478 2370 usque
1499 2281 1542 2346 ad

118 2380 213 2446 finem
236 2405 300 2447 non
323 2384 512 2470 permansit,
533 2393 564 2447 et
584 2407 695 2448 omnes
718 2384 799 2450 alios
820 2385 964 2450 defectus
988 2407 1063 2450 suos
1088 2383 1186 2451 (lebet
1206 2385 1240 2448 in
1262 2382 1394 2448 scedula
1409 2405 1541 2448 suorum

117 2492 265 2565 actuum,
296 2497 444 2568 tempore
465 2482 718 2569 dispensationis
739 2485 995 2570 praesentanda,
1026 2506 1097 2548 cum
1118 2505 1237 2564 causa,
1271 2483 1416 2567 siquam
1439 2483 1547 2563 habet,

64 2607 68 2618 ·
116 2581 323 2646 conscribere
345 2592 378 2646 ct
400 2583 585 2668 exprimere
608 2604 647 2646 ac
668 2582 808 2669 desuper
824 2582 1099 2670 dispensationem
1117 2591 1237 2671 petere.
1259 2582 1545 2669 Reputantautem

117 2679 283 2764 magistri,
325 2680 519 2767 legittimum
557 2681 825 2769 impedimentum
852 2685 921 2748 fore
948 2683 1169 2750 infirmitatem
1201 2693 1257 2748 aut
1278 2683 1459 2748 absentiam
1480 2680 1585 2744 loci20

116 2777 168 2842 vel
191 2778 316 2866 aliquid
339 2779 427 2844 aliud
449 2803 508 2866 per
529 2781 717 2847 facultatem
739 2782 1000 2869 approbandum.

163 2952 191 3010 5.
222 2963 269 3010 DE
299 2961 618 3012 REOOGNI'I'IONIBUS
640 2965 750 3013 SUPER
773 2957 1238 3032 sunnon,aasron81onlnus
1259 2966 1306 3012 ΕΤ
1327 2965 1417 3014 Anus
1439 2965 1506 3012 I'ER

276 3061 586 3112 aaccsasxmnoos
609 3064 773 3112 TEMPORE
795 3065 1081 3114 Drsrnnsamotus
1100 3065 1392 3114 rasnsnnrsnnm.

747 3167 807 3230 vn.
833 3168 913 3230 xm,
935 3170 959 3219 o.

206 3277 323 3344 Nullus
346 3277 474 3344 admitti
496 3277 592 3344 debet
614 3279 657 3344 ad
677 3301 815 3345 examen
836 3281 1075 3347 baccalariatus
1095 3284 1129 3346 in
1150 3281 1291 3365 artibus,
1318 3281 1382 3346 nisi
1403 3288 1589 3367 temperato

120 3378 380 3467 dispensacionis
402 3381 436 3442 in
458 3377 591 3443 scedula
611 3401 741 3443 suorum
770 3391 901 3445 actuum
930 3382 1189 3466 recognicionem
1220 3381 1270 3446 sui
1304 3382 1541 3462 conventoris,¹

118 3502 191 3543 cum
214 3499 280 3566 quo
303 3477 355 3544 vel
373 3478 492 3563 quibus
515 3479 640 3543 steterit
661 3487 692 3542 et
710 3479 783 3542 iura
810 3479 953 3544 bursalia
979 3481 1092 3544 lecerit
1118 3479 1332 3567 disputando,
1364 3479 1541 3565 arguendo,

118 3576 364 3665 respondendo,
399 3579 574 3643 serotInam
602 3576 855 3664 disputationem
883 3579 1110 3666 ingrediendo,
1153 3579 1346 3644 latinitatem
1375 3578 1547 3662 servando,

123 3668 246 3764 puncta
270 3676 497 3764 provulgari,
529 3680 557 3742 si
582 3677 745 3763 obligatus
766 3679 879 3762 fuerit,
924 3678 1096 3760 solvendo,
1139 3681 1362 3766 consignatam
1384 3679 1547 3744 exhibeat.

122 3773 232 3855 Quam
256 3777 285 3839 si
305 3798 370 3842 non
392 3776 577 3842 exhibuerit
598 3780 708 3864 sieque
728 3778 948 3842 verisimiliter
979 3789 1094 3843 contra
1122 3802 1195 3844 enm
1223 3780 1387 3865 praesumi
1417 3780 1589 3866 poterit,30

124 3874 214 3958 quod
235 3875 268 3938 iu
290 3874 370 3940 locis
391 3875 583 3963 approbatis
605 3880 756 3941 contiuua
776 3899 841 3941 non
863 3880 987 3944 steterit
1015 3901 1075 3944 nec
1102 3879 1174 3943 iura
1202 3878 1347 3944 borealia
1368 3881 1401 3942 in
1426 3877 1547 3942 eisdem
1584 3875 1587 3882 '

118 3975 250 4056 fecerit,
292 3974 336 4039 ad
368 3997 505 4041 examen
533 3977 597 4041 ista
623 3979 696 4040 vice
716 3998 781 4040 non
802 3976 1002 4042 admittatur.
1043 3977 1081 4042 In
1103 3979 1279 4066 eademque
1301 3978 1434 4043 scedula
1453 3977 1550 4044 debet

120 4073 244 4138 habere
265 4075 496 4160 magistrorum
518 4085 550 4140 et
572 4075 830 4140 baccalariorum
850 4078 997 4160 nomina,
1031 4077 1148 4163 quibus
1174 4089 1243 4144 tam
1262 4077 1427 4143 ordinarie
1449 4099 1545 4165 quam

123 4173 385 4238 extraordinarie
405 4175 635 4261 respondebat,
657 4175 717 4240 sub
737 4198 843 4264 poena
863 4174 1099 4263 impedicionis.

123 4344 152 4402 6.
193 4355 502 4406 excommunes
539 4359 576 4406 m
611 4359 759 4408 ARTIBUS
791 4357 932 4407 IURARIT
965 4359 1108 4408 NULLAII
1123 4359 1318 4430 *menonem
1339 4353 1592 4427 assumseram

204 4456 344 4505 'I’O'I'ALE
365 4457 579 4508 EXERCICIUII
601 4460 668 4508 VEL
691 4457 956 4508 RESPONSIONEM
980 4459 1197 4508 onnmsnlsrt
1216 4449 1467 4512 Nsoaamssa.²

735 4562 795 4625 vgr.
812 4561 886 4626 xm,
907 4563 945 4612 ro.

205 4673 256 4740 Ne
278 4673 368 4740 fraus
389 4684 421 4740 et
442 4674 535 4742 dolus
556 4677 643 4742 circa
664 4676 863 4742 auditionem
889 4675 1061 4741 lectionum
1090 4675 1235 4763 aliosque
1262 4690 1355 4746 actus
1381 4681 1546 4766 principa·

122 4773 170 4838 les
193 4775 227 4838 in
251 4774 376 4840 artibus
398 4797 458 4862 per
485 4775 756 4842 baccalariandos
787 4773 983 4862 complentes
1015 4777 1248 4861 committatur,
1293 4779 1430 4866 placuit,
1462 4779 1548 4863 quod

212 4941 283 4996 lEs
301 4939 371 4996 seblt
387 4942 431 4994 cel
446 4959 558 4996 moram
575 4949 773 4994 conventorum.
809 4940 872 5010 vgl.
892 4939 962 4993 oben
986 4943 1012 4994 S.
1033 4945 1073 5009 21,
1091 4945 1131 4996 28.
1167 4941 1330 4997 Aullallend
1353 4945 1388 4997 ist
1414 4961 1459 5010 es,
1485 4943 1549 4998 dass

122 5025 197 5080 disse
216 5025 316 5081 Worte
334 5023 362 5078 in
380 5024 473 5079 diesen
492 5023 621 5080 Statuten
640 5024 851 5094 durchgehends
865 5022 1041 5093 Iortgefnllen
1060 5026 1130 5081 sind.
1168 5026 1231 5096 Vgl.
1251 5027 1330 5092 Xlll,
1353 5035 1409 5084 9u.
1427 5027 1505 5095 XlV,
1523 5039 1546 5083 s.

207 5109 297 5164 2Am
316 5107 413 5164 Raude
436 5109 577 5164 omitamr
598 5117 716 5179 propter
745 5111 834 5162 vimra
851 5108 1016 5178 per-sarium,
1033 5111 1101 5178 qnia
1115 5109 1207 5164 aarum
1224 5115 1369 5166 aecamlom
1386 5113 1548 5184 corapleeic-

123 5195 167 5248 πίε
184 5211 311 5248 namnam
327 5194 450 5264 complet,
470 5203 518 5248 crat
530 5194 701 5264 poneimimi.

190 5295 414 5335 errrurasauox
431 5297 489 5334 nas
506 5295 578 5333 univ.
597 5295 717 5336 samaro.
1341 5290 1376 5350 31
