3762 6074
559 385 645 440 Achte
664 389 933 452 Statntenredaction,
956 406 1016 444 rom
1036 391 1118 444 Jahre
1140 390 1213 447 1558.
1531 393 1591 460 519

184 597 230 694 [S.
251 600 281 691 8]
305 619 364 683 om
385 618 508 669 morsm
528 621 710 674 rubrossnr
732 624 820 692 amr,
842 625 888 674 ur
909 627 946 674 m
968 625 1156 675 cossurus
1176 623 1354 674 rusnrcuu
1374 625 1571 675 reomaus.

785 759 895 826 Caput
920 761 978 814 111.

244 889 450 956 Professores
472 887 622 975 publicae
642 890 809 957 doetrinae
831 901 982 980 oportere
1003 915 1074 958 esse
1095 894 1129 957 in
1150 891 1284 958 consilio
1312 890 1441 979 publico
1468 892 1590 958 dictum

162 997 221 1054 est.
264 988 348 1055 (lum
368 989 454 1054 enirn
478 987 661 1055 liberalium
691 990 869 1056 studiorum
890 1002 924 1057 et
944 992 1188 1080 disciplinarum
1211 991 1386 1079 explicatio
1409 1015 1447 1056 ac
1472 992 1589 1078 guber-

161 1089 251 1154 natio
272 1087 369 1154 huius
392 1090 631 1154 communitatis
658 1091 794 1176 propria
821 1093 877 1173 sit,
904 1092 946 1157 ab
974 1115 1013 1156 ea
1041 1091 1243 1178 professores
1272 1090 1438 1156 doetrinae
1460 1091 1588 1156 ordina·
1614 1100 1630 1156 5

161 1189 232 1253 riae
262 1186 376 1252 abesse
406 1198 655 1254 consentancum
685 1211 750 1254 non
779 1199 835 1256 est
877 1191 950 1256 Hoc
978 1191 1077 1276 igitur
1105 1190 1219 1255 reddet
1246 1212 1494 1277 unumquenque
1521 1191 1589 1256 ido-

160 1308 268 1369 neum,
288 1297 324 1352 ut
344 1285 450 1352 locrun
470 1287 503 1351 in
524 1287 657 1354 consilio
679 1287 891 1376 adipiscatur,
913 1289 999 1378 quod
1019 1313 1040 1356 a
1059 1291 1287 1356 communitate
1309 1287 1408 1354 studii
1430 1289 1589 1355 bonarum

162 1387 280 1452 artium
303 1409 419 1452 munus
450 1385 570 1452 hebeat
602 1385 739 1452 docendi
772 1387 901 1474 publice
932 1389 995 1455 sibi
1027 1389 1226 1454 mandatum.
1267 1388 1403 1454 Praeter
1432 1387 1502 1473 hos,
1535 1390 1590 1478 qui

160 1484 291 1571 legendi
303 1485 509 1568 videbuntur,
530 1495 566 1548 ut
585 1487 619 1550 in
641 1487 776 1553 consilio
797 1487 873 1569 sint,
893 1489 918 1552 ii
939 1489 1111 1554 iubeantur
1132 1497 1243 1576 petere
1265 1510 1285 1552 a
1306 1486 1438 1569 decano,
1461 1487 1588 1552 admitti

161 1607 233 1650 sese
255 1583 327 1650 loco
350 1607 416 1650 suo.
458 1585 510 1650 De
532 1583 595 1650 hac
616 1586 769 1672 petitione
791 1585 932 1652 deosum
955 1587 998 1652 ad
1025 1588 1224 1675 professores
1247 1585 1397 1675 publicae
1420 1585 1586 1651 doctrinae
1600 1597 1631 1652 10

159 1685 288 1749 referet
324 1683 523 1750 Admittetur
546 1696 654 1750 autem
675 1685 788 1772 petitio
811 1708 925 1751 eorum
947 1698 1082 1770 tantum,
1104 1710 1184 1774 quos
1206 1687 1395 1767 constiterit,
1417 1697 1588 1774 postquam

159 1785 310 1868 magistri
331 1783 408 1848 facti
431 1793 553 1865 essent,
581 1807 643 1849 uno
671 1807 755 1850 anno
776 1787 810 1848 in
831 1785 893 1850 hac
914 1786 1082 1852 academia
1104 1786 1213 1850 studia
1233 1784 1393 1850 bonarum
1419 1786 1537 1850 artium
1558 1796 1590 1850 et

161 1880 363 1948 honestatem
386 1882 532 1948 coluisse.
573 1881 656 1948 Tum
678 1906 756 1948 vero
785 1885 915 1970 petitori
943 1885 1084 1950 decanus
1111 1894 1336 1972 argumentum
1365 1895 1397 1948 et
1418 1886 1588 1949 materiam

160 1981 278 2063 tradet,
301 1981 341 2046 de
362 2005 427 2070 qua
448 1983 531 2048 inter
553 1983 753 2068 professores
777 1982 942 2050 doctrinae
964 1983 1114 2072 publicae
1129 1987 1325 2065 convenerit,
1345 2005 1480 2070 eamque
1499 1983 1587 2047 iube-

160 2080 209 2146 bit
230 2083 401 2167 petitorcm
421 2082 608 2162 informare,
639 2081 681 2146 ad
709 2082 1004 2171 disputandumque
1031 2083 1261 2149 consuetudine
1283 2082 1477 2148 scholastica
1499 2091 1585 2148 certo
1600 2093 1629 2147 15

160 2179 214 2246 die
243 2179 372 2266 publice
393 2202 585 2268 proponere,
615 2190 648 2244 et
668 2180 807 2264 studere,
834 2193 869 2246 ut
896 2184 1065 2270 proposita
1086 2181 1289 2270 explicentur
1309 2193 1340 2247 et
1365 2181 1586 2246 defendantur.

161 2277 235 2360 Quo
257 2280 342 2345 facto
366 2281 492 2362 iterum,
519 2291 594 2367 post
615 2303 733 2344 annum
755 2283 894 2367 primum
915 2283 1104 2367 magisterii,
1132 2292 1168 2347 ut
1190 2281 1312 2346 dictum
1334 2289 1383 2345 est
1404 2288 1493 2355 (nam
1516 2280 1587 2345 bre-

161 2381 253 2444 viore
274 2389 420 2466 tempore
443 2381 587 2464 spectari
609 2381 710 2444 vitam
732 2391 763 2444 et
786 2379 893 2444 studia
916 2391 1080 2466 petentum
1101 2403 1166 2446 non
1188 2385 1340 2466 oportet),
1366 2381 1429 2444 nisi
1451 2377 1587 2466 impedi-

159 2491 303 2544 mentum
326 2477 416 2542 aliud
439 2475 669 2565 obiicia[9]tur
694 2478 749 2554 (de
775 2500 838 2564 quo
863 2482 1003 2566 cognitio
1031 2481 1145 2546 decani
1166 2502 1232 2544 uno
1253 2502 1326 2544 cum
1347 2479 1586 2566 professoribus

160 2579 247 2661 crit),
274 2578 340 2642 iam
361 2577 497 2643 idoneus
519 2577 678 2643 habeatur
701 2578 830 2665 petitor,
853 2581 908 2664 qui
929 2603 987 2645 suo
1011 2580 1092 2663 loco,
1115 2589 1151 2644 ut
1169 2580 1204 2643 in
1226 2577 1359 2644 consilio
1384 2576 1513 2664 publico
1537 2579 1629 2659 siano

159 2677 361 2744 admittatur.
402 2678 609 2742 Praeferetur
632 2687 737 2742 autem
761 2679 897 2743 caeteris
919 2680 957 2760 is,
987 2681 1043 2765 qui
1070 2677 1144 2743 ante
1174 2677 1254 2741 alios
1282 2699 1414 2742 munere
1442 2677 1497 2742 illo
1524 2675 1587 2741 dis·

159 2777 364 2864 putationum
390 2778 487 2842 fuerit
511 2777 651 2842 structus.
693 2775 800 2860 Atque
826 2779 859 2840 in
887 2776 1007 2843 talibus
1032 2777 1306 2865 disputationibus
1329 2798 1440 2841 omnes
1463 2775 1587 2842 consilii

158 2876 281 2963 publici
317 2877 493 2964 participes
524 2875 678 2942 mandato
710 2875 826 2940 decani
859 2875 974 2941 adesse
1005 2877 1175 2943 debebunt
1217 2877 1257 2940 In
1294 2875 1494 2940 admittendo
1531 2897 1587 2940 seu

159 2975 348 3064 recipiendo
381 2974 522 3062 aliquem
555 2974 597 3039 ad
631 2973 801 3039 consilium
833 2997 922 3040 more
950 2979 1109 3041 maiorum
1144 2976 1317 3062 promissio
1351 2975 1491 3040 solennis
1521 2975 1587 3057 fiat,

158 3075 221 3141 hac
242 3075 363 3140 forma:
1594 3081 1627 3138 25

241 3190 335 3276 „Ego
357 3191 406 3255 .N.
436 3191 590 3277 promitto
613 3188 706 3254 vobis
729 3188 852 3255 decano
875 3198 906 3254 et
932 3190 1174 3255 successoribus
1202 3187 1419 3255 obedientiam
1442 3186 1585 3253 debitam

157 3300 189 3356 ct
211 3287 345 3377 dignam
366 3291 591 3372 reverentiam,
615 3298 647 3354 et
667 3291 700 3354 in
719 3290 886 3354 sententiis
909 3289 1056 3354 dicendis
1076 3289 1283 3376 ferendisque
1300 3287 1463 3374 suffragiis
1477 3287 1585 3370 fidem,

157 3399 189 3455 ct
210 3390 462 3454 taciturnitatem
485 3391 518 3454 in
540 3390 590 3471 iis,
619 3389 757 3475 quaein
779 3387 915 3453 consilio
938 3409 1131 3474 cognovero,
1154 3387 1312 3473 tegendis,
1335 3396 1368 3452 ct
1388 3385 1531 3451 studium
1552 3389 1585 3450 in

156 3487 308 3576 augenda
330 3499 361 3554 et
383 3489 529 3555 ornanda
560 3491 788 3554 communitate
815 3497 936 3571 nostra,
966 3510 1119 3574 promea
1140 3487 1236 3552 virili.
1276 3487 1349 3552 Non
1371 3486 1469 3550 etiam
1492 3497 1585 3550 autor

156 3612 213 3654 ero
242 3598 299 3654 aut
327 3611 443 3654 suasor
469 3590 682 3655 contentionis
711 3585 890 3670 dissidiive,
920 3609 983 3674 qno
1012 3589 1100 3653 natio
1128 3586 1291 3673 implicari
1320 3595 1351 3652 et
1374 3585 1473 3651 factio
1502 3586 1625 3650 oririso

156 3691 268 3776 possit
310 3687 383 3754 Hoc
405 3689 569 3775 promitto,
591 3687 740 3775 obligans
761 3709 813 3752 me
832 3685 1044 3752 iurisiurandi
1065 3685 1229 3772 religione.
1268 3685 1313 3750 Et
1335 3687 1372 3767 si,
1395 3683 1482 3773 quod
1504 3684 1584 3749 deus

156 3797 300 3870 avertat,
329 3787 449 3867 fallam,
475 3790 546 3875 ipse
575 3787 654 3852 mihi
682 3787 767 3852 hanc
795 3809 935 3874 poenam
960 3797 1076 3870 statuo,
1103 3795 1139 3851 ut
1161 3808 1202 3850 cx
1223 3787 1452 3851 communitate
1472 3783 1583 3848 lauda-

155 3889 284 3954 tissima
304 3885 366 3952 hac
387 3887 509 3969 eiiciar,
530 3909 635 3975 neque
657 3887 744 3954 dicto
765 3909 868 3975 neque
889 3887 975 3952 facto
997 3885 1176 3950 vindictam
1199 3886 1447 3971 usurpaturus.“

239 4019 312 4084 Non
340 4017 497 4102 volumus,
531 4021 700 4086 intermitti
732 4019 773 4085 ab
803 4019 853 4104 iis,
882 4021 938 4107 qui
970 4019 1004 4084 in
1034 4017 1271 4084 communitatis
1294 4018 1392 4082 studii
1425 4016 1583 4082 bonarum

156 4121 278 4186 artium
308 4117 478 4184 concilium
513 4120 640 4185 admitti
674 4121 818 4206 cupient,
854 4117 1056 4184 sedulitatem
1088 4116 1315 4202 frequentandi
1347 4117 1625 4204 disputationes&

157 4218 307 4307 publicas
330 4225 362 4282 et
383 4217 567 4305 complendi
587 4241 754 4284 numerum
777 4218 955 4283 sessionum
978 4217 1097 4282 veteris
1119 4215 1381 4282 observationis.¹
1423 4216 1471 4281 Ae
1497 4215 1583 4280 idem

155 4341 243 4384 nunc
263 4317 334 4382 fieri
349 4318 382 4382 in
403 4317 465 4382 hac
486 4329 580 4404 parte
602 4317 718 4405 placet,
741 4318 827 4405 quod
848 4327 914 4382 tam
935 4316 1079 4382 moribus
1100 4315 1316 4382 introductum
1338 4340 1436 4404 qnam
1457 4316 1583 4403 legibus

155 4420 222 4484 iam
243 4416 366 4482 dadum
388 4427 438 4482 est
459 4419 676 4483 constitutum.

242 4534 308 4616 Qui
340 4555 381 4598 ex
414 4533 579 4618 magistris
612 4533 805 4599 consiliariis
843 4532 1025 4597 ascenderit
1061 4531 1198 4618 gradum
1235 4532 1381 4598 altiorem
1416 4532 1584 4618 dignitatis

157 4633 372 4702 scholasticae
394 4642 426 4697 ct
447 4630 603 4698 licentiati
626 4643 682 4698 aut
708 4635 805 4698 etiam
826 4632 967 4697 doctoris
991 4628 1055 4720 [10]
1078 4629 1171 4696 titulo
1195 4640 1327 4697 ornatus
1355 4633 1460 4713 frierit,
1486 4631 1525 4712 is,
1555 4631 1624 4695 sito

156 4734 340 4802 doctrinam
365 4731 523 4797 bonarum
552 4733 671 4798 artium
700 4732 827 4820 publice
853 4733 887 4796 in
913 4729 975 4795 hac
1003 4731 1231 4796 communitate
1257 4731 1457 4818 profiteatur,
1480 4729 1582 4793 donec

155 4856 220 4900 non
243 4829 286 4896 ab
308 4827 413 4896 altera
434 4833 662 4896 communitate
683 4833 838 4918 quapiam
864 4853 980 4896 munus
1006 4829 1171 4918 publicam
1201 4830 1381 4898 doctrinam
1411 4827 1582 4916 profitendi

243 5071 254 5119 1
273 5063 327 5120 Am
347 5063 457 5120 Randoe
482 5063 674 5132 Quadraginta
690 5063 803 5119 scilicet.
821 5063 891 5120 Soet.
910 5067 934 5117 3.
952 5063 1022 5118 star.
1043 5067 1064 5118 l.
1084 5063 1143 5118 Fal.
1164 5066 1194 5119 15
1212 5058 1523 5117 arimenensium.
