3758 6072
336 507 397 571 402
833 505 884 555 Die
900 503 1119 570 philosophiache
1135 503 1261 559 sumtus

340 694 471 773 reputat
501 683 678 750 notabilem
700 694 732 751 et
751 687 932 770 notorium,
954 687 996 752 de
1017 709 1081 775 quo
1102 709 1162 775 per
1180 697 1339 753 rectorem
1363 697 1395 752 et
1415 711 1598 762 assessores
1626 689 1697 755 eius
1717 691 1760 754 in-

341 795 527 850 carceratus
547 787 653 866 hiarit,
678 783 731 848 vel
753 787 780 849 si
802 785 951 872 publicus
972 788 1212 852 meretricarius
1232 787 1339 868 suerit,
1361 788 1485 853 scilicet
1506 789 1595 876 quod
1616 791 1650 854 in
1670 791 1761 856 domo

341 885 557 950 habitacionis
585 905 662 949 suae
689 883 856 949 mulierem
886 897 1070 973 suspectam
1099 886 1228 973 publice
1257 891 1412 970 tenuerit,
1438 888 1491 954 vel
1522 889 1564 954 ad
1593 889 1761 954 comodum

339 983 460 1049 bursae
482 1007 560 1048 suae
582 983 679 1048 talem
702 983 935 1067 introduxerit,
957 985 1009 1049 vel
1031 984 1097 1050 alia
1123 985 1218 1051 domo
1245 985 1296 1050 vel
1327 986 1523 1052 domuncula
1549 988 1603 1054 vel
1631 990 1761 1054 comodo

296 1093 313 1149 5
339 1084 505 1149 meretrici
525 1082 677 1171 publicae
699 1082 753 1148 vel
779 1084 1004 1149 meretricibus
1030 1084 1168 1172 publicis
1196 1095 1406 1152 conversatus
1434 1089 1551 1170 fuerit,
1581 1086 1635 1151 vel
1662 1087 1761 1153 locum

341 1191 536 1269 suspectum,
546 1181 699 1247 videlicet
716 1181 942 1268 prostibulum,
956 1185 1149 1266 visitaverit,
1163 1183 1214 1249 vel
1229 1187 1263 1248 iu
1280 1185 1507 1252 collationibus
1529 1196 1587 1251 aut
1607 1187 1761 1275 prandiis,

341 1283 397 1348 ubi
417 1281 514 1348 talem
536 1280 588 1346 vel
614 1280 697 1346 tales
725 1303 797 1346 esse
826 1283 976 1366 sciverit,
998 1285 1110 1366 firerit,
1133 1293 1166 1349 ct
1187 1283 1228 1349 dc
1249 1284 1311 1350 hoc
1331 1288 1498 1351 convietus
1518 1287 1572 1351 vel
1600 1288 1761 1352 confessus

338 1380 391 1448 vel
412 1404 470 1469 per
495 1391 723 1448 conventorem
750 1391 884 1468 propter
910 1380 996 1446 hunc
1023 1393 1055 1446 et
1082 1382 1258 1468 quemlibet
1284 1383 1383 1450 alium
1411 1407 1581 1450 excessum
1605 1386 1647 1451 de
1666 1387 1762 1452 bursa

339 1503 398 1546 sua
421 1479 577 1567 expulsus
598 1480 711 1561 fuerit,
733 1478 786 1543 vel
807 1481 841 1543 in
863 1480 1043 1567 prostibulo
1061 1481 1114 1546 vel
1136 1494 1231 1548 extra
1252 1483 1382 1570 publice
1409 1505 1444 1549 se
1470 1487 1688 1570 percusserit,
1709 1485 1758 1550 vel

302 1591 333 1646 to
343 1580 389 1645 ibi
401 1579 575 1644 vulneratus
598 1601 639 1643 ex
662 1578 758 1666 culpa
779 1601 838 1644 sua
858 1581 955 1644 inerit
975 1591 1090 1668 captus
1105 1581 1158 1646 vel
1175 1582 1406 1670 deprehensus,
1420 1583 1472 1648 vel
1493 1587 1549 1672 qni
1570 1584 1614 1649 ad
1635 1585 1761 1650 taxillor

343 1681 378 1744 in
398 1679 543 1745 tabernis
565 1677 695 1766 publice
715 1677 846 1763 luserit,
868 1679 920 1742 vel
944 1679 1152 1746 hastiludium
1181 1685 1214 1746 in
1236 1683 1306 1749 foro
1333 1683 1462 1770 publice
1490 1687 1694 1768 exercuerit,
1715 1684 1761 1749 vel

340 1781 397 1867 qni
411 1776 522 1844 verbis
538 1778 703 1843 iniuriosis
714 1777 855 1866 aliquem
870 1782 1098 1864 magistrorum
1113 1781 1242 1868 publice
1259 1782 1392 1847 laeserit
1410 1781 1462 1847 vel
1483 1785 1591 1871 ipsum
1612 1785 1761 1849 iniuriose

341 1879 548 1966 percusserit,
565 1876 619 1943 vel
640 1877 760 1942 furtum
781 1877 835 1942 vel
855 1877 937 1942 alios
959 1901 1124 1962 excessus,
1146 1901 1227 1965 quos
1250 1883 1423 1947 comitatur
1443 1883 1580 1947 infamia
1600 1883 1654 1948 vel
1676 1905 1761 1948 scan-

340 1976 472 2060 dulum,
495 1979 694 2042 commiserit
714 1976 766 2043 vel
796 1981 1043 2065 perpetraverit.
1096 1979 1242 2060 Quorum
1267 1981 1375 2046 nullus
1397 1982 1519 2064 eciam,
1542 1984 1572 2046 si
1594 1981 1636 2046 de
1659 1981 1761 2070 aliquo

301 2076 582 2164 ltpraedictorum
604 2099 796 2143 excessuum
817 2087 987 2166 suspectus
1009 2079 1062 2144 vel
1083 2080 1259 2146 infamatus
1287 2081 1400 2164 fixerit,
1424 2082 1488 2146 nisi
1510 2105 1545 2146 se
1569 2081 1611 2146 de
1629 2081 1689 2146 tali
1707 2103 1761 2168 per

237 2201 240 2208 ’
340 2199 434 2242 suum
454 2178 669 2242 iuramentum
692 2180 941 2265 expurgaverit,
964 2177 1008 2242 ad
1027 2188 1244 2267 temptamen,
1266 2191 1302 2245 ut
1323 2181 1541 2268 praemissum
1570 2189 1636 2263 est,
1658 2179 1761 2268 aliquo

338 2276 435 2341 modo
458 2275 658 2342 admittatur.

753 2449 799 2512 13.
828 2462 876 2510 un
898 2463 1028 2512 memo
1050 2463 1351 2512 seccanamoaun.

951 2583 1011 2646 νει.
1029 2583 1062 2642 x.
1083 2584 1142 2634 15⁸.

296 2700 332 2758 20
422 2693 502 2757 Item
524 2691 632 2759 nullus
654 2693 912 2760 baccalariorum
936 2697 969 2760 in
990 2693 1116 2761 artibus
1142 2705 1251 2784 portet
1279 2695 1413 2784 pallium
1434 2718 1477 2762 ex
1498 2707 1639 2783 utroque
1665 2695 1762 2760 latere

338 2790 391 2857 vel
405 2814 469 2856 uuo
486 2801 634 2879 apertum
651 2796 740 2858 cum¹
756 2794 867 2882 ioprda
881 2794 933 2859 vel
947 2795 1110 2880 tunicella,
1126 2819 1211 2884 quae
1231 2819 1295 2860 non
1315 2795 1520 2883 protenditur
1542 2795 1630 2860 ultra
1651 2817 1761 2880 genus,

339 2913 444 2980 neque
463 2891 563 2958 alium
585 2891 731 2958 habitum
753 2893 956 2960 indecentem
979 2894 1115 2961 deferat.
1159 2893 1224 2978 Qui
1247 2897 1274 2960 si
1295 2897 1493 2960 contrarimn
1516 2895 1647 2976 iecerit,
1666 2896 1699 2958 in
1720 2893 1762 2957 di·

337 2991 438 3056 midio
455 2991 577 3058 floreno
593 3015 653 3080 per
668 2992 828 3058 decanum
842 2993 1006 3060 faordtatis
1021 2996 1147 3060 areium
1164 2995 1327 3083 prmiatur.
1371 2995 1436 3076 Qui
1461 2996 1487 3060 si
1510 3017 1544 3060 se
1567 2993 1762 3082 opposuerit,

339 3090 382 3156 ad
404 3089 573 3158 ulteriores
594 3091 718 3180 gradus
736 3095 770 3159 in
793 3094 918 3159 artibus
940 3117 1006 3160 non
1026 3093 1226 3160 admittatur.

296 3285 398 3346 2514.
422 3276 488 3367 [Bl.
510 3273 592 3365 12⁵]
623 3293 855 3342 romanarum
882 3293 1189 3361 rsurraxoonuu,
1219 3292 1383 3342 taurona
1410 3291 1697 3343 nrsrausarmrus
1722 3293 1763 3341 ur

687 3395 723 3441 m
744 3394 943 3442 arnarroxa
965 3395 1130 3443 umacus
1152 3393 1425 3442 raorousunmr.

419 3511 513 3598 „Ego
536 3511 582 3576 .N.
600 3511 682 3592 iuro,
704 3507 792 3596 quod
807 3531 867 3574 nec
884 3512 1012 3576 actione
1028 3533 1089 3575 nec
1102 3510 1238 3594 ulcione,
1260 3531 1320 3574 nec
1341 3531 1400 3596 per
1421 3531 1472 3576 me
1493 3531 1554 3576 nec
1573 3533 1634 3597 per
1655 3509 1760 3590 adum,

341 3610 463 3676 directe
484 3609 537 3676 vel
559 3609 726 3692 indirecte,
748 3607 849 3672 verbo
872 3607 923 3672 vel
943 3611 1030 3676 facto
1052 3609 1104 3674 vel
1126 3611 1243 3699 quovis
1266 3609 1330 3675 alio
1353 3607 1449 3674 modo
1472 3609 1571 3674 velim
1586 3633 1640 3676 me
1660 3609 1760 3674 vindi·

338 3733 423 3794 care,
445 3713 473 3774 si
487 3709 530 3774 ad
544 3707 743 3796 temptamen
764 3730 829 3772 nou
850 3708 1015 3792 admittar,
1037 3708 1089 3775 vel
1112 3712 1215 3774 eciam
1237 3719 1312 3797 post
1333 3718 1532 3796 temptamen
1553 3711 1685 3791 reiciar,
1705 3709 1760 3774 sub

298 3820 333 3876 30
341 3833 446 3898 poena
460 3809 605 3896 parim-ii,
627 3807 714 3895 quod
729 3817 844 3873 contra
857 3808 980 3874 faciens
994 3813 1067 3896 ipso
1084 3809 1171 3876 facto
1188 3812 1330 3892 incurro,
1353 3819 1385 3874 et
1407 3819 1537 3872 centum
1561 3808 1762 3888 florenorum,

343 3932 479 3997 quorum
499 3908 656 3973 medietas
679 3906 773 3972 cedat
789 3907 852 3991 illi,
875 3931 970 3996 quem
992 3913 1039 3975 sic
1060 3909 1204 3994 offendo,
1226 3909 1293 3974 alia
1313 3931 1391 3975 vero
1419 3907 1577 3974 medietas
1599 3907 1698 3973 cedat
1717 3907 1760 3971 fa·

340 4009 463 4075 cultati.
506 4007 561 4074 Sic
584 4031 635 4072 me
657 4005 737 4072 deus
759 4007 893 4072 adiuvet
913 4017 945 4072 et
967 4017 1080 4074 sancta
1100 4008 1153 4074 dci
1174 4008 1383 4096 evangelia.“

465 4199 513 4260 15·
534 4211 582 4258 DE
604 4209 721 4258 POENA
743 4207 1018 4258 MOLESTANTIUM
1038 4209 1308 4258 EXAMINATORES
1330 4209 1375 4256 ΕΤ
1398 4207 1647 4256 [ΜΡΕΒΙΤΟΚΕῧε

421 4324 502 4392 Item
514 4325 622 4392 nullus
633 4323 823 4392 actionevel
839 4324 970 4408 ultione,
989 4348 1049 4412 per
1067 4348 1102 4390 sc
1119 4325 1171 4390 vel
1190 4347 1248 4412 per
1268 4323 1376 4407 alium,
1393 4323 1515 4390 directe
1531 4323 1585 4388 vel
1601 4321 1764 4403 indirecte,

295 4433 330 4490 35
341 4424 444 4490 verbo
459 4425 511 4490 vel
524 4427 609 4490 facto
621 4425 674 4490 vel
692 4447 885 4513 quocunque
902 4424 966 4490 alio
980 4424 1076 4490 modo
1091 4427 1228 4512 impetat
1240 4423 1294 4490 vel
1309 4423 1459 4490 molestet
1478 4421 1620 4509 aliquem
1641 4421 1683 4487 de
1703 4443 1765 4486 ma·

340 4527 452 4611 gistris
462 4523 515 4590 vel
530 4524 808 4591 examinatoribus
821 4547 881 4610 pro
892 4547 941 4608 eo,
958 4524 1045 4613 quod
1061 4524 1203 4613 aliquem
1219 4522 1259 4589 ds
1276 4525 1345 4589 suis
1365 4521 1408 4588 ad
1429 4522 1568 4609 gradum
1588 4521 1765 4608 magisterii

341 4623 393 4690 vel
406 4647 544 4690 examen
555 4647 597 4688 ex
608 4647 707 4690 causa
718 4624 904 4691 rationabili
919 4647 983 4689 non
1000 4623 1132 4689 admisit
1147 4622 1200 4688 vel
1216 4625 1322 4688 eciam
1342 4621 1478 4688 eundem
1494 4624 1588 4688 iuxta
1604 4623 1765 4687 couscien·

338 4728 422 4790 ciam
446 4748 537 4790 suam
560 4732 592 4787 et
613 4724 830 4790 iuramentum
851 4723 1023 4812 impedivit
1049 4721 1101 4788 vel
1131 4733 1296 4810 tamquam
1322 4721 1491 4808 iudignum
1519 4723 1640 4787 reiecit
1685 4721 1765 4787 Ocn-

341 4827 477 4890 trarium
496 4825 621 4890 faciens
642 4821 728 4887 ultra
748 4833 874 4890 reatum
902 4825 1054 4911 periurii,
1076 4821 1164 4910 quod
1190 4824 1263 4911 ipso
1291 4823 1378 4888 facto
1404 4823 1558 4904 incurrit,
1581 4832 1614 4886 et
1642 4830 1765 4886 centum

295 4926 533 4991 toilorenorum
556 4942 706 5010 poenam,
728 4945 866 5008 qnorum
887 4922 1045 4988 medietas
1067 4922 1163 4988 cedat
1182 4923 1230 4987 illi
1250 4922 1303 4988 vel
1324 4921 1398 5004 illis,
1423 4943 1520 5009 quem
1540 4919 1593 4986 vel
1617 4943 1700 5008 quos
1720 4919 1764 4982 sic

339 5026 469 5111 impetit
489 5035 548 5090 aut
570 5019 737 5106 molestat,
759 5023 824 5088 alia
844 5022 1001 5088 medietas
1024 5022 1120 5088 cedat
1144 5023 1307 5106 facultati,
1331 5023 1428 5086 etiam
1450 5029 1608 5109 perpetue
1629 5043 1652 5084 a
1672 5017 1765 5084 facul·

294 5147 431 5158 ———-

423 5195 434 5246 1
453 5185 644 5246 Geschrieben
661 5184 736 5240 steht
751 5187 802 5242 vel.
