3762 6074
345 505 406 574 ⁴182
842 495 893 554 Die
911 501 1130 568 philosophischs
1148 500 1275 555 seutiae

354 687 462 754 nullus
495 685 644 751 decetero
676 683 774 750 debet
805 683 933 750 admitti
961 685 1004 749 ad
1032 705 1169 749 examen
1203 681 1442 749 baccalariatus
1471 682 1506 745 in
1538 677 1680 762 artibus,
1712 682 1767 745 nisi

346 799 492 875 tempore
516 785 777 872 dispensacionis
799 783 887 849 dicat
908 785 942 848 in
963 783 1187 848 consciencia¹
1201 805 1269 864 sua,
1282 778 1369 868 quod
1385 779 1506 846 nullam
1523 779 1659 844 totalem
1669 779 1765 845 lectio·

347 909 432 964 nem,
456 887 616 971 integrum
634 885 829 949 exercicium
850 892 906 948 aut
923 885 1173 970 resumptionem
1187 880 1352 946 facultatis
1367 879 1480 944 audire
1491 879 1637 965 neglexit
1648 891 1679 944 et
1691 879 1766 966 qnod

347 987 481 1067 tociens,
503 985 657 1072 quociens
669 983 826 1064 debuerit,
852 982 1017 1047 ordinarie
1038 995 1104 1046 tam
1126 982 1293 1066 magistris
1315 1002 1410 1065 quam
1430 977 1629 1044 baccalariis
1643 1001 1763 1064 respon·

307 1097 323 1150 5
351 1083 445 1167 derit,
469 1085 532 1150 nisi
555 1081 704 1170 specifice
726 1105 824 1168 super
845 1082 905 1147 hoe
927 1104 1035 1146 seeum
1057 1083 1153 1146 fiterit
1174 1080 1414 1166 dispensatum3
1435 1091 1469 1142 et
1490 1077 1579 1165 quod
1600 1077 1765 1163 quemlibet

351 1185 542 1269 magistrum
548 1231 557 1266 ,
590 1204 612 1247 a
645 1205 709 1268 quo
739 1180 908 1246 lectionem
936 1181 987 1246 vel
1015 1182 1206 1246 exercitium
1235 1178 1376 1260 audivit,
1404 1189 1592 1242 contentum
1613 1177 1699 1242 fecit
1734 1178 1763 1240 st

352 1305 431 1348 vero
453 1283 611 1347 defectum
635 1281 730 1346 unius
753 1283 900 1367 integrae
920 1276 1005 1367 [28l]
1026 1279 1134 1344 totalis
1156 1278 1319 1360 lectionis,
1342 1278 1513 1359 exercicii,
1546 1278 1767 1364 resumptionis

350 1405 407 1448 seu
433 1381 653 1468 responsionis
676 1378 862 1444 ordinariae
882 1379 1049 1462 habuerit,
1082 1381 1188 1464 signet
1214 1379 1321 1464 ipsum
1344 1379 1377 1442 in
1399 1377 1497 1442 dorso
1520 1376 1673 1440 scedulae
1699 1397 1766 1439 suae

352 1479 577 1566 completionis
596 1501 672 1544 cum
693 1501 793 1544 causa
812 1501 877 1544 non
899 1478 1084 1560 auditionis,
1107 1499 1205 1562 quam
1227 1479 1254 1542 si
1275 1475 1412 1542 facultas
1435 1476 1544 1563 aliquo
1568 1474 1667 1540 modo
1688 1474 1767 1560 legit·

311 1581 464 1646 terimam
486 1590 518 1645 et
539 1578 769 1645 racionabilem
794 1580 963 1660 censuerit,
986 1577 1153 1664 dispenset
1172 1599 1278 1642 secum
1302 1578 1394 1640 iuxta
1406 1575 1550 1640 defectus
1564 1576 1764 1662 quantitatem

352 1689 384 1744 et
402 1677 601 1764 qualitatem.

394 1884 422 1942 7.
445 1896 492 1942 Du
515 1895 615 1943 MODO
639 1895 812 1943 SOLVENDI
835 1893 973 1942 PASTUM
994 1892 1061 1940 PER
1079 1891 1387 1940 Baccffltnsnos
1410 1891 1476 1940 cito
1499 1891 1736 1954 acceleratum,

654 1993 848 2042 uxi-:umens
870 1993 915 2040 ΕΤ
938 1991 1237 2040 RESUHPCIONIBUS
1259 1991 1483 2040 secuturis.

944 2127 1003 2189 vgr.
1023 2125 1102 2188 xm,
1123 2126 1176 2178 ιιι.

314 2271 344 2326 15
440 2259 586 2342 Quilibet
606 2256 879 2324 baccalariandus
901 2258 934 2320 in
954 2256 1078 2320 artibus
1101 2255 1198 2322 debet
1220 2256 1430 2321 effectualiter
1451 2279 1512 2342 pro
1534 2255 1725 2322 lectionibus
1743 2268 1768 2318 et

355 2362 537 2440 exerciciis,
559 2382 619 2446 pro
639 2355 1003 2444 gradubaccalariatus
1025 2379 1084 2442 per
1106 2379 1178 2420 eum
1204 2353 1346 2437 auditis,
1372 2355 1571 2420 satisfecisse
1597 2357 1691 2421 iuxta
1715 2367 1767 2418 sta·

352 2469 422 2524 tuta
444 2481 553 2524 coram
576 2457 699 2523 decano
733 2467 764 2519 et
796 2457 864 2520 suis
886 2457 1108 2537 taxatoribus,
1141 2454 1201 2520 sub
1224 2477 1328 2541 poena
1347 2478 1410 2519 non
1434 2457 1705 2542 eomputacionis.
1739 2455 1767 2518 si

355 2569 463 2622 tamen
484 2556 603 2644 aliquis
626 2579 747 2638 eorum,
769 2555 926 2642 legittimo
949 2555 1180 2643 impedimento
1202 2555 1453 2636 interveniente,
1483 2554 1524 2619 dc
1545 2577 1611 2642 quo
1634 2565 1768 2620 constare

356 2658 485 2743 poterit,
507 2666 582 2722 ante
605 2655 699 2719 linem
721 2664 849 2719 actuum
873 2654 1095 2740 completionis
1122 2677 1187 2719 non
1218 2655 1427 2736 satisfecerit,
1448 2654 1614 2720 tollet-abit
1636 2655 1769 2733 facultas,

313 2756 441 2841 fflquod
462 2755 568 2821 adhue
591 2755 651 2820 sub
672 2757 734 2818 isto
756 2753 926 2834 decanatu,
949 2753 1008 2817 sub
1030 2776 1093 2839 quo
1113 2754 1297 2819 huiusmodi
1321 2767 1413 2818 actus
1440 2754 1593 2838 audierit,
1620 2753 1769 2840 usquead

356 2865 542 2942 computum
564 2854 707 2920 eiusdem
729 2853 845 2918 decani
868 2853 1056 2916 satisfacere
1077 2855 1204 2939 poterit„
1248 2853 1292 2917 Et
1314 2876 1483 2918 successor
1506 2853 1646 2919 alicuius
1668 2851 1767 2918 decani

354 2975 560 3041 nequaquam
591 2952 731 3040 aliquem
765 2951 807 3018 ad
838 2951 957 3016 librum
980 2952 1207 3038 complentium
1227 2951 1392 3018 facultatis
1425 2952 1601 3036 inscribat,
1635 2955 1689 3040 qui
1719 2949 1768 3014 sub

357 3052 464 3118 officio
488 3052 750 3140 praedecessoris
778 3051 827 3116 sui
857 3061 970 3115 eontra
1000 3061 1120 3116 statuta
1141 3052 1304 3116 facultatis
1327 3053 1519 3116 satisfacere
1537 3054 1672 3117 minime
1693 3073 1768 3114 cura-

354 3153 412 3234 vit,
435 3152 497 3218 sub
519 3153 630 3219 debito
651 3152 800 3241 praestiti
820 3151 994 3216 iuramenti
1016 3161 1161 3236 tempore
1184 3151 1351 3216 electionis
1375 3173 1455 3216 suae
1478 3153 1510 3216 in
1533 3151 1701 3217 decanum.

314 3381 348 3436 2¹)
393 3378 423 3440 8·
447 3390 619 3450 Quantum
641 3389 815 3437 TEMPORIS
836 3389 915 3448 QUIS
937 3388 975 3435 IN
996 3387 1074 3435 ISTA
1095 3387 1349 3436 univi-:usitare
1371 3389 1463 3436 ANTE
1487 3389 1737 3438 Puouovlorvult

776 3487 1062 3537 onocentaurus
1084 3487 1193 3534 S'I'ARE
1216 3487 1364 3536 Ducunt.

964 3606 1026 3668 vgt.
1045 3607 1119 3664 Xlll,
1135 3606 1173 3658 12.

444 3737 561 3804 Nullus
584 3736 680 3802 debet
701 3735 829 3800 admitti
852 3736 894 3802 ad
917 3760 1055 3802 examen
1076 3761 1136 3824 pro
1158 3736 1263 3824 gradu
1284 3737 1536 3822 baccalariatus,
1556 3739 1613 3825 qui
1637 3739 1766 3826 priusiu

317 3883 320 3888 -
359 3837 425 3903 alia
454 3839 666 3902 universitate
683 3859 748 3900 non
768 3839 874 3918 stetit,
901 3839 964 3901 nisi
994 3837 1144 3902 adminus
1172 3839 1206 3901 in
1227 3839 1291 3902 ista
1312 3839 1524 3903 universitate
1546 3841 1672 3903 steterit
1692 3837 1769 3925 quasi

314 3936 404 4001 sord
425 3936 561 4002 alterum
586 3935 755 4001 dimidium
778 3959 907 4000 annum.
950 3935 994 4000 Et
1014 3937 1076 4002 hoo
1101 3928 1222 4024 ‘quasi‘
1251 3959 1315 4001 non
1337 3936 1487 4002 diminuit
1513 3937 1586 4024 plus
1610 3963 1703 4026 quam
1722 3958 1769 4000 sex

361 4037 569 4121 septimanas.

400 4233 428 4295 9.
455 4251 623 4310 Quartum(
645 4249 819 4298 TEMPORIS
839 4250 1047 4298 exuamus
1066 4249 1262 4298 ADVENIENS
1284 4249 1376 4296 ANTE
1399 4252 1686 4301 succinatium
1707 4253 1736 4300 tn
1848 4279 1849 4282 =

747 4350 825 4397 ISTA
847 4349 1099 4399 umvssssslcaru
1122 4349 1231 4398 STABE
1252 4350 1403 4398 DEBEAT.

961 4467 1118 4530 vgt.x111‚
1141 4469 1179 4521 13.

315 4609 349 4665 35
443 4597 558 4663 Nullus
581 4597 714 4662 veniens
745 4597 786 4662 de
814 4597 880 4662 alia
909 4599 1120 4664 universitate
1142 4599 1185 4664 ad
1208 4600 1305 4664 istam
1325 4606 1509 4687 promoveri
1531 4602 1629 4669 debet
1649 4604 1690 4669 ad
1707 4623 1769 4688 gra·

360 4699 436 4764 dum
457 4695 707 4778 baccalariatus,
726 4698 788 4760 nisi
808 4699 900 4784 prius
920 4700 1045 4764 steterit
1062 4699 1094 4762 in
1113 4701 1177 4762 ista
1193 4701 1404 4766 universitate
1420 4725 1479 4788 per
1497 4703 1638 4769 medium
1656 4723 1769 4778 aunum,

361 4809 394 4864 et
425 4797 599 4863 dummodo
627 4797 821 4862 sufficientes
857 4799 1107 4864 informaciones
1134 4801 1247 4866 fecerit
1276 4800 1317 4864 de
1349 4802 1514 4868 anditione
1542 4801 1694 4870 librorum
1719 4822 1768 4887 pro

360 4898 466 4986 gradu
487 4899 520 4962 in
541 4897 608 4962 alia
627 4897 847 4962 universitate.

407 5169 418 5218 l
444 5163 498 5218 Am
519 5163 616 5218 Raude
635 5161 774 5231 oblique-io
793 5165 941 5216 iuramenti
957 5165 1065 5220 mikila
1083 5173 1121 5220 eat
1137 5167 1245 5221 cenem
1261 5169 1408 5234 samuelis
1429 5174 1501 5226 15²⁰.
