3794 6060
338 452 379 514 20
810 452 861 501 Dis
878 453 1060 502 Reformation
1077 467 1140 503 rom
1157 453 1240 505 Jahrs
1258 459 1331 504 1⁴96.

343 633 633 716 commendabiles,
655 633 810 721 pacificos
832 644 864 701 st
886 634 1013 700 sobrios
1036 657 1076 699 ac
1095 633 1296 722 reipublicae
1321 645 1388 699 tam
1416 635 1639 700 univcrsitatis
1669 657 1765 722 quam

339 731 551 818 collegiorum
580 731 675 798 utiles
703 732 806 798 libere
836 743 867 798 et
893 735 962 798 sine
992 733 1222 821 impedimento
1250 731 1393 798 babeant
1420 744 1452 798 et
1478 734 1641 821 dirigant,
1669 745 1765 822 atque
1890 779 1891 784 κ

344 834 479 920 antiqua
500 855 611 898 sorum
634 841 754 897 statuta
774 843 807 897 et
828 831 1076 898 consuetudines
1096 831 1277 897 laudabiles
1297 832 1435 898 firmiter
1456 832 1647 917 observent,
1667 845 1705 900 ut
1726 857 1766 900 ex
1890 889 1891 894 ,

338 931 613 999 benemeritorum
635 941 668 996 et
691 930 997 997 commendabilium
1017 953 1230 1018 personarum
1259 930 1415 998 electione
1441 942 1540 1020 atque
1573 942 1766 1000 statutorum

319 1030 554 1097 tobservantia
581 1031 684 1096 honor
714 1030 933 1117 principibus,
960 1031 1211 1112 incrementum,
1240 1030 1347 1116 gloria
1375 1041 1408 1096 et
1433 1031 1532 1096 decus
1559 1033 1765 1098 universitati
1890 1101 1891 1104 ,

339 1127 549 1217 collegiisque
569 1139 772 1216 procuretur.

609 1300 640 1362 9.
659 1314 707 1360 oa
730 1311 982 1360 coanncmauu
1002 1312 1048 1359 ar
1070 1311 1256 1361 spasmon
1275 1311 1493 1362 conssrant.

423 1425 621 1492 Ordinamus
644 1429 777 1512 insuper
787 1475 796 1508 ,
819 1424 907 1513 quod
927 1426 1081 1491 honestas
1102 1426 1137 1489 in
1159 1423 1304 1510 collegiis
1327 1434 1359 1489 et
1378 1424 1486 1490 bursis
1507 1434 1575 1490 tam
1596 1447 1617 1490 a
1636 1428 1767 1492 maiori·

340 1523 400 1590 bus
422 1547 519 1612 quam
541 1548 562 1589 a
581 1525 763 1591 minoribus
784 1523 984 1606 observetur,
1005 1525 1053 1588 ita
1074 1522 1161 1611 quod
1185 1522 1225 1587 de
1246 1533 1352 1588 cetero
1364 1525 1470 1590 nullus
1489 1526 1524 1588 in
1546 1524 1694 1611 collegiis
1713 1537 1769 1592 snt

301 1634 334 1689 to
342 1623 451 1689 bursis
475 1622 628 1688 habitans
657 1623 842 1689 introducat
869 1623 922 1688 vel
949 1622 1113 1688 introduci
1139 1622 1239 1687 facist
1265 1623 1433 1689 mulierem
1459 1623 1512 1688 vel
1541 1624 1694 1690 mulieres
1717 1648 1768 1690 su-

341 1733 488 1810 spectam
508 1722 561 1787 vel
583 1731 766 1810 suspectas,
794 1743 855 1786 nec
876 1745 947 1786 cum
969 1721 1033 1786 illis
1055 1721 1245 1787 collationes
1275 1731 1332 1786 sut
1355 1723 1623 1790 conversaciones
1645 1723 1768 1790 ibidem

340 1822 473 1904 habeat,
494 1821 555 1886 sub
577 1823 690 1907 poenis
713 1823 747 1884 in
769 1822 897 1886 statutis
918 1820 1127 1908 collegiorum
1149 1829 1181 1885 et
1202 1819 1374 1885 bursarum
1387 1823 1562 1906 expressis.
1583 1821 1630 1886 Et
1643 1824 1671 1888 si
1684 1826 1768 1910 quis,

341 1920 382 1986 de
404 1921 468 1986 hoc
490 1920 657 1985 confessus
678 1919 730 1984 vel
752 1920 930 2003 convictus,
952 1942 1092 2007 poenam
1114 1919 1298 1984 huiusmodi
1321 1918 1447 1984 solvere
1459 1923 1670 2004 recusaverit,
1692 1921 1769 1988 talis

341 2043 402 2107 per
422 2021 644 2107 praepositum
673 2018 802 2104 collegii
829 2029 885 2084 ant
912 2030 1141 2085 conventorem
1169 2019 1289 2084 bursae
1316 2020 1437 2084 rectori
1462 2021 1686 2086 universitatis
1715 2021 1769 2086 de

303 2125 334 2182 15
344 2118 534 2182 nunooistur
539 2166 548 2201 ,
571 2117 691 2204 duplici
710 2139 817 2205 poena
837 2140 896 2208 per
918 2117 1054 2184 eundem
1074 2115 1274 2205 plectendus.

638 2290 686 2350 10.
711 2301 758 2348 on
779 2302 940 2350 amanus
961 2298 1220 2348 raouomorun
1240 2301 1476 2350 noosaauma

423 2414 623 2480 Ordinamus
646 2423 679 2478 et
697 2412 846 2480 volumus
869 2413 998 2496 deinde,
1019 2412 1106 2500 quod
1127 2413 1267 2499 prandia
1290 2418 1533 2501 promocionum
1554 2416 1589 2479 in
1610 2417 1700 2481 omni
1721 2415 1769 2480 fa-

341 2512 461 2578 cultate
480 2512 690 2579 moderentur
712 2522 809 2599 atque
830 2513 896 2579 alia
917 2513 1120 2599 gravamina,
1142 2522 1277 2598 propter
1298 2535 1381 2600 quae
1395 2512 1539 2578 nonnulli
1552 2513 1769 2599 promovendi

342 2611 385 2676 ab
407 2610 470 2677 hoc
493 2611 600 2676 studio
618 2609 833 2696 repelluntur,
855 2610 1019 2676 tollantur.
1059 2609 1129 2674 Nec
1149 2609 1207 2675 fiat
1226 2610 1379 2698 deinceps
1401 2633 1554 2676 excessus
1579 2612 1613 2676 in
1634 2613 1768 2679 ferculis

300 2719 376 2776 eost
396 2711 556 2797 potagiis,
586 2708 645 2774 sed
670 2709 822 2774 doctores
848 2719 881 2774 et
908 2709 1058 2795 magistri
1088 2711 1229 2774 omnium
1257 2709 1447 2776 facultatum
1474 2712 1562 2776 eirca
1591 2709 1673 2776 baec
1702 2715 1770 2780 sint

342 2809 488 2891 solliciti,
516 2819 554 2873 ut
573 2809 632 2873 fiat
654 2806 849 2890 moderatio,
876 2807 952 2872 talis
979 2805 1146 2890 videlicet,
1174 2809 1262 2896 quod
1290 2811 1325 2874 in
1353 2809 1502 2896 prandiis
1532 2807 1702 2875 doctorum
1735 2823 1768 2877 ot

342 2906 480 2972 aliorum
501 2906 796 2994 promovendorum
814 2906 901 2971 ultra
921 2907 1062 2993 quinque
1080 2905 1203 2972 fercula
1225 2930 1290 2974 non
1311 2908 1437 2992 dentur,
1458 2931 1534 2992 nec,
1557 2931 1620 2995 quo
1644 2909 1689 2974 ad
1707 2933 1767 2998 po-

341 3008 446 3092 tegia,
469 3005 555 3071 ultra
576 3029 674 3071 unam
697 3027 831 3092 scopam
852 3006 921 3070 vini
944 3005 1084 3092 preciosi
1105 3005 1148 3070 ad
1168 3027 1267 3071 unam
1288 3029 1434 3072 mensam
1454 3009 1664 3091 ministretur,
1687 3009 1767 3074 alia-

343 3128 405 3194 que
425 3107 505 3170 vina
525 3116 557 3172 et
578 3106 713 3192 potagia
733 3103 909 3169 secundum
930 3102 1058 3170 libitum
1078 3105 1259 3170 ministrari
1270 3116 1415 3192 possunt.
1455 3105 1499 3170 Et
1511 3105 1687 3172 secundnm
1703 3107 1766 3173 hoc

300 3206 442 3269 ttetiam
463 3204 604 3292 prandia
628 3202 887 3269 baccalariorum
907 3205 942 3268 in
963 3201 1141 3290 theologia,
1161 3204 1232 3268 iure
1252 3213 1285 3269 et
1304 3203 1475 3270 medicinis
1496 3227 1558 3292 quo
1579 3205 1622 3271 ad
1641 3207 1767 3272 fercula

339 3313 372 3368 et
395 3301 461 3368 alia
483 3305 625 3392 poterint
645 3306 680 3369 in
701 3303 844 3368 futurum
865 3301 1039 3368 moderari.

727 3475 774 3535 11.
797 3485 945 3534 macana
965 3485 1002 3532 m
1022 3483 1228 3533 raccarara
1251 3486 1384 3536 aaaron

424 3601 624 3667 Ordinamus
647 3611 679 3665 et
699 3598 864 3680 volumus,
886 3598 973 3684 quod
997 3606 1150 3662 statutum
1176 3598 1340 3665 facultatis
1365 3600 1485 3664 artium
1512 3621 1610 3686 super
1638 3602 1766 3666 stancia

341 3701 462 3767 editum
485 3710 518 3765 et
537 3703 572 3764 in
591 3698 675 3764 libro
698 3707 892 3764 statutorum
913 3696 1020 3760 dictae
1041 3694 1205 3761 facultatis
1227 3697 1425 3787 descriptum
1446 3700 1481 3763 in
1502 3721 1588 3764 nono
1610 3709 1643 3764 et
1660 3700 1766 3766 trede-

299 3801 428 3869 3ocimo
450 3798 561 3864 foliis¹
588 3797 723 3862 firmiter
757 3795 949 3862 observetur
970 3805 1002 3859 et
1021 3817 1080 3880 per
1103 3793 1243 3863 decanos
1268 3799 1304 3862 in
1329 3799 1471 3864 firmrum
1498 3798 1635 3884 singulis
1662 3809 1766 3865 muta-

340 3895 488 3962 cionibus
514 3895 604 3961 fideli
632 3897 817 3961 executioni
843 3893 1062 3959 demandetur.
1103 3892 1148 3959 Et
1174 3896 1261 3984 quod
1290 3896 1433 3962 decanus
1460 3897 1496 3960 in
1523 3899 1687 3986 principio
1716 3899 1767 3964 sui

341 3996 509 4081 regiminis
530 3994 696 4060 dominum
715 4003 876 4059 rectorem
897 4001 988 4080 petat
1008 4002 1040 4057 et
1061 3991 1233 4080 diligenter
1253 3997 1413 4084 requirat,
1433 4005 1469 4060 ut
1490 4005 1644 4062 statutum
1667 4019 1765 4086 super

342 4095 463 4159 stantia
489 4093 667 4160 confectum
698 4094 861 4180 publicet,
889 4101 1095 4157 manuteneat
1125 4100 1158 4157 et
1187 4098 1370 4161 executioni
1398 4094 1588 4178 demandet,
1616 4096 1767 4183 quodque

342 4190 508 4257 dominnm
530 4192 731 4257 ordinarium
754 4181 965 4258 consimiliter
985 4193 1132 4277 requirat
1152 4203 1185 4258 et
1206 4194 1411 4278 adhortetur,
1432 4203 1469 4259 ut
1490 4193 1571 4259 nulli
1592 4194 1766 4260 scolarium

300 4291 594 4376 35recognitionem
616 4290 657 4355 de
679 4290 796 4356 stando
819 4298 914 4355 extra
934 4289 1007 4355 loca
1027 4290 1211 4378 approbata
1233 4291 1388 4358 decernat
1408 4295 1474 4358 nisi
1496 4295 1542 4376 ei,
1566 4315 1766 4380 quemsuum

343 4399 377 4454 et
397 4386 535 4454 aliorum
556 4389 725 4454 doctorum
746 4393 781 4454 in
802 4391 873 4454 iure
892 4399 968 4454 actu
992 4389 1167 4476 legentium
1189 4390 1378 4478 diligentem
1399 4401 1432 4456 et
1460 4393 1647 4458 continuum
1675 4392 1765 4458 audi·

340 4497 445 4553 torem
467 4491 648 4573 agnoverit.
682 4489 727 4553 Et
756 4489 899 4554 decanus
930 4499 1076 4575 tempore
1107 4487 1359 4575 dispensationis
1389 4491 1485 4556 debet
1513 4513 1584 4556 esse
1611 4494 1765 4558 astrictus

340 4586 384 4651 ad
406 4587 617 4652 scrutandum
639 4586 681 4652 ab
702 4608 899 4674 unoquoque
920 4585 1292 4654 baccalauriandorum²
1317 4591 1695 4677 magistrandorumque,
1724 4613 1765 4657 an

408 4833 524 4890 tDiese
551 4833 734 4906 Vsrweisung
754 4832 826 4888 trifft
847 4833 1200 4906 aufvl,sundv11‚s
1227 4837 1276 4892 der
1292 4835 1422 4896 Statuten
1439 4857 1495 4896 von
1514 4841 1612 4909 illisu.
1631 4839 1699 4911 vgt
1716 4839 1767 4898 Ur·

335 4917 429 4975 kundl.
448 4918 563 4983 Quellen
583 4918 609 4974 S.
629 4923 678 4973 832
696 4937 722 4973 u.
741 4923 799 4974 833.

405 5003 498 5056 tDas
515 5003 599 5056 Wort
616 5003 653 5056 ist
670 5019 743 5073 ganz
764 5001 1009 5072 ausgeschriebsn,
1034 5002 1094 5057 also
1118 5001 1163 5058 ein
1190 5003 1302 5060 Zweifel
1323 5005 1401 5062 nicht
1425 5005 1554 5078 miglicb.
1592 5005 1678 5062 Sonat
1699 5007 1765 5062 vird

336 5085 467 5140 maistam
483 5084 656 5140 ὀαοοαῑινίιιε
673 5085 739 5140 oder
756 5084 954 5140 taceamus-ero
969 5092 1077 5158 gesagt.
1105 5085 1506 5163 Abgekiiratsflchreibungsn
1522 5089 1670 5162 gewtthren
1688 5089 1765 5148 nicht
