3762 6074
533 493 617 552 Achte
635 495 906 560 Statutsnredsctton,
926 499 1086 552 1011111116
1106 499 1178 554 test.
1503 501 1563 568 539

145 679 330 748 solennibus
361 681 572 750 conventibus
601 681 736 765 duobus,
766 699 816 749 1111
836 681 885 748 Id.
906 682 1018 750 Martii
1042 693 1074 749 et
1096 683 1250 751 Calendis
1279 681 1461 772 Septemhr.
1504 681 1563 750 Sin

144 780 243 862 locus,
264 779 440 848 decedente
462 793 518 850 aut
539 783 673 850 dimisso
693 783 846 866 locatore,
865 805 988 850 vacuus
1009 784 1116 866 fuerit,
1140 784 1281 850 decanus
1304 805 1439 872 operam
1460 783 1562 869 dabit,

144 891 180 947 ut
194 903 310 948 munus
332 880 411 946 illud
431 884 604 950 autoritate
625 881 748 972 publici
768 883 895 949 consilii
917 885 1155 970 quamprimum
1177 884 1270 952 elteri
1292 882 1473 950 mandetur.
1503 885 1565 952 Est

144 990 251 1046 autem
276 1003 377 1069 penes
405 982 468 1050 hoc
493 982 687 1053 locatorem.
716 985 744 1050 si
764 983 930 1064 videatur,
960 993 1102 1066 mutare;
1138 983 1218 1050 ordo
1247 1007 1389 1072 quoque,
1415 983 1502 1072 quod
1524 983 1568 1050 ad

144 1082 292 1146 nationes
321 1083 451 1166 attinet,
474 1081 668 1166 servabitur,
698 1105 792 1170 quem
816 1082 916 1147 series
947 1105 1049 1170 supra
1076 1085 1226 1168 exposita
1256 1083 1464 1150 demonstrat.
1505 1084 1609 1150 Este

145 1179 290 1246 eiusdem
312 1179 452 1248 officium
474 1181 602 1266 videre,
624 1191 662 1248 ut
683 1180 922 1270 disputationes
944 1183 1104 1247 serotinae
1128 1179 1214 1269 [133]
1239 1193 1452 1250 exerceantur
1472 1195 1504 1250 01
1523 1187 1570 1250 in-

145 1278 259 1366 quilini
285 1279 425 1346 modesti
455 1290 487 1346 61
514 1279 610 1370 probi
638 1283 720 1364 sint,
745 1283 831 1347 etin
853 1303 912 1345 sua
940 1279 1048 1346 studia
1076 1280 1208 1346 assidue
1234 1281 1437 1366 incumbant,
1459 1293 1491 1348 et
1512 1282 1569 1348 illa

143 1377 318 1466 diligenter
341 1380 459 1462 colant,
492 1389 524 1446 61
556 1381 720 1447 contraria
754 1380 804 1446 his
837 1381 946 1444 vitent.
988 1379 1019 1446 A
1047 1380 1164 1468 quibus
1196 1392 1227 1446 et
1258 1383 1410 1447 usitatam
1439 1380 1480 1447 de
1507 1382 1569 1448 hoc

145 1478 218 1564 ipso
249 1479 497 1566 promissionem
526 1478 598 1544 11611
629 1479 771 1562 iubebit,
803 1481 956 1546 nimirum
988 1479 1121 1545 honeste
1154 1490 1186 1546 61
1216 1479 1346 1568 placide
1376 1483 1445 1546 sine
1471 1480 1568 1546 ullius

145 1578 323 1643 offensione
342 1601 377 1644 se
398 1577 532 1644 velleio
555 1603 614 1645 sua
635 1579 835 1646 habitatione
856 1579 975 1666 degere
997 1589 1029 1644 61
1049 1589 1171 1645 statuta
1193 1580 1322 1666 collegii
1342 1579 1526 1646 observare.
1581 1591 1612 1646 10

231 1677 422 1744 Locatcrem
445 1676 487 1743 ab
509 1680 642 1766 antiquo
664 1679 786 1767 placuit
806 1681 979 1746 autoritate
1000 1679 1128 1746 consilii
1158 1679 1282 1766 publici
1302 1678 1379 1765 eligi
1400 1689 1431 1744 61
1454 1701 1570 1745 munus

143 1778 321 1842 curationis
349 1779 415 1864 ipsi
442 1775 592 1844 mandari
621 1802 642 1843 a
670 1777 792 1844 decano
826 1779 981 1866 temporis
1016 1777 1121 1861 illins,
1157 1788 1328 1866 postquam
1363 1778 1486 1844 locator
1514 1779 1568 1844 de·

143 1879 292 1964 signatus
312 1876 393 1943 duos
416 1876 591 1943 adduxerit
611 1879 655 1943 ad
676 1877 847 1960 decanum,
870 1879 925 1964 qui
947 1876 1044 1944 fidem
1066 1901 1159 1943 suam
1179 1899 1240 1968 pro
1262 1879 1335 1969 ipsc
1358 1877 1512 1968 obligent,
1534 1877 1569 1944 id

142 1977 231 2066 quod
254 1977 408 2068 deinceps
429 1999 557 2068 quoquc
579 1977 775 2046 servandum
797 1999 868 2044 esse
890 1979 1084 2068 putavimus.

692 2231 1025 2246 m

270 2467 427 2518 eranum
449 2467 683 2516 annumerem
710 2468 757 2516 AD
784 2467 985 2528 lnqutnmos
1006 2469 1140 2518 nemun
1167 2467 1332 2516 cotanen
1351 2467 1445 2516 NOVI.
1582 2456 1612 2512 15

229 2615 346 2682 Visum
368 2627 417 2682 est
435 2615 636 2700 faciendum,
662 2627 697 2682 ut
723 2617 834 2705 capita
856 2615 1015 2705 quaedam
1038 2625 1199 2683 certarum
1228 2616 1345 2704 legum,
1375 2615 1493 2703 quibus
1519 2615 1566 2678 in·

144 2715 261 2806 quilini
290 2715 418 2803 collegii
446 2717 523 2782 novi
550 2715 700 2805 inprimis
727 2727 926 2798 tenerentur,
955 2715 1098 2782 decanus
1133 2728 1263 2782 curaret
1285 2711 1371 2804 [134]
1400 2713 1568 2780 recitanda

146 2827 224 2906 post
246 2816 446 2902 singulorum
468 2825 669 2880 mercatuum
698 2817 813 2900 serias,
842 2839 905 2904 quo
935 2818 984 2882 sui
1014 2819 1150 2906 quisque
1177 2816 1275 2882 officii
1301 2815 1489 2905 diligentius
1516 2811 1571 2880 ad·

144 2926 340 2982 moneretur.
383 2914 434 2982 Ea
456 2924 540 2999 sunt,
563 2936 645 3003 quae
665 2925 850 3004 sequuntur.

786 3085 891 3149 Caput
914 3087 934 3138 1.
1580 3088 1615 3146 20

231 3197 424 3286 Quicunque
453 3198 634 3265 conducere
655 3197 743 3264 volet
763 3199 796 3262 in
819 3197 955 3264 aedibus
984 3199 1078 3264 huius
1108 3198 1236 3284 collegii
1264 3197 1514 3278 habitationem,
1542 3199 1573 3262 ei

146 3321 212 3365 non
231 3296 401 3381 locabitur,
425 3300 452 3364 si
469 3307 605 3382 constat,
628 3321 668 3364 ex
692 3298 824 3364 alterius
845 3297 1033 3363 academiae
1054 3297 1249 3363 scholastica
1270 3297 1482 3362 universitate
1504 3317 1575 3360 esse

148 3399 257 3487 ipsum
278 3396 445 3463 exclusum
466 3397 702 3484 relegatumve3
724 3399 812 3480 item,
835 3399 862 3462 si
885 3418 926 3462 ex
949 3397 1013 3462 elio
1035 3399 1188 3485 quopiam
1210 3395 1346 3482 collegio
1369 3398 1490 3460 eiectus
1513 3395 1571 3476 sit3

148 3499 236 3580 item,
260 3497 288 3561 si
309 3498 352 3561 611
371 3498 502 3563 infamis
529 3497 716 3562 criminibus
747 3499 1035 3586 computationem,
1059 3495 1219 3579 ludorum,
1241 3493 1434 3562 tumultuum
1461 3493 1570 3558 turba-

145 3618 261 3662 rumve
281 3595 438 3680 ullarum,
461 3599 530 3662 sive
551 3598 581 3662 61
602 3597 790 3662 inimicitiae
812 3595 977 3662 evidentes
999 3606 1031 3662 61
1058 3617 1177 3682 graves
1206 3597 1270 3660 sint
1295 3617 1369 3659 curn
1396 3593 1503 3678 aliquo
1525 3603 1611 3659 61125

148 3697 317 3783 magistris
332 3695 491 3762 bonarum
510 3698 638 3762 artium'.
675 3696 749 3761 Erit
769 3697 870 3782 igitur
890 3695 945 3761 1116
965 3699 1104 3783 primmn
1126 3695 1164 3778 is,
1188 3697 1277 3760 cuius
1298 3716 1415 3760 nomen
1435 3695 1469 3758 iu
1488 3692 1572 3759 libro

147 3797 286 3863 rectoris
315 3795 503 3862 academiae
530 3797 745 3883 perscriptum
776 3798 834 3878 sit,
864 3797 983 3884 quique
1017 3805 1263 3884 praeceptorem
1293 3793 1469 3860 secundum
1500 3816 1573 3858 aca-

149 3896 277 3963 demiae
299 3905 420 3961 statuta
439 3895 573 3977 habeat3
602 3893 720 3960 deinde
742 3897 831 3960 cuius
853 3894 941 3962 hona
962 3895 1160 3960 existimatio
1181 3903 1213 3959 61
1234 3893 1275 3960 de
1297 3917 1359 3980 quo
1388 3893 1475 3959 bona
1497 3917 1571 3981 spes

146 4000 208 4082 sit,
233 3995 318 4084 quod
341 3994 384 4060 ad
406 3997 507 4060 vitem
527 4015 698 4082 moresque
719 4005 751 4059 et
781 3992 888 4059 studia
917 3997 1041 4060 attinet
1085 3993 1168 4061 Cum
1189 3992 1286 4059 alicui
1309 3991 1394 4081 [135]
1412 3993 1574 4060 locabitur

149 4095 320 4179 habitatio,
337 4096 504 4182 promittet
515 4093 579 4176 ille,
592 4115 626 4158 66
637 4093 769 4159 honeste
782 4117 854 4159 cum
866 4092 977 4160 debita
993 4093 1215 4160 moderatione
1237 4104 1269 4158 et
1288 4095 1472 4160 reverentia
1492 4117 1571 4182 erga
1581 4103 1616 4160 ³0

148 4218 262 4263 omnes
285 4197 319 4259 in
341 4193 478 4259 aedibus
505 4194 600 4258 huius
623 4193 751 4280 collegii
772 4197 898 4278 vivere,
926 4193 1042 4260 decani
1069 4193 1286 4282 locatorisque
1315 4195 1481 4259 autoritati
1510 4218 1576 4261 non

146 4294 326 4381 refragari,
349 4316 471 4380 poenas
492 4294 625 4358 meritas
647 4296 717 4358 eine
745 4295 948 4360 recusatione
976 4296 1134 4360 sustinere
1156 4291 1257 4375 velle,
1288 4301 1321 4356 et
1347 4293 1482 4381 insuper
1504 4293 1574 4376 hoc,

149 4392 238 4485 quod
260 4417 325 4458 non
352 4392 431 4458 velit
456 4391 591 4458 aedibus
625 4403 682 4459 aut
709 4393 806 4458 rebus
835 4393 910 4459 ullis
936 4393 1064 4481 collegii
1091 4393 1186 4458 huius
1214 4413 1331 4457 nocere
1359 4391 1576 4480 damnumque

146 4496 228 4563 dare
249 4495 354 4563 sciens
380 4492 454 4559 dolo
477 4491 562 4557 malo
574 4543 582 4575 ,
604 4503 636 4557 et
659 4493 685 4557 si
709 4493 796 4580 quod
823 4496 1012 4580 cognoverit
1037 4493 1272 4580 resciveritque
1301 4490 1483 4580 periculum
1511 4494 1574 4560 hae

144 4598 180 4662 in
201 4603 312 4683 parte,
332 4592 468 4660 locatori
490 4594 597 4658 statim
619 4591 773 4658 indicare.
1578 4603 1611 4659 35

780 4761 888 4826 Caput
905 4763 939 4814 11.

231 4877 296 4959 Qui
331 4875 524 4942 conductam
559 4875 789 4943 habitationem
818 4879 852 4941 in
880 4877 931 4942 his
959 4875 1094 4940 aedibus
1129 4873 1280 4940 habuerit
1315 4874 1435 4939 diutius
1464 4897 1575 4942 mense

143 5001 222 5059 nno,
243 4985 417 5065 aanuam
437 4999 556 5042 nomen
576 4978 679 5063 ipsius
700 4978 735 5041 in
754 4976 839 5041 libro
859 4977 995 5042 rectoris
1017 4973 1205 5040 academiae
1234 4983 1367 5040 11061166
1394 4975 1574 5058 perscribe·

143 5087 236 5144 retur
242 5124 252 5159 ,
281 5085 345 5160 aut,
366 5079 421 5164 qui
443 5097 551 5142 secum
571 5075 714 5160 habitet,
736 5076 831 5142 talem
856 5077 1017 5162 receperit
1037 5075 1286 5164 retinueritque,
1309 5071 1474 5160 persolvet
1494 5073 1574 5138 mul-

142 5187 214 5244 tam
235 5174 343 5242 11011111
365 5177 473 5243 unius.
