3762 6074
343 483 403 548 524
864 479 915 531 Dis
934 479 1154 546 pbilosophiscbe
1172 479 1301 531 amiur.

344 665 497 747 caeteris3
521 665 571 728 sin
584 686 649 730 non
661 665 723 728 erit
737 665 885 750 magistri
903 665 1007 752 copia,
1029 661 1229 751 producatur
1252 684 1294 728 ex
1315 657 1488 748 discipulis
1508 657 1632 747 aliquis
1652 655 1765 724 iudicio

346 764 462 830 decani
483 773 664 843 eteorum,
687 786 768 849 qnos
789 764 1018 829 indicavimus.
1060 763 1246 828 Praemium
1268 759 1498 826 declamatoris
1519 761 1601 841 erit,
1622 760 1764 845 magistri

346 863 476 950 quidem
502 863 656 928 vallensis
685 885 784 944 unus,
817 862 969 950 discipuli
990 885 1068 926 vero
1097 859 1294 926 dimidiatus.
1350 860 1498 948 Quisque
1530 881 1591 923 suo
1626 859 1766 922 semestri

348 964 491 1028 decanus
519 964 614 1027 unius
646 985 686 1026 cx
716 962 990 1048 disputationibus
1022 960 1197 1027 ordinariis
1230 961 1358 1046 capita,
1390 981 1430 1023 ea
1462 981 1542 1022 cura
1574 967 1675 1046 atque
1703 956 1766 1021 dili·

304 1071 321 1128 5
348 1065 459 1150 gentis
480 1061 658 1150 explicata,
681 1069 717 1127 ut
738 1071 825 1126 recte
848 1061 1011 1148 divulgari
1032 1081 1129 1150 posse
1150 1057 1338 1142 videantur,
1368 1057 1497 1124 curabit
1521 1080 1543 1124 a
1563 1056 1766 1144 typographo

348 1161 485 1228 menda.

346 1379 394 1428 DE
415 1379 643 1428 assmmrauu
666 1381 711 1427 ΕΤ
731 1380 936 1428 emturum
955 1379 1000 1428 AG
1021 1379 1104 1428 amu
1127 1379 1164 1426 nt
1185 1375 1334 1426 enuclea
1347 1377 1528 1426 noenum
1541 1375 1766 1425 Pfflssfflllld

820 1481 865 1528 ΕΤ
888 1479 1023 1528 umarus
1044 1479 1149 1526 notus
1170 1477 1294 1526 mnus.

962 1599 1067 1660 Caput
1085 1597 1157 1648 vm.

307 1721 338 1776 to
430 1711 584 1778 Publicae
615 1712 780 1780 doctrinae
812 1715 1010 1800 professores
1043 1733 1178 1798 operam
1210 1709 1257 1775 illi
1291 1731 1348 1774 suo
1375 1708 1512 1796 quisque
1540 1704 1615 1772 loco
1652 1705 1768 1772 dabunt
1858 1707 1859 1758 Ῑ

348 1812 519 1898 diligenter
541 1824 572 1877 et
592 1812 739 1878 fideliter.
783 1814 824 1878 Ni
846 1813 997 1895 iecerint,
1018 1810 1218 1876 dissimulari
1239 1809 1280 1874 ab
1302 1809 1343 1872 iis
1366 1807 1447 1889 hoc,
1473 1829 1613 1894 quorum
1638 1818 1688 1871 est
1708 1809 1767 1870 ani·

347 1911 546 1994 madversio,
578 1937 644 1978 non
675 1911 778 1976 debet.
834 1911 959 1992 Quibus
982 1909 1112 1998 quidem
1135 1907 1249 1974 diebus
1279 1907 1448 1972 intermitti
1467 1905 1570 1970 liceat
1592 1905 1768 1972 docuinam

347 2011 528 2100 publicam,
551 2013 767 2098 descriptione
788 2012 942 2076 feriarum
965 2009 1157 2097 explicatur.
1205 2009 1334 2076 Causae
1356 2017 1464 2072 autem
1487 2029 1553 2072 non
1577 2007 1768 2093 repraehen-

348 2111 474 2178 dendae
495 2113 754 2193 intermissionis,
782 2122 856 2176 ante
881 2111 978 2175 etiarn
1000 2111 1105 2174 iustae
1127 2111 1227 2190 visae,
1255 2116 1329 2172 sunt
1354 2107 1561 2172 necessariae
1584 2107 1767 2194 peregrina·
1858 2105 1859 2130 l

309 2214 444 2278 tttionis
474 2221 506 2278 et
528 2213 770 2298 aegrotationis.

430 2309 475 2400 [S.
498 2309 549 2398 20]
582 2311 674 2392 Quae
695 2321 800 2376 autern
827 2309 928 2374 horae
950 2307 1101 2396 publicae
1122 2319 1154 2372 et
1175 2305 1360 2371 ordinariae
1382 2305 1550 2370 doctrinae
1579 2303 1770 2386 tribuuntur,

348 2414 388 2476 iis
411 2413 566 2499 privatim
591 2413 765 2495 magistros
787 2408 953 2496 explicare
976 2431 1051 2472 suas
1074 2405 1201 2472 scholas
1223 2429 1288 2470 non
1307 2415 1429 2469 temere
1450 2415 1499 2468 est
1521 2404 1771 2484 concedendurn,

348 2535 388 2576 ac
410 2513 516 2598 potius
536 2508 727 2589 videndum,
747 2519 782 2573 ut
803 2532 912 2573 omnes
935 2509 1083 2593 magistri
1106 2519 1236 2588 curent,
1261 2529 1281 2570 a
1309 2506 1375 2570 suis
1403 2503 1573 2590 discipulis
1596 2527 1659 2590 pro
1680 2515 1772 2590 captu

348 2611 495 2696 ipsorum
526 2608 792 2696 frequentandam
825 2607 1005 2672 doctrinam
1036 2606 1211 2693 publicam.
1274 2604 1327 2670 De
1357 2626 1421 2691 quo
1432 2652 1442 2685 ,
1475 2605 1503 2667 si
1534 2625 1588 2666 res
1625 2602 1772 2690 postulet,

309 2709 461 2773 20edicta
480 2719 632 2794 poterunt
653 2709 799 2794 proponi.

434 2807 561 2888 Quibus
583 2807 712 2895 quidem
738 2807 850 2872 diebus
874 2806 1013 2870 etheris
1037 2804 1166 2891 publice
1197 2801 1418 2890 disputabitur
1440 2811 1497 2867 aut
1526 2799 1772 2880 declamabitur,
1858 2789 1859 2820 ³

350 2909 391 2972 iis
413 2910 501 2972 omni
528 2907 677 2972 doctrina
705 2907 771 2972 alia
798 2906 1061 2994 supersedebitur
1089 2917 1122 2970 et
1148 2903 1322 2969 studebunt
1349 2903 1514 2987 magistri,
1543 2900 1611 2964 illis
1640 2923 1773 2965 conven·
1858 2965 1859 2968 ,

352 3007 438 3070 tibus
460 3007 617 3072 interesse
637 3031 712 3071 suos
733 3007 919 3094 discipulos.
963 3003 1118 3070 Similiter
1134 3002 1387 3088 theologicarmn
1409 3001 1683 3094 disputationum,
1696 3021 1772 3085 qnae
1858 3007 1859 3054 l

351 3105 481 3194 publice
503 3117 611 3186 erunt,
637 3107 837 3193 temporibus
861 3107 1010 3172 doctrina
1037 3103 1167 3190 publica
1195 3101 1433 3166 communitatis
1460 3111 1592 3164 nostrae
1621 3101 1772 3164 intermit-

308 3215 444 3288 antean,
465 3217 500 3270 ut
522 3207 565 3272 ad
586 3207 659 3272 illos
682 3206 834 3293 discipuli
863 3206 1036 3270 convenire
1057 3205 1192 3291 possint.
1235 3201 1386 3286 Denique
1415 3197 1458 3264 ad
1487 3221 1599 3264 omnes
1629 3199 1773 3265 solennes

350 3317 525 3372 conventus
552 3317 587 3371 ut
616 3330 712 3394 quarn
742 3304 874 3392 plurimi
904 3313 1156 3390 congregentur,
1186 3301 1229 3366 ab
1260 3297 1410 3364 omnibus
1438 3321 1539 3386 opera
1564 3297 1717 3380 dabitur,
1746 3308 1774 3362 et

350 3406 503 3494 quicquid
525 3405 655 3472 obstare
679 3417 796 3492 posset,
821 3429 883 3492 quo
906 3406 1011 3468 minus
1034 3403 1095 3467 hec
1116 3403 1182 3481 liat,
1207 3421 1330 3464 summa
1353 3419 1431 3462 cura
1452 3397 1689 3464 removebitur.
1710 3399 1772 3464 De

351 3527 451 3570 canus
462 3509 560 3572 etiam
572 3507 745 3590 magistros
757 3504 949 3586 hortabitur,
973 3513 1007 3567 ut
1021 3525 1095 3566 siros
1108 3498 1284 3586 discipulos
1301 3498 1404 3562 sacris
1426 3497 1640 3562 concionibus
1666 3497 1772 3562 sedulo

354 3617 386 3670 ct
417 3607 602 3694 frequenter
634 3603 768 3669 iubeant
799 3607 972 3683 interesse,
1003 3613 1035 3666 et
1061 3601 1261 3666 assiduitatis
1293 3599 1356 3684 ipsi
1384 3619 1463 3661 suae
1489 3596 1680 3684 exemplum
1707 3620 1773 3684 pro·

309 3715 486 3791 30ponent,
506 3704 593 3788 quod
608 3703 760 3790 discipuli
775 3705 948 3767 imitentur.
990 3701 1144 3788 Inprimis
1165 3711 1274 3764 autem
1293 3699 1446 3761 feriarum
1471 3695 1587 3762 diebus
1611 3707 1644 3761 et
1666 3710 1774 3786 quarto

353 3827 478 3891 quoque
504 3802 758 3868 ecclesiasticam
787 3805 1070 3888 congregationem
1093 3799 1257 3864 celebrare
1280 3819 1356 3860 suos
1379 3799 1514 3883 quisque
1537 3807 1694 3863 accurate
1715 3821 1773 3862 mo

351 3903 450 3984 nebit,
472 3911 503 3967 et
524 3913 558 3967 ut
578 3902 644 3984 fiet,
667 3925 780 3966 severe
802 3901 955 3966 attendet.

675 4121 721 4168 DE
746 4119 919 4168 autumus
942 4117 1113 4166 llONORl'M
1135 4112 1456 4162 senonasmconnn.

982 4239 1090 4302 Caput
1108 4235 1154 4283 lx.

312 4367 345 4422 35
442 4351 547 4440 [bit]
573 4354 610 4418 In
624 4352 910 4418 communitatibus
925 4349 1127 4418 scholasticis
1140 4347 1237 4411 debet
1256 4343 1427 4430 diligenter
1449 4353 1481 4408 et
1501 4356 1660 4410 accurate
1680 4357 1779 4412 custo-

354 4455 417 4519 diri
446 4451 618 4537 disciplina
644 4451 814 4538 graduum.
857 4452 909 4518 Ea
937 4462 1011 4516 sunt
1037 4447 1222 4514 testimonia
1250 4443 1516 4531 progressionum
1546 4444 1581 4508 in
1612 4445 1731 4511 studiis
1751 4459 1777 4510 et

351 4553 436 4620 tituli
463 4551 641 4637 dignitatis,
676 4574 759 4640 quae
786 4553 926 4617 conferri
955 4574 995 4616 ec
1021 4547 1122 4614 tribui
1150 4545 1263 4610 ordine
1285 4554 1317 4608 et
1344 4543 1471 4607 ratione
1498 4541 1602 4609 decet
1642 4543 1684 4610 ld
1706 4567 1778 4610 vero

353 4656 417 4719 nisi
437 4652 647 4740 inquisitione
667 4651 882 4737 praecedente
904 4651 975 4716 fieri
995 4647 1115 4732 nequit.

439 4751 522 4818 Sunt
543 4759 649 4814 autem
671 4749 735 4816 duo
757 4753 792 4815 in
813 4751 1042 4815 communitate
1069 4744 1168 4810 studii
1195 4744 1351 4809 bonarum
1379 4741 1498 4806 artium
1527 4745 1692 4830 propositi
1712 4765 1779 4831 gra·

313 4852 418 4920 lodus
451 4850 631 4936 dignitatis,
665 4871 748 4914 unus
780 4849 1043 4929 bacrrlariorum,
1072 4844 1154 4909 alter
1182 4843 1424 4928 magistrorum.
1475 4841 1514 4906 In
1548 4845 1662 4930 priore
1694 4843 1781 4932 quasi

356 4952 498 5018 tirocinii
510 4948 668 5036 quaedam
693 4948 908 5014 consideratio
930 4959 988 5028 est,
1010 4945 1090 5010 nlter
1113 4966 1274 5010 summam
1297 4941 1489 5027 dignitatem
1511 4943 1782 5030 compraehendit
1858 4967 1859 5024 j

355 5052 401 5118 Ut
423 5061 546 5132 autem,
574 5057 727 5134 quantum
757 5050 892 5134 quisquc
921 5067 981 5133 pro
1012 5067 1071 5110 sua
1097 5053 1191 5129 parte
1219 5041 1393 5129 profecerit
1422 5039 1601 5126 studendo,
1632 5043 1782 5130 cognosci
1858 5027 1859 5104 l

356 5163 444 5218 certo
467 5151 585 5237 possit,
607 5169 740 5212 necesse
762 5160 819 5230 est,
852 5149 892 5212 iis
914 5145 1152 5234 inquisitionem
1176 5165 1232 5206 seu
1254 5163 1392 5205 examen
1414 5143 1589 5228 committi,
1617 5145 1674 5230 qui
1693 5165 1782 5232 prae
