3758 6072
507 519 592 573 Dritte
612 519 882 584 Statorenredsction,
900 535 953 574 von
973 513 1169 576 illst-1490.
1481 519 1553 586 ’399

129 701 473 768 boitusild'examen
493 700 546 768 vel
566 713 780 791 temptameu,
801 703 853 770 vel
882 711 1028 792 tempore
1055 703 1234 792 apertionis
1260 700 1496 788 temptaminis,
1523 708 1555 764 ct

130 801 318 890 subscripta
338 801 492 868 iurabant
512 825 546 868 se
566 801 790 892 complevisse.

356 1009 382 1068 1.
408 1019 455 1069 nn
476 1020 662 1070 nsnrrmus
683 1022 729 1070 ΕΤ
750 1021 982 1070 srrsruuoss
1005 1018 1337 1068 ussrsrnsunosuu.

737 1139 798 1203 Vgl.
817 1139 849 1204 X,
870 1139 931 1191 1³⁸.

212 1250 359 1334 Quilibet
380 1251 646 1340 baccalariorum,
667 1257 702 1319 in
724 1253 849 1322 artibus
870 1253 983 1319 volens
1005 1253 1201 1340 promoveri,
1223 1276 1283 1340 pro
1307 1251 1429 1319 honore
1450 1252 1549 1318 facul·
1575 1261 1591 1318 5

126 1353 206 1418 tatis
233 1355 359 1418 arcium
394 1354 428 1418 in
462 1353 574 1419 decem
606 1353 881 1444 disputationibus
910 1352 1084 1419 ordinariis
1111 1353 1145 1418 in
1172 1351 1285 1418 habitu
1321 1354 1447 1441 integro
1481 1363 1555 1418 ante

127 1452 332 1540 apertionem
351 1454 547 1544 temtaminis
567 1477 587 1519 a
609 1455 770 1542 principio
792 1454 884 1519 tercii
906 1452 1118 1539 sophismatis
1140 1475 1304 1541 quousque
1326 1453 1466 1540 quinque
1487 1475 1555 1516 ma·

130 1553 228 1638 gistri
251 1550 447 1638 arguebant,
470 1562 516 1637 et,
537 1575 577 1617 ne
605 1552 838 1641 respondentes
867 1550 1033 1634 deficiant,
1061 1563 1196 1638 paratus
1224 1551 1267 1616 ad
1293 1550 1555 1640 respondendum

128 1651 173 1718 ad
199 1673 425 1740 quemcunque
452 1663 578 1739 partem
606 1661 733 1718 tenetur
760 1674 964 1740 comparere,
992 1649 1052 1716 sub
1075 1673 1179 1738 poene
1199 1675 1264 1718 non
1286 1650 1490 1716 admissionis
1512 1648 1555 1714 sd

132 1763 334 1839 temptamen
353 1761 500 1837 tempore
521 1771 588 1818 sno.
1565 1759 1598 1814 to

540 1939 567 2000 2.
590 1951 686 2000 nissi
704 1952 751 1999 sn
774 1951 919 1999 ossnuu
939 1949 1146 1998 susurnam

767 2071 827 2134 Vgl.
844 2071 876 2130 X,
894 2071 919 2120 t.

216 2183 298 2250 Item
320 2182 363 2248 ad
383 2182 522 2270 gradum
541 2185 721 2270 magisterii
741 2194 814 2251 sunt
832 2182 909 2249 libri
931 2185 1001 2248 isti:
1026 2185 1266 2272 topicorum,
1287 2183 1336 2248 de
1358 2180 1487 2265 coelo,
1509 2182 1556 2247 de

129 2286 417 2371 generatione,
445 2282 740 2370 metaphisicc,
770 2307 896 2371 parva
917 2284 1143 2368 naturalia,
1166 2283 1409 2366 ethicorum,
1431 2281 1567 2373 poili-¹

129 2387 331 2466 ticorum,
347 2383 692 2469 yconomicorum,
714 2384 983 2470 perspectiva
1004 2385 1236 2466 communis,
1258 2383 1444 2449 theorica
1465 2381 1597 2469 pla-lt

129 2480 548 2568 netarum,Euclides,
564 2479 982 2569 loycsHeyssbrisive
998 2479 1555 2548 rhetoricorumAristotelis

132 2606 194 2669 pro
214 2603 294 2668 uno,
317 2582 582 2649 arismetrica
603 2583 842 2664 communis,
864 2581 1016 2646 musica
1038 2580 1185 2665 Muris,
1206 2580 1514 2647 metheororum.

453 2787 480 2850 3.
510 2801 558 2848 nn
579 2798 776 2848 smscmns
798 2799 845 2846 sn
869 2798 1015 2848 sssnuu
1036 2797 1246 2848 morsuum.

762 2919 823 2983 vgr.
842 2920 876 2986 x,
893 2920 918 2970 s.

219 3034 303 3100 Item
317 3031 424 3098 nullus
439 3031 534 3098 debet
548 3031 677 3098 admitti
691 3031 734 3097 ad
747 3043 945 3121 temptamen
967 3055 1026 3120 pro
1047 3031 1153 3117 gradu
1174 3032 1363 3118 magisterii,
1384 3031 1448 3097 nisi
1467 3031 1602 3118 priusto

134 3135 263 3200 steterit
282 3133 316 3198 in
338 3133 510 3198 exerciciis
530 3133 757 3219 infrascriptis,
780 3131 917 3198 scilicet:
946 3129 1212 3217 methaphisicae,
1235 3129 1422 3212 ethicorum,
1444 3130 1558 3217 physi-

133 3256 260 3316 corum,
277 3232 398 3297 veteris
415 3233 505 3314 artis,
528 3253 610 3319 quae
632 3241 706 3296 sunt
727 3233 941 3314 necessitatis,
962 3231 1199 3296 metheororum
1221 3229 1273 3296 vel
1296 3231 1408 3318 parvis
1429 3239 1559 3293 natura·

132 3334 222 3400 libus
234 3354 295 3420 pro
303 3353 379 3412 uno,
401 3333 434 3396 in
456 3330 497 3396 de
519 3331 609 3397 coelo
631 3341 663 3396 et
683 3331 803 3396 mundo
824 3329 877 3394 vel
899 3330 1167 3416 degeneratione
1189 3353 1249 3416 pro
1271 3351 1345 3412 uno,
1367 3351 1453 3394 nova
1474 3327 1558 3392 loica

134 3434 189 3500 vel
211 3433 245 3498 in
267 3430 462 3518 sophianis,
484 3428 663 3518 dequibus
685 3429 806 3494 ultimis
825 3431 889 3493 tria
912 3430 1083 3515 capiantur
1105 3427 1283 3494 secundum
1305 3426 1477 3516 placitum,
1498 3425 1559 3491 sub

134 3551 243 3622 poena
263 3548 332 3596 non'
350 3530 555 3596 admissionis
577 3528 619 3594 ad
639 3528 778 3615 gradum
798 3529 989 3614 magisterii.
1567 3535 1601 3591 25

575 3755 604 3816 4.
625 3764 673 3812 nn
694 3763 793 3813 uoco
814 3763 985 3812 sunmunr
1004 3761 1208 3812 nucrrcrsss.

811 3883 871 3945 Vgl.
891 3883 923 3943 X,
941 3883 965 3934 6.

221 3999 344 4066 Modus
361 3997 516 4064 audiendi
536 3999 597 4064 erit
618 3997 703 4081 talis,
726 3996 812 4085 quod
832 3995 968 4084 quilibet
989 3995 1124 4064 audiens
1146 3997 1289 4084 aliquam
1309 3998 1483 4066 lectionem
1501 4019 1562 4084 pro

137 4101 250 4189 aliquo
275 4098 382 4186 gradu
403 4099 436 4162 in
458 4097 602 4181 artibus,
624 4097 750 4184 ereptis
771 4096 1102 4182 mathematicslibus‚
1121 4098 1218 4184 loyca
1238 4096 1385 4185 Heysbri
1410 4108 1442 4162 et
1468 4096 1560 4184 polli-

138 4201 288 4281 ticorum,
310 4209 437 4264 tenetur
451 4219 524 4262 eam
539 4196 653 4262 audire
671 4219 743 4261 cum
767 4196 942 4286 dihgencia
963 4200 997 4263 in
1017 4197 1101 4264 libro
1124 4199 1257 4285 proprio
1276 4196 1329 4262 vel
1348 4196 1604 4280 accomodatoto

137 4303 290 4386 (possunt
315 4306 424 4361 tamen
452 4295 516 4362 duo
544 4307 600 4362 aut
621 4307 688 4363 tres
717 4296 760 4362 ad
786 4299 964 4364 maximnm
993 4297 1106 4363 eodem
1133 4305 1225 4362 textu
1254 4320 1314 4386 pro
1341 4307 1488 4386 tempore
1514 4301 1561 4362 uti

137 4393 263 4484 simul),
285 4397 331 4462 sic
353 4395 441 4484 quod
461 4395 584 4461 nullam
603 4395 791 4480 lectionem,
813 4419 910 4484 quam
933 4397 1046 4463 audire
1069 4395 1196 4479 debuit,
1218 4407 1273 4461 aut
1294 4399 1506 4481 exercicium,
1526 4399 1561 4462 in

135 4519 201 4586 quo
225 4505 311 4563 stare
334 4494 459 4579 debuit,
481 4495 628 4582 neglexit
648 4505 694 4580 et,
718 4505 1001 4584 quantumcunque
1021 4498 1143 4583 potuit,
1166 4497 1235 4562 sine
1256 4495 1331 4562 dolo
1353 4507 1385 4562 et
1404 4497 1520 4564 fraude
1540 4519 1561 4562 a

137 4597 302 4685 principio
324 4619 428 4684 usque
449 4593 608 4662 adfinem
629 4595 775 4662 lectionis
797 4606 852 4662 aut
873 4597 1026 4661 exercicii
1048 4597 1237 4684 permansit,
1258 4619 1278 4661 a
1301 4599 1403 4662 tercia
1425 4597 1562 4664 lectione

135 4707 194 4764 sut
216 4696 378 4762 exercicio
399 4694 442 4760 ab
467 4697 652 4783 inceptione
674 4694 911 4783 computand03
938 4717 999 4762 nec
1020 4693 1080 4760 sub
1101 4717 1166 4760 una
1187 4694 1268 4762 hora
1298 4696 1379 4762 duas
1406 4695 1602 4763 lectiones-tt

143 4806 201 4863 aut
233 4798 395 4862 exercim
426 4794 584 4862 habuerit
640 4795 804 4877 Quociens
843 4805 951 4862 autem
990 4795 1187 4862 exercicium
1218 4807 1274 4862 aut
1309 4795 1480 4862 lectionem
1510 4796 1563 4863 vel

137 4897 293 4963 lectiones
315 4894 460 4980 neglexit
480 4895 533 4960 vel
554 4919 574 4960 a
595 4895 756 4982 principio
779 4892 945 4983 usquead
972 4893 1069 4959 finem
1092 4918 1157 4960 non
1178 4896 1374 4983 permansit,
1396 4906 1429 4962 et
1450 4919 1560 4962 omnes

139 4996 222 5062 alios
242 4995 387 5061 deiectus
408 5017 483 5061 suos
506 4993 603 5060 debet
622 4996 658 5059 in
679 4992 795 5061 cedula
815 5015 947 5060 snorum
969 5003 1117 5079 actuum,
1137 5005 1284 5083 tempore
1302 4995 1560 5083 dispensacionis

140 5091 390 5183 praesentanda,
414 5115 486 5159 cum
514 5115 623 5177 causa,
646 5095 674 5159 si
694 5116 792 5179 quam
818 5092 1163 5176 habet,=conscribere
1190 5105 1223 5162 et
1247 5095 1431 5184 exprimere
1452 5106 1486 5162 et
1505 5097 1559 5164 de-

141 5215 240 5284 super
262 5193 535 5279 dispensationem
557 5203 677 5280 petere.
720 5191 886 5281 Reputant
906 5203 1013 5260 autem
1033 5197 1193 5282 magistri,
1215 5196 1407 5283 legittimum
1428 5197 1605 5286 impedi-40
