3748 6070
522 525 573 578 Die
596 525 715 578 sareon
733 539 795 578 rom
818 521 902 574 lehre
920 523 994 576 ¹54³.
1028 521 1153 587 Anhang.
1487 525 1543 588 301

125 706 201 794 legii
221 707 350 794 vagari,
371 703 492 789 ludere,
512 703 693 792 decurrere,
716 708 873 774 clamores
894 704 1004 788 edere;
1034 702 1172 792 denique
1193 704 1298 770 omnis
1319 702 1434 769 horum
1454 713 1544 791 petu-

125 806 226 871 lantia
248 827 363 872 severe
384 804 580 870 cohibeatur.
622 807 667 872 Et
687 817 854 894 praestare
875 806 960 872 hanc
978 813 1147 870 teneantur
1167 803 1202 886 ii,
1231 805 1265 868 in
1293 826 1429 891 quorum
1456 802 1546 868 habi·

126 905 304 972 tationibus
324 904 453 991 degunt.
478 903 571 969 Scire
592 906 690 969 etiam
711 905 808 972 debet
827 906 1001 993 primarius
1023 925 1157 990 praeses
1177 913 1209 968 et
1229 913 1368 991 quatuor
1388 903 1545 990 magistri,

127 1003 308 1070 cuiusmodi
328 1003 416 1092 apud
437 1025 579 1091 quosque
601 1005 693 1091 pueri
715 1017 875 1086 maneant,
896 1025 1000 1090 neque
1020 1005 1099 1088 pati,
1121 1011 1157 1067 ut
1169 1003 1339 1068 foveantur
1353 1001 1493 1089 improbi
1514 1011 1547 1066 et

127 1104 201 1170 mali
225 1115 259 1169 et
278 1115 484 1170 contumaces
506 1113 538 1166 et
558 1125 579 1167 a
600 1103 716 1169 studiis
740 1103 960 1170 abhorrentes.
1001 1103 1108 1190 Atque
1139 1101 1200 1167 hoc
1227 1104 1355 1168 nomine
1384 1104 1417 1166 in
1444 1102 1546 1188 inqui·
1572 1110 1588 1166 5

129 1205 207 1270 linos
235 1203 349 1270 sedulo
376 1213 408 1269 et
435 1211 585 1268 accurate
606 1204 768 1291 inquirere
791 1211 823 1268 et
848 1201 960 1268 iubere
981 1203 1249 1291 constituereque,
1276 1200 1363 1289 quod
1392 1202 1547 1289 optimum

129 1306 342 1370 rectissimum
364 1302 559 1391 putaverint,
580 1303 627 1367 eis
648 1324 835 1369 concessum
857 1312 916 1368 est

734 1474 803 1524 Lex
821 1471 948 1524 xxm

209 1589 340 1675 Siquis
360 1586 593 1675 disciprdorum
609 1585 810 1652 contubernii
830 1584 1031 1667 illiberalius,
1053 1584 1175 1668 durius,
1197 1586 1347 1651 iniustius
1368 1608 1403 1650 se
1425 1594 1543 1650 uacu-

131 1699 193 1754 tum
215 1687 430 1771 existimabit,
452 1710 492 1752 ea
512 1686 609 1752 dere
634 1685 722 1773 apud
749 1687 939 1773 primarium
966 1681 1151 1771 praesidem
1180 1687 1329 1773 primum,
1361 1682 1488 1768 deinde,
1517 1687 1544 1749 si
1556 1694 1588 1750 10

131 1791 174 1853 ita
195 1789 326 1854 omnino
352 1786 511 1869 videatur,
540 1784 628 1872 apud
654 1795 811 1850 rectorem
833 1807 960 1872 quoque
984 1785 1204 1849 universitatis
1226 1785 1379 1868 conqueri
1402 1785 1453 1850 ios
1482 1784 1547 1850 las·

132 1911 191 1976 qne
216 1897 296 1954 esto.
337 1885 464 1967 Quibus
492 1886 521 1950 si
549 1905 680 1950 causam
707 1906 798 1950 suam
827 1883 994 1972 probavit,
1021 1883 1149 1948 illorum
1175 1885 1210 1948 in
1236 1893 1382 1950 autorem
1410 1885 1547 1949 iniuriae

131 1986 366 2054 animadversio
394 1987 470 2069 arit3
500 1985 551 2050 sin
571 1985 687 2067 minus,
709 1985 900 2050 temerariae
927 1985 999 2072 ipse
1026 1983 1176 2071 querelae
1205 2005 1276 2050 eam
1305 2005 1443 2070 poenam
1470 1983 1547 2068 luet,

130 2090 183 2152 ac¹
203 2097 319 2174 postea
338 2087 483 2174 querenti
504 2083 585 2149 fides
604 2105 669 2150 non
690 2083 858 2149 habeatur.

210 2185 264 2252 Ad
284 2185 505 2273 praepositum
524 2183 597 2250 cibo
618 2181 806 2270 praebendo
828 2193 860 2248 et
880 2179 1018 2248 famulos
1038 2180 1125 2246 illius
1147 2191 1179 2248 et
1199 2191 1301 2248 totam
1322 2184 1544 2248 oeconomiam
1555 2193 1585 2249 15

131 2285 213 2372 qnod
235 2287 360 2368 attinet,
382 2282 422 2348 de
446 2284 605 2349 sententia
623 2283 844 2348 universitatis
862 2291 992 2348 nostrae
1014 2301 1140 2368 quoque
1161 2289 1306 2368 tempore
1328 2284 1547 2348 constituetur.

129 2385 173 2452 Et
192 2382 347 2474 quioquid
368 2383 574 2448 constitutum
594 2382 699 2464 fuerit,
725 2381 761 2446 id
782 2404 902 2464 omnes,
928 2381 972 2446 ad
992 2403 1073 2468 quoa
1094 2380 1277 2468 pertinebit,
1301 2403 1433 2446 servare
1453 2381 1548 2448 debe-

130 2482 215 2552 bunt.
257 2483 294 2549 Si
319 2483 398 2571 quid
422 2482 506 2550 forte
532 2483 628 2548 etiam
656 2480 811 2546 acciderit
839 2479 1119 2546 animadversione
1142 2479 1286 2565 dignum,
1315 2478 1357 2545 de
1379 2503 1442 2568 quo
1462 2483 1549 2548 facta

131 2585 248 2649 mentio
268 2605 335 2648 non
356 2592 414 2665 eet,
441 2580 482 2646 de
503 2603 540 2646 eo
561 2591 697 2669 quatuor
724 2582 871 2667 magistri
896 2591 928 2645 et
954 2590 1020 2646 tres
1043 2581 1105 2645 viri
1135 2579 1303 2665 praesides
1330 2588 1362 2646 et
1387 2583 1548 2668 imprimis

131 2695 233 2750 rector
254 2681 476 2748 universitatis
500 2689 665 2768 tamquam
691 2703 769 2747 casu
790 2703 875 2746 novo
903 2680 937 2746 id
958 2679 1080 2746 facient
1107 2681 1216 2744 statim
1238 2689 1270 2745 et
1297 2689 1411 2767 postea
1433 2689 1591 2747 consu-2⁰

131 2781 195 2847 lent
214 2791 312 2869 atque
333 2782 538 2863 constituent,
561 2781 616 2868 qui
637 2803 697 2867 pro
718 2804 754 2845 re
775 2803 816 2846 ac
834 2791 979 2868 tempore
1006 2781 1163 2867 optimum
1184 2782 1292 2844 visum
1310 2779 1416 2846 inierit
1450 2779 1548 2861 Quod

132 2885 159 2946 si
178 2904 232 2946 res
252 2902 373 2967 magna
391 2881 489 2946 fuerit
502 2888 534 2944 et
554 2889 707 2945 accurata
721 2877 953 2946 deliberatione
968 2879 1154 2966 indiguerit,
1176 2877 1351 2946 decemviri
1372 2880 1415 2946 ad
1431 2901 1547 2968 coguo-

131 2979 284 3048 soendum
304 2989 337 3048 et
357 2977 562 3048 statuendum
584 3001 605 3043 a
624 2989 751 3044 rectore
771 2987 998 3046 convocentur.

735 3515 968 3583 ANHANG.

135 3689 159 3748 t.
178 3697 369 3748 numeror
388 3699 482 3748 auro
499 3699 635 3750 cnnrsrr
654 3701 767 3749 nnnxr
788 3701 907 3749 numm
929 3697 1107 3748 cauernis
1121 3697 1255 3748 mamis
1276 3687 1339 3760 (31.
1351 3687 1443 3746 Moru
1458 3689 1592 3761 leenae

398 3799 559 3849 usercen
581 3800 718 3850 noiomo
738 3799 930 3850 enerciaco
950 3799 1110 3849 anemo
1133 3801 1156 3846 1.
1175 3801 1209 3848 u.
1229 3782 1282 3847 n.²
1388 3845 1392 3858 ,

211 3931 342 4018 Magnis
370 3941 401 3997 et
427 3932 583 4020 gravibus
605 3932 645 4000 de
667 3934 773 3998 causis
801 3943 1001 4021 praeterea,
1029 3956 1111 4020 quae
1139 3934 1290 4020 exposita
1317 3943 1400 4018 stunt,
1428 3934 1552 4022 placuit

134 4042 164 4097 et
182 4033 244 4100 hoo
266 4033 418 4098 constitui
445 4041 541 4120 atque
563 4035 694 4117 sanciri,
720 4055 761 4098 ne
783 4033 846 4116 cui,
868 4030 1027 4098 eonducta
1046 4032 1246 4099 habitatione
1265 4034 1299 4096 in
1321 4031 1382 4100 hoc
1404 4033 1549 4121 collegio,

133 4131 174 4196 ad
194 4155 228 4198 ee
251 4153 309 4198 suo
328 4130 464 4197 arbitrio
484 4132 641 4219 recipere,
663 4155 757 4221 quem
779 4133 851 4218 ipse
870 4130 977 4216 vellet,
997 4131 1103 4216 liceat,
1130 4131 1188 4198 sed
1208 4143 1247 4199 ut
1268 4131 1445 4198 conductor
1466 4131 1550 4198 indi·

134 4253 205 4296 care
226 4239 385 4315 teneatur,
406 4253 501 4319 quem
521 4253 628 4296 secum
648 4230 769 4298 habere
789 4229 878 4313 velit,
899 4253 977 4296 suae
997 4233 1139 4318 regionis
1161 4232 1312 4315 curatori,
1332 4233 1389 4298 uni
1410 4253 1452 4298 ex
1472 4241 1593 4319 qua-³⁰

133 4339 202 4398 tuor
223 4330 399 4418 magistris,
428 4340 527 4418 utque
548 4329 635 4398 illius
656 4354 730 4398 cum
751 4332 914 4420 permissu
935 4329 1066 4398 demum
1091 4332 1231 4396 retinere
1252 4332 1367 4420 porsit.
1405 4331 1502 4414 Quod
1524 4333 1552 4398 si

133 4432 202 4516 quis
223 4427 369 4496 indicare
388 4429 451 4497 hoc
470 4430 610 4497 noluerit
629 4441 686 4499 aut
707 4441 821 4497 contra
841 4429 1041 4496 voluntatem
1061 4432 1211 4518 magistri
1231 4433 1391 4498 curatoris
1411 4431 1551 4519 aliquem

132 4528 165 4594 in
178 4528 411 4596 habitationem
427 4528 618 4596 conductam
639 4533 799 4618 receperit
820 4551 970 4596 secumve
991 4531 1169 4616 retinuerit,
1190 4533 1229 4615 is,
1250 4554 1459 4620 quaeeunque
1473 4531 1552 4596 mu-

133 4637 184 4694 ca
205 4651 227 4694 a
247 4630 401 4716 primario
422 4628 574 4717 praeside
595 4639 627 4694 et
648 4631 824 4696 curationis
845 4630 1003 4716 magistro
1024 4630 1112 4697 dicta
1131 4631 1243 4716 fuerit,
1270 4629 1360 4698 illam
1378 4630 1551 4720 persolvet,

134 4737 165 4792 et
183 4727 270 4816 quod
292 4727 332 4794 de
353 4751 402 4812 eo,
424 4751 518 4817 quem
540 4731 587 4794 ita
607 4752 666 4796 suo
688 4730 825 4797 arbitrio
846 4732 1017 4816 receperit,
1036 4731 1144 4796 facere
1164 4730 1199 4796 hi
1217 4733 1397 4815 iusserint³,
1424 4729 1459 4796 id
1481 4730 1594 4796 sinete

134 4827 333 4892 recusatione
358 4829 466 4895 faciet
505 4829 549 4894 Ni
574 4829 702 4913 fecerit,
732 4829 775 4896 ad
803 4831 1040 4897 contumaciam
1068 4831 1166 4897 istam
1191 4829 1389 4920 puniendam
1416 4839 1448 4896 et
1467 4827 1549 4896 tales

136 4926 330 4994 coercendos
349 4927 493 5015 legitime
514 4927 722 5017 procedatur.

200 5201 211 5250 1
224 5193 414 5254 Geechrieben
426 5193 500 5250 steht
509 5195 574 5250 licet
583 5202 621 5251 ot.
647 5199 663 5250 2
681 5194 732 5250 Bei
742 5195 831 5267 Vogel
844 5214 870 5253 a
883 5213 908 5253 a
921 5195 954 5253 Ο.
967 5195 1010 5254 Bl.
1021 5201 1102 5255 toth.
1121 5203 1137 5254 3
1150 5195 1338 5256 Geeehrieben
1352 5193 1426 5250 tteht
1434 5195 1556 5254 viem·
