3762 6074
1510 429 1517 480 l

507 529 594 591 Aebte
609 529 874 600 summotos,
890 553 951 590 vom
965 527 1050 589 dabre
1075 533 1146 591 1558.
1482 535 1539 606 531

115 711 183 784 ullo
206 728 324 784 conatu
344 727 401 784 aut
422 719 558 785 oonsilio
579 729 635 786 aut
655 721 866 806 usurpatione
886 721 1059 790 vindictae.
1088 719 1261 786 Accedetis
1280 721 1379 807 igitur
1401 720 1542 808 singilla-

114 819 173 881 tim
196 829 229 882 et
249 817 335 883 dicet
357 819 578 907 unusquisque
598 818 701 884 clare:
728 819 848 906 „„Eg0
870 822 1000 886 iuro.““

199 933 307 1021 Atque
330 933 449 1000 deinde
477 936 566 1001 foras
591 937 725 1022 egressi,
753 935 800 1002 ibi
828 937 1034 1024 operiemini3
1063 937 1204 1024 dumque
1231 937 1407 1001 accersitus
1429 937 1545 1022 aliquis

116 1034 232 1117 fuerit,
262 1033 442 1122 explicabit
471 1037 499 1099 is
529 1057 638 1100 coram
665 1033 760 1100 nobis
787 1038 974 1123 petitionem
1005 1059 1111 1118 suam,
1140 1037 1180 1100 de
1207 1059 1271 1124 qua
1297 1045 1365 1100 tum
1394 1037 1545 1100 iudicium

114 1135 355 1198 communitatis
374 1144 505 1201 nostrae
525 1135 581 1200 fiet
601 1133 712 1222 illique
732 1134 963 1203 indicabitur.“
1570 1146 1586 1199 5

198 1282 377 1350 Iubeautur
397 1286 506 1352 iurare
527 1295 560 1351 et
580 1295 695 1372 postea
714 1286 813 1350 exire

201 1417 291 1482 Dum
312 1417 391 1482 soris
414 1418 634 1506 expectabunt
655 1419 819 1504 petitores,
846 1420 971 1485 interea
996 1441 1036 1485 ea
1056 1428 1254 1507 peragentur
1275 1417 1316 1483 de
1339 1418 1547 1502 inquisitione

113 1517 149 1580 in
169 1519 271 1582 vitam
294 1525 327 1580 et
347 1539 453 1583 mores
474 1526 506 1582 et
534 1521 796 1604 percunctatione
818 1521 1048 1604 magistrorum
1072 1529 1139 1582 tam
1168 1519 1392 1605 praesencium
1416 1520 1450 1581 in
1471 1540 1545 1581 oon-

113 1616 188 1681 silio
211 1637 307 1703 quam
329 1626 547 1699 externorum,
568 1639 651 1701 quae
674 1618 808 1704 antiqua
829 1618 1028 1683 consuetudo
1049 1617 1180 1684 obtinet
1218 1619 1331 1706 Neque
1352 1639 1452 1682 causa
1475 1639 1546 1681 esse

114 1714 255 1796 videtur,
288 1736 346 1780 cur
374 1715 425 1778 bis
452 1715 542 1779 aliud
569 1725 697 1801 tempus
727 1725 910 1802 occupetur.
951 1718 1072 1782 Postea
1099 1719 1195 1782 etiam
1224 1727 1256 1781 et
1287 1717 1588 1781 considerationem

114 1825 252 1901 peracta
273 1811 313 1877 de
335 1814 495 1901 completa
522 1825 579 1880 aut
605 1837 669 1880 non
700 1815 862 1902 completa
889 1818 1014 1882 ratione
1045 1816 1233 1899 studiorum,
1261 1839 1333 1880 eum
1360 1815 1547 1880 cancellarii

114 1913 223 1977 vicem
250 1935 284 1976 se
306 1933 421 1998 gerere
444 1913 643 2001 perbibentis
667 1913 816 1979 audietur
838 1918 952 1999 oratio,
979 1927 1045 1980 tum
1068 1921 1307 1980 examinatores
1340 1914 1487 2000 legentur
1515 1925 1547 1978 et

114 2010 354 2078 ordinabuntur
386 2022 530 2096 caetera,
568 2015 652 2078 sicut
688 2036 749 2100 par
781 2025 830 2078 est
862 2037 902 2079 ac
939 2015 1046 2098 decet,
1084 2025 1121 2079 ut
1152 2037 1215 2080 uno
1249 2014 1301 2079 die
1334 2013 1546 2078 absolvantur

115 2133 280 2177 umversa.

609 2225 654 2316 [S.
674 2227 725 2316 36]
750 2247 797 2294 nn
817 2245 1059 2296 nxmmsuno.
1558 2239 1588 2294 15

198 2358 498 2444 Perconctationes‚
527 2370 684 2448 quantum
715 2361 869 2428 discendo
899 2363 1115 2449 profecissent
1143 2363 1177 2446 ii,
1209 2365 1264 2448 qui
1295 2363 1445 2448 magistri
1477 2361 1548 2426 lieri

117 2457 250 2542 vellent,
272 2481 293 2523 a
313 2459 477 2525 veteribus
506 2460 644 2524 induas
672 2471 782 2547 partes
811 2475 886 2526 sunt
913 2461 1114 2526 distributae.
1156 2462 1262 2526 Unam
1286 2473 1443 2526 vocarunt
1462 2471 1548 2526 ten-

114 2571 271 2640 tamen,
300 2557 435 2624 alteram
462 2581 643 2625 examen.
684 2559 863 2624 Tentamen
892 2561 1057 2646 privatim,
1087 2559 1121 2624 id
1143 2569 1192 2624 est
1213 2569 1337 2624 tantum
1362 2561 1404 2625 ab
1427 2563 1547 2627 exami-

115 2657 288 2722 natoribus
311 2657 443 2723 delectis
465 2668 633 2745 peractum
661 2658 739 2740 fuit;
783 2658 826 2723 ad
856 2681 994 2724 examen
1024 2659 1159 2724 admissi
1189 2659 1244 2724 alii
1267 2683 1403 2746 quoque.
1446 2661 1548 2742 Haeo,

115 2757 143 2821 si
167 2755 342 2839 videbitur,
371 2757 597 2822 servabuntur.
642 2756 707 2822 Sed
736 2757 987 2844 percunctando,
1018 2781 1101 2846 quae
1128 2759 1212 2824 ratio
1235 2759 1360 2845 optima
1382 2769 1414 2824 et
1434 2769 1592 2826 conve-20

114 2857 320 2920 nientissima
347 2857 486 2940 ineatur,
514 2858 619 2921 vicem
649 2855 835 2922 cancellarii
860 2880 986 2942 gerens,
1015 2871 1051 2922 ut
1073 2858 1113 2923 de
1134 2859 1185 2940 iis,
1215 2861 1271 2946 qui
1293 2857 1453 2923 bacularii
1478 2859 1550 2924 fieri

117 2957 261 3042 cupient,
285 2955 438 3037 decanus,
460 2954 603 3038 videbit3
625 2956 660 3019 in
683 2957 833 3020 examine
862 2969 964 3039 certe,
986 2957 1073 3042 quod
1102 2957 1150 3021 sic
1179 2957 1311 3044 proprie
1334 2959 1445 3023 vocari
1467 2957 1550 3022 dixi-

113 3077 198 3136 mus,
220 3076 331 3120 omnes
354 3053 503 3120 omnibus
526 3053 733 3119 audientibus
759 3054 1061 3140 interrogabantur,
1076 3055 1296 3121 assidentibus
1310 3057 1405 3121 simul
1419 3058 1548 3122 univer·

115 3156 172 3235 sie,
196 3151 247 3217 vel
269 3155 296 3218 si
317 3177 470 3218 numerus
491 3155 588 3218 nimis
609 3175 746 3238 magnus
775 3155 835 3236 sit,
872 3177 970 3242 quam
1000 3153 1092 3218 multi
1123 3153 1289 3219 commode
1316 3177 1413 3242 posse
1442 3155 1549 3221 audiri

115 3250 330 3336 videbuntur,
362 3251 566 3340 gubernante
596 3263 697 3318 totam
725 3275 793 3316 rem
822 3255 927 3316 vicem
949 3251 1136 3318 cancellarii
1157 3263 1290 3339 gerente
1311 3262 1343 3318 et
1364 3253 1589 3319 distributis25

116 3353 169 3435 iis,
190 3352 231 3416 de
252 3351 369 3439 quibus
391 3353 662 3438 interrogationes
683 3349 893 3417 deducendae
917 3363 1000 3417 sunt.

202 3485 288 3548 Tum
310 3494 343 3549 et
363 3487 488 3573 scripta
509 3484 719 3571 singulorum,
746 3507 829 3571 quae
851 3485 931 3550 iussi
952 3485 1042 3549 fuere
1065 3507 1259 3572 componere
1280 3483 1419 3570 (iubebit
1441 3495 1547 3551 autem

116 3605 377 3671 unumquemque
398 3583 522 3671 aliquid
544 3607 602 3649 suo
629 3583 765 3647 arbitrio
794 3586 897 3649 vicem
927 3582 1114 3649 cancellarii
1149 3607 1266 3670 gerens
1300 3585 1475 3668 scribere),
1509 3607 1548 3651 ea

118 3685 220 3770 igitur
242 3683 466 3748 recitabuntur
489 3683 532 3748 ab
554 3684 606 3766 iis,
629 3684 685 3770 qui
704 3693 964 3768 composuerunt,
986 3683 1040 3748 vel
1061 3695 1128 3749 totu
1142 3684 1194 3748 vel
1205 3705 1283 3770 pars
1298 3682 1408 3771 aliqua
1424 3706 1545 3768 eorum,

117 3793 151 3848 et
172 3785 201 3848 si
220 3783 293 3870 quis
315 3805 470 3872 quaerere
487 3783 527 3848 de
549 3785 703 3870 quopiam
724 3776 788 3868 [37]
819 3792 876 3846 aut
903 3781 1040 3870 colloqui
1068 3805 1140 3848 cum
1172 3793 1283 3848 autore
1314 3785 1428 3870 scripti
1449 3783 1545 3867 volet,
1556 3794 1590 3852 30

117 3905 158 3947 ea
178 3903 272 3948 mora
291 3884 475 3948 recitationi
494 3884 725 3968 interponetur.
770 3879 816 3945 Ut
838 3890 944 3946 autem
966 3880 1027 3946 hoc
1046 3881 1161 3948 ordine
1183 3893 1215 3948 et
1235 3904 1315 3946 vera
1337 3886 1461 3948 ratione
1481 3883 1547 3968 liat,

117 3984 264 4048 recitatis
284 3983 337 4065 iis,
359 4003 441 4070 quae
459 3981 583 4069 placuit
602 3981 744 4062 recitari,
766 3981 872 4044 vicem
893 3980 1080 4046 cancellarii
1101 4004 1219 4068 gerens
1234 3983 1457 4046 recitationem
1481 4006 1548 4048 sus·

116 4081 218 4170 pendi
231 4081 358 4148 iubebit
381 4091 413 4146 et
432 4080 531 4146 faciet
549 4082 596 4144 ita
618 4086 811 4166 potestatem
833 4079 969 4164 singulis
992 4082 1171 4166 magistris,
1194 4082 1249 4168 qui
1263 4079 1411 4164 aderunt,
1434 4081 1548 4146 ordine

117 4181 160 4246 de
180 4182 327 4246 recitatis
350 4177 532 4269 quaerendi
554 4189 586 4244 et
608 4177 808 4264 disputandi,
830 4177 886 4244 ubi
906 4178 1037 4266 quidem
1058 4181 1147 4269 ipse,
1175 4183 1203 4246 si
1223 4177 1372 4263 voluerit,
1393 4179 1478 4245 banc
1499 4183 1547 4268 ip-

117 4303 190 4348 sam
211 4273 371 4345 audonem
394 4281 461 4346 suis
483 4276 728 4367 quaestionibus
752 4287 784 4342 et
805 4277 1081 4366 disputationibus
1101 4281 1267 4367 inceperit
1555 4289 1588 4346 3⁵

188 4396 341 4462 'Dicetur
362 4406 471 4462 autem
492 4405 589 4484 atque
609 4391 819 4460 mandabitur
843 4394 890 4458 eis
910 4416 1040 4479 severe,
1068 4406 1106 4462 ut
1133 4399 1354 4483 unusquisque
1374 4411 1440 4460 tam
1462 4419 1547 4462 eom-

120 4506 226 4586 ponat
247 4497 382 4586 proprio
406 4494 512 4562 studio
532 4503 565 4560 et
585 4495 716 4579 ingenio
741 4495 907 4580 scriptum,
930 4494 1017 4580 quod
1039 4495 1164 4578 offerat,
1187 4518 1284 4580 quam
1305 4495 1456 4561 manibus
1479 4499 1547 4560 suis

116 4595 293 4662 describat
335 4595 420 4662 Nam
442 4596 477 4659 in
497 4594 558 4661 hoc
579 4591 805 4680 depraehensa
824 4592 915 4656 fraus
938 4595 1168 4679 gravissimam
1191 4617 1330 4681 poenam
1351 4594 1530 4660 sustinebit.

119 4781 168 4830 DE
190 4779 334 4830 ummo
357 4779 529 4828 NOVORUM
551 4774 821 4840 molaruosun,
842 4775 887 4822 ΕΤ
910 4775 995 4836 QUID
1015 4777 1115 4826 Exiet
1135 4779 1180 4826 AB
1201 4778 1257 4826 HIS
1279 4775 1424 4841 SOLEAT,
1446 4775 1476 4824 Sl
1497 4777 1544 4823 AD

160 4879 363 4930 DOCTRINAE
385 4879 558 4928 PUBLICAE
582 4875 725 4924 MUNERA
745 4874 913 4922 ASPIREN'I'
940 4877 986 4924 ET
1007 4877 1043 4924 lu
1065 4877 1345 4926 OOMMUNITATEM
1367 4875 1505 4924 PUBLICI
1554 4867 1587 4923 40

609 4973 761 5022 concmn
785 4973 899 5022 RECIPI
918 4975 1059 5022 VELINT.

205 5091 258 5156 De
281 5091 331 5174 iis,
353 5091 410 5178 qui
430 5090 521 5179 apud
544 5114 603 5156 nos
626 5089 776 5174 magistri
796 5089 957 5154 bonarum
985 5092 1105 5155 artium
1133 5091 1308 5156 renuntiati
1337 5098 1427 5172 sunt,
1456 5111 1542 5154 nunc

118 5190 183 5260 boc
205 5195 337 5261 omnino
359 5191 484 5257 servari
504 5199 655 5278 oportere
678 5190 786 5254 visum
806 5199 918 5254 estex
939 5188 1059 5273 multis,
1082 5210 1165 5276 quae
1187 5189 1407 5277 superioribus
1421 5199 1543 5280 tempo-

1315 5296 1375 5358 34·
