3794 6060
256 4497 290 4553 ⁴0

299 309 339 370 40

546 305 629 356 Lehr·
649 307 703 354 nnd
722 271 904 370 Stundanplan
926 306 966 356 fiir
982 307 1035 356 alla
1052 305 1207 356 Facultatcn
1230 320 1291 356 vom
1309 305 1391 354 Jahre
1411 307 1474 353 1519

382 486 534 552 Eadem
555 487 666 553 hora.
711 486 776 552 Sed
804 509 866 572 quo
888 488 1049 553 reconditi
1073 487 1209 554 aliarum
1240 488 1360 551 artium
1379 485 1487 551 aditus
1518 507 1577 572 per
1604 483 1721 549 dialec-

424 587 521 652 ticam
543 587 669 652 mediae
691 586 805 652 classis
826 587 1052 653 auditoribus¹
1074 597 1223 675 pateant,
1245 588 1284 650 in
1306 595 1469 651 aestate
1489 584 1638 672 legentur
1660 586 1722 649 isa·

424 709 508 774 goge
528 687 715 774 Porphyrii,
738 690 922 772 categoriae
942 687 1126 754 Aristotelis
1149 699 1180 752 ct
1201 687 1363 775 principia
1380 685 1523 752 Gilberti
1535 686 1717 768 Porretani,

423 787 466 852 ab
495 787 670 852 Hermolao
695 787 844 853 Barbare
878 788 1037 872 tralata²;
1073 791 1115 853 in
1145 788 1286 876 hyeme
1313 785 1390 852 libri
1418 789 1489 873 peri
1517 786 1720 852 hermeneias

422 886 617 969 Aristotelis,
636 887 678 952 ab
692 887 903 976 Argyropylo
926 889 1065 974 eleganti
1090 899 1122 955 et
1143 887 1304 954 communi
1320 887 1492 952 tralatione
1511 934 1604 950 .....
1614 887 1627 928 ³
1650 884 1722 950 illu·

424 989 535 1069 strati,
557 987 673 1052 deinde
693 987 732 1052 Β.
755 987 898 1052 Thomas
921 988 961 1052 de
988 988 1281 1076 paralogismorum
1299 987 1452 1073 argutiis,
1482 985 1637 1074 expedita
1660 1007 1723 1050 me·

423 1087 470 1151 dii
492 1087 692 1174 syllogistis⁴
717 1087 903 1152 inventione
930 1111 970 1153 ac
997 1088 1184 1153 multivaria
1213 1086 1474 1174 syllogismorum
1501 1095 1662 1174 potestate
1690 1087 1723 1150 in

424 1186 600 1252 modalium
623 1189 882 1272 propositionum
901 1188 1094 1253 formatione
1114 1197 1145 1252 et
1165 1186 1384 1275 peculiaribus
1407 1184 1676 1274 proprietatibus.

380 1285 526 1350 Eadem
555 1285 663 1350 hora.
702 1287 750 1350 Ne
770 1287 897 1352 erudita
917 1297 949 1352 et
969 1289 1080 1372 gravis
1099 1286 1325 1374 philosophiae
1348 1285 1507 1352 naturalis
1523 1286 1676 1351 maiestas
1693 1287 1737 1350 et'

425 1384 581 1450 obtrusa⁵
607 1385 746 1451 eruditio
773 1388 808 1450 in
838 1388 944 1474 primo
973 1385 1203 1452 Aristotelicas
1231 1385 1455 1474 philosophiae
1481 1385 1641 1452 vestibulo
1672 1395 1720 1472 ty-

421 1507 537 1550 ronum
559 1488 691 1572 ingenia
710 1486 828 1552 obruat
852 1485 904 1552 vel
926 1487 1103 1571 deterreat,
1125 1510 1184 1573 per
1205 1487 1249 1552 D.
1269 1485 1453 1569 Albertum,
1481 1485 1636 1552 facillimo
1658 1494 1722 1549 tra-

421 1587 498 1650 mite
519 1597 620 1652 totam
642 1585 827 1651 Aristotelis
848 1587 1019 1673 physicam
1042 1587 1324 1674 complectentem,
1351 1586 1395 1653 ad
1415 1586 1618 1674 capessenda
1639 1584 1721 1650 difli-

424 1683 500 1750 cilia
523 1686 679 1771 dogmata
700 1696 735 1751 et
754 1697 891 1751 naturae
913 1709 1034 1752 arcana
1056 1686 1253 1751 erudientur.

380 1783 497 1849 Hora
521 1795 682 1851 octava.
724 1786 889 1873 Legentur
920 1786 1032 1851 dedita
1058 1808 1159 1872 opera
1180 1797 1253 1852 octo
1275 1785 1352 1850 libri
1370 1784 1554 1850 Aristotelis
1576 1784 1617 1850 de
1639 1785 1720 1872 phy·

425 1885 492 1950 sico
515 1885 640 1969 auditu,
662 1887 696 1950 in
717 1887 889 1952 tralatione
909 1886 1085 1973 Augustini
1106 1887 1233 1973 Nyphi‚
1266 1887 1321 1970 qui
1343 1886 1386 1951 ad
1406 1885 1611 1973 Argyropyli
1633 1885 1722 1974 lepo-

424 2007 494 2050 rem
514 1984 596 2050 adeo
620 1995 765 2072 spectata
786 1988 973 2074 interpretis
992 1987 1057 2050 fide
1071 1987 1247 2072 aspiravit,
1270 1997 1304 2050 ut
1323 1989 1395 2073 ipse
1415 1989 1560 2072 gnarus⁶
1585 2008 1721 2072 agrege

425 2083 612 2150 Aristotelis
634 2085 792 2152 defecisse
812 2087 900 2152 haud
920 2109 1082 2172 quaquam
1103 2087 1293 2151 ratiocinari
1316 2094 1434 2172 posset.

382 2183 460 2250 Sub
490 2184 628 2251 eadem
652 2185 761 2252 hora.
804 2187 887 2253 Cum
921 2187 1077 2252 exercitio
1104 2187 1237 2272 peritia,
1267 2194 1301 2250 ut
1336 2185 1461 2252 Fabius
1492 2207 1533 2250 ex
1573 2185 1720 2251 Platonis

425 2287 585 2351 sententia
607 2287 668 2368 ait,
698 2286 920 2370 convalescat,
941 2286 1090 2352 dominus
1113 2285 1254 2350 decanus
1276 2286 1310 2350 in
1340 2285 1466 2352 artibus
1493 2287 1652 2350 exercitia
1677 2285 1721 2350 le·

424 2385 531 2472 gendo
561 2408 600 2450 ac
628 2385 824 2473 disputando
858 2409 930 2451 cum
961 2387 1140 2474 magisterii
1174 2395 1206 2450 et
1238 2384 1503 2450 buccelam-catus
1536 2383 1721 2451 candidatis

423 2485 611 2551 celebrabit.

380 2585 534 2651 Eadem
557 2586 666 2651 hora.
709 2585 791 2652 Cum
822 2588 951 2670 inertis,
981 2598 1015 2651 ut
1043 2585 1158 2652 Cicero
1181 2588 1244 2668 ait,
1276 2587 1318 2650 sit
1348 2586 1470 2671 ingenii
1499 2585 1620 2651 rivulos
1647 2606 1721 2649 con·

424 2687 544 2752 sectari
565 2697 597 2751 et
619 2687 725 2751 fontes
748 2709 855 2751 rerum
877 2684 1060 2772 negligere,
1087 2684 1212 2770 legetur
1232 2686 1437 2767 Priscianus,
1465 2707 1507 2750 cx
1532 2707 1595 2770 quo
1616 2693 1722 2750 necte

423 2787 483 2850 rici
504 2787 790 2872 grammaticorum
812 2785 908 2852 rivoli
929 2787 1176 2852 scaturiverunt

825 2953 925 3019 Horis
946 2953 1190 3042 pomeridianis.

379 3087 492 3155 Hora
514 3086 739 3152 undecima.
783 3087 832 3152 Ne
852 3086 1038 3152 dialectices
1061 3098 1193 3174 tyrones
1214 3087 1380 3174 perplexis
1404 3086 1670 3152 secundariorum
1692 3101 1724 3150 et

421 3189 651 3274 primariarum
680 3188 892 3253 intentionum
921 3187 1180 3274 quaestionibus,
1209 3198 1265 3252 aut
1285 3187 1382 3274 plane
1404 3185 1467 3252 illis
1492 3187 1581 3252 Scoti
1604 3188 1722 3251 forma·

423 3288 549 3353 litatum
578 3288 742 3353 meandris
771 3298 803 3353 et
825 3288 982 3376 Orysippi
1010 3291 1183 3353 soritarum
1212 3287 1317 3352 modis
1349 3297 1405 3353 aut
1431 3286 1604 3352 dialectica
1631 3289 1718 3372 inge·

419 3391 548 3454 niorum
568 3398 639 3455 cote
661 3398 693 3453 et
714 3391 831 3454 artium
853 3389 1001 3472 magistri
1022 3387 1254 3468 deterreantur,
1280 3387 1430 3473 legentur
1452 3397 1576 3474 septem
1598 3397 1717 3452 tracta·

423 3499 474 3553 tus
494 3488 584 3553 Petri
603 3487 761 3574 Hispani,
783 3490 839 3573 qui
858 3487 980 3553 relictis
1002 3487 1195 3574 ambagibus
1216 3487 1380 3552 auditores
1411 3487 1501 3552 facili
1523 3490 1579 3553 via
1599 3490 1635 3552 in
1656 3487 1722 3553 dia·

419 3588 549 3653 lectices
572 3587 752 3675 penetralia
772 3585 882 3669 ducet,
910 3610 950 3651 ne
973 3589 1007 3651 in
1027 3587 1091 3652 illis
1111 3587 1197 3651 ultra
1224 3597 1363 3653 aetatem
1390 3586 1478 3652 velut
1507 3587 1597 3674 apud
1625 3587 1722 3674 Syre·

421 3689 494 3753 nios
517 3686 667 3772 scopulos
691 3695 932 3751 consenescant.

381 3786 461 3851 Sub
484 3785 626 3851 eadem
648 3784 755 3850 hora.
799 3785 880 3851 Cum
901 3785 1110 3869 Aristoteles,
1139 3786 1206 3852 dux
1234 3789 1535 3874 peripateticorum,
1567 3787 1722 3852 Isocratis

424 3884 572 3971 exemplo
594 3895 709 3968 motus,
731 3883 964 3971 philosophicis
987 3885 1260 3972 disputationibus
1283 3889 1444 3952 oratorias
1468 3887 1574 3950 theses
1594 3909 1720 3952 accom-

424 3984 619 4067 modaverit,
647 4007 688 4049 ne
715 3985 826 4050 athas
847 3984 1037 4070 negligatis,
1063 3987 1102 4050 in
1125 3995 1281 4051 aestate
1309 3987 1428 4072 legitur
1451 3985 1566 4052 Cicero
1591 3986 1633 4052 ad
1657 3985 1723 4051 He·

423 4085 570 4149 rennium
582 4134 591 4166 ,
624 4085 666 4147 in
694 4083 836 4170 hyeme
864 4095 930 4148 tres
950 4084 1026 4150 libri
1054 4085 1221 4152 Ciceronis
1243 4085 1283 4150 de
1304 4098 1448 4167 oratore,
1483 4085 1604 4166 Quinto
1627 4087 1720 4151 fratri

422 4185 612 4248 nominatim
622 4183 730 4266 dicati,
747 4186 780 4249 in
792 4181 909 4269 quibus
918 4183 1033 4250 Cicero
1043 4185 1232 4252 Ciceronem
1241 4189 1360 4252 vicisse
1368 4186 1571 4272 Hieronymo
1582 4186 1720 4252 videtur.

383 4283 466 4349 Sub
495 4282 632 4347 eadem
662 4283 771 4348 hora.
823 4283 1017 4350 Themistius
1048 4285 1089 4350 de
1119 4286 1257 4374 physica
1291 4287 1526 4352 auscultatione
1560 4289 1722 4354 aestivo

426 4383 576 4448 semestri
602 4381 741 4468 legetur,
770 4385 808 4448 in
839 4384 978 4470 hyeme
1005 4409 1083 4451 vero
1103 4397 1170 4451 tres
1190 4385 1266 4451 libri
1289 4387 1460 4451 Themistii
1480 4386 1521 4452 de
1542 4389 1653 4454 anima
1678 4391 1724 4454 in-

422 4481 705 4570 terpretabuntur,
738 4506 818 4569 quos
845 4483 1039 4551 Hermolaus
1072 4485 1256 4568 Barbarus,
1297 4487 1549 4572 Aquilegnensis
1585 4491 1723 4577 patriar·

367 4757 379 4806 1
398 4748 587 4808 Geachrieben
606 4747 680 4804 steht
698 4753 848 4807 mortha
969 4759 984 4810 2
1003 4761 1108 4824 etpost
1125 4751 1278 4808 θίὶόοτὴιιη
1294 4753 1479 4810 Ροηοεαιιιιιιι
1495 4756 1532 4810 ab
1550 4754 1725 4812 &molano

299 4835 496 4892 ...multatum

366 4924 381 4974 3
399 4915 586 4988 Unlescrlieh,
604 4917 750 4973 scheinbar
766 4938 899 4978 carosum.
968 4927 983 4976 4
1003 4920 1188 4988 Undeutlich,
1205 4925 1276 4975 etwa
1291 4921 1465 4993 sylloqimir

370 5009 385 5060 5
402 5004 510 5060 obt-m
526 5003 593 5060 oder
612 5005 730 5074 chmel,
747 5003 820 5060 doeh
837 5005 900 5062 sehr
916 5004 1084 5062 nndeutlich.
1158 5011 1174 5062 6
1192 5003 1378 5062 (leschrieben
1395 5007 1469 5064 steht
1484 5017 1590 5079 praua
