3758 6072
811 448 861 500 Die
880 447 1101 514 philosophante
1120 449 1249 504 sunm

617 637 647 697 7.
665 647 713 696 ΒΕ
731 645 929 696 atacmonn
950 647 1229 700 numerosum
1249 647 1318 696 etta
1339 645 1488 698 solam

400 763 482 829 Item
510 762 554 828 ad
583 761 796 828 claudendum
817 765 904 829 viam
923 763 1128 850 quarundam
1149 764 1369 852 suspicionum
1391 763 1517 851 placet,
1546 773 1584 830 ut
1613 765 1747 832 inantea

321 864 560 929 examinatores
593 884 653 949 per
688 871 807 928 sortem
840 863 1012 950 eligantur.
1052 865 1091 930 In
1124 886 1189 954 qua
1217 873 1305 930 sorte
1333 873 1421 928 stare
1447 873 1600 930 tenentur
1628 865 1751 952 singuli

322 963 471 1050 magistri
493 960 677 1027 decousilio
697 960 859 1027 facultatis
880 965 915 1028 in
934 965 1146 1030 universitate
1158 972 1297 1052 protunc
1309 962 1481 1028 actualiter
1498 973 1751 1047 commorantes,

278 1073 296 1130 5
325 1062 385 1129 sub
407 1083 513 1149 poena
533 1062 701 1126 carenciae
722 1061 1013 1146 emolimentorum,
1041 1086 1125 1150 quae
1152 1063 1232 1152 ipsis
1254 1084 1314 1150 pro
1336 1061 1451 1130 mdem
1480 1065 1554 1130 vioe
1584 1085 1627 1130 ex
1655 1073 1751 1152 perte

320 1162 466 1229 nacionis
488 1184 509 1228 a
529 1160 758 1249 promovendis
781 1172 914 1250 possent
933 1165 1117 1252 provenire.

731 1351 761 1414 8.
779 1363 827 1412 na
848 1363 1077 1414 raouorrous
1098 1361 1384 1412 numerosus.

403 1497 498 1578 Item,
519 1503 556 1560 ut
577 1496 697 1560 caritas
718 1505 751 1560 et
763 1497 912 1562 amicicia
926 1497 1010 1561 inter
1026 1495 1201 1582 magistros
1216 1516 1254 1560 eo
1275 1493 1416 1581 amplius
1438 1493 1609 1577 habeatur,
1632 1494 1751 1582 placet,

318 1607 355 1663 ut
382 1594 424 1660 de
445 1604 554 1660 cetero
575 1617 685 1660 omnes
705 1593 917 1682 promovendi
942 1598 976 1660 in
997 1596 1124 1662 artibus
1148 1617 1169 1660 a
1197 1593 1364 1680 magistris
1392 1605 1649 1682 promoveantur
1677 1616 1753 1682 pro-

280 1699 415 1785 sopriae
441 1694 597 1760 nacionis.
638 1692 689 1759 Sit
716 1703 824 1760 tamen
849 1696 1070 1783 unusquisque
1096 1693 1181 1760 liber
1201 1691 1245 1758 ad
1266 1691 1450 1781 eligendum
1471 1715 1513 1758 cx
1534 1693 1616 1778 biis,
1643 1715 1753 1783 quem·

318 1817 449 1883 cunque
469 1815 530 1884 pro
552 1815 611 1860 suo
632 1791 771 1860 voluerit
792 1803 987 1881 promotore.
1004 1795 1013 1837 ¹

700 1983 728 2045 9.
755 1995 803 2044 oa
824 1957 974 2044 securus
995 1993 1115 2044 nsunt
1135 1991 1416 2044 raouoromeus.

406 2111 505 2195 Item,
538 2118 574 2175 ut
606 2111 851 2197 promocionum
883 2111 917 2175 in
952 2108 1076 2175 artibus
1110 2119 1265 2176 consucta
1294 2131 1360 2176 non
1391 2107 1477 2176 desit
1505 2117 1562 2174 aut
1584 2108 1755 2176 decrescat

327 2211 524 2292 solemnitas,
545 2208 662 2297 placet,
685 2218 721 2276 ut
741 2208 876 2298 quilibet
896 2209 1136 2296 promovendus
1156 2210 1190 2273 in
1211 2207 1347 2292 artibus,
1368 2209 1398 2274 si
1413 2209 1455 2273 sit
1468 2206 1753 2292 baccalariandus,

283 2311 420 2392 ttduos,
444 2311 569 2375 sivero
591 2308 854 2397 magistrandus,
877 2317 1015 2398 quatuor
1038 2307 1177 2375 florenos
1197 2310 1231 2373 in
1253 2331 1332 2375 auro
1354 2317 1500 2395 tempore
1522 2331 1601 2374 suae
1624 2331 1751 2396 promo

322 2412 424 2478 cionie
454 2407 496 2475 ad
529 2409 717 2475 cathedram
744 2431 802 2474 suo
836 2407 891 2473 det
920 2409 1105 2495 promotori.
1150 2407 1216 2475 Sed
1244 2409 1272 2473 si
1302 2407 1380 2496 quid
1413 2429 1455 2473 ex
1486 2407 1654 2494 legalitate
1691 2431 1752 2496 pro

321 2512 442 2577 honore
474 2531 532 2574 suo
564 2508 616 2575 vel
643 2508 790 2574 nacionis
819 2528 1055 2595 supererogare
1076 2507 1271 2590 decreverit,
1300 2530 1379 2573 suae
1399 2507 1593 2597 relinquitur
1613 2507 1751 2573 arbitrio

322 2611 508 2678 voluntatis.
547 2606 593 2672 Et
617 2607 679 2674 hoc
704 2604 746 2671 de
773 2605 969 2672 habentibus
1002 2606 1212 2695 intelligatur.
1252 2607 1349 2673 Hunc
1370 2615 1477 2673 autam
1499 2617 1631 2694 reputat
1652 2607 1752 2674 facul·

323 2718 375 2775 tas
395 2707 586 2791 habentem,
614 2708 670 2793 qui
691 2727 756 2772 non
778 2708 914 2771 servivit
941 2729 1002 2771 nec
1023 2708 1057 2771 in
1079 2706 1251 2774 serviendo
1272 2705 1401 2774 addidit
1421 2716 1453 2774 et
1475 2707 1639 2796 signatum
1660 2705 1752 2773 rede·

278 2811 383 2876 sumit
401 2806 574 2874 facultatis.

500 2997 552 3059 10.
576 3007 622 3055 ou
644 3005 917 3056 umrsmurrons
938 3005 1110 3056 recurras
1132 3005 1248 3055 uersa
1267 3006 1290 3055 a
1311 3006 1569 3058 raoaovmmrs.

405 3141 487 3206 Item
508 3139 552 3208 ad
572 3141 729 3206 maiorem
749 3139 901 3204 unionem
923 3139 1153 3225 magistrorum
1176 3137 1370 3206 firmandam
1391 3139 1518 3228 placet,
1544 3152 1580 3207 ut
1601 3143 1751 3230 pecunia,

323 3263 409 3329 quae
431 3240 474 3306 ad
505 3239 694 3306 cathedram
725 3261 746 3304 a
776 3237 1005 3326 promovendis
1037 3237 1226 3322 exhibetur,
1261 3239 1296 3304 in
1325 3238 1469 3328 qualibet
1497 3242 1637 3308 nacione
1668 3243 1755 3308 inter

320 3341 495 3428 magistros
515 3339 557 3408 de
578 3337 713 3408 consilio
742 3337 907 3404 facultatis
928 3337 1109 3427 aequaliter
1131 3337 1304 3406 dividauu.

278 3529 313 3590 m
615 3529 663 3589 11.
691 3538 738 3586 na
760 3537 1016 3588 nmeursrroun
1042 3535 1217 3587 nxaacrcn
1238 3537 1501 3590 smrsrmslcsu.

405 3671 504 3755 Item,
527 3672 604 3757 quia
624 3671 740 3736 notitia
759 3668 1035 3758 methaphisicalis
1057 3669 1165 3757 primo
1187 3681 1218 3737 et
1240 3672 1465 3761 principaliter
1485 3675 1627 3760 gradum
1651 3679 1753 3764 magi-

324 3771 482 3854 stralem2,
504 3768 621 3859 placet,
643 3780 679 3836 ut
700 3771 831 3835 inantea
852 3770 1048 3835 exercicium
1070 3771 1324 3860 methaphisicae
1347 3771 1483 3860 singulis
1505 3777 1643 3842 annisa
1664 3778 1754 3864 prin·

324 3872 411 3958 cipio
431 3892 533 3958 usque
562 3869 606 3935 ad
625 3869 721 3934 finem
742 3870 777 3934 in
797 3870 1009 3935 universitate
1023 3891 1044 3934 a
1058 3869 1325 3937 vicecancellario
1338 3893 1398 3959 pro
1410 3882 1557 3960 ternpore
1578 3879 1753 3942 constituto

323 3969 522 4057 disputatrn3
552 3967 640 4057 quod
667 3977 742 4058 post
775 3969 891 4035 festum
922 3968 1065 4057 paschae
1097 3970 1227 4037 inchoet
1259 3979 1292 4034 et
1319 3970 1361 4036 ad
1381 3974 1587 4060 aparcionem
1610 3977 1753 4064 proximi

281 4071 545 4158 totemptaminis
567 4071 730 4137 continuet
751 4067 940 4156 diligenter3
962 4091 1023 4158 pro
1041 4091 1105 4159 quo
1121 4091 1211 4136 more
1233 4069 1326 4136 solito
1349 4069 1485 4156 quilibet
1507 4073 1752 4160 magistr-andus

326 4169 432 4237 solvat
450 4175 470 4234 2
490 4169 580 4254 flor.;
612 4171 721 4258 ipsum
749 4167 837 4255 quod
867 4193 887 4235 a
914 4171 1078 4256 principio
1105 4168 1148 4235 ad
1175 4169 1272 4234 mem
1301 4169 1414 4236 audiat
1439 4171 1594 4239 studiose.
1637 4174 1704 4241 Sed
1721 4177 1752 4241 si

323 4271 396 4358 quis
419 4267 624 4336 audiencium
636 4293 672 4336 se
687 4269 890 4357 temptamini
909 4269 1110 4334 summittere
1125 4267 1265 4334 voluerit
1284 4267 1342 4335 illa
1362 4271 1446 4353 vice,
1468 4269 1523 4336 det
1543 4273 1752 4340 medietatem

323 4379 454 4456 pastus,
477 4369 505 4434 si
524 4369 622 4436 fuerit
641 4368 846 4453 insolvendo;
868 4379 900 4434 et
920 4371 949 4434 ai
972 4367 1047 4433 talis
1069 4389 1154 4433 anno
1176 4367 1304 4435 evoluto
1327 4393 1363 4436 se
1385 4372 1527 4438 examini
1551 4375 1752 4439 summittere

321 4467 460 4534 voluerit
481 4477 538 4534 aut
559 4469 756 4553 decreverit,
791 4466 845 4534 det
873 4467 969 4536 almm
990 4466 1196 4534 medietatem
1219 4475 1232 4536 l
1256 4467 1368 4538 floren.
1397 4471 1667 4542 vicecancellario
1688 4497 1750 4562 pro

279 4577 468 4655 attempero
488 4568 649 4638 existenti

890 4735 1222 4750 ,ἡ

352 5046 363 5095 l
382 5041 438 5096 Am
456 5036 565 5092 Rauda:
590 5051 647 5089 eoo
660 5033 754 5104 placet
767 5035 937 5108 simpliciter.

350 5129 365 5180 2
385 5123 424 5178 Es
443 5121 514 5178 fehlt
531 5121 583 5175 das
599 5117 722 5176 Verbum
737 5121 858 5191 respicit,
876 5139 898 5174 a.
919 5123 1003 5174 untes
1021 5118 1050 5174 in
1066 5118 1128 5176 dem
1145 5117 1288 5177 Entvurfe
1304 5137 1359 5176 von
1380 5125 1451 5180 isto.
