3788 6078
369 525 429 590 ttto
881 519 932 573 na
950 521 1137 574 nsotetusetrs
1155 520 1282 574 matus

431 755 478 804 DE
505 755 647 804 Decoao
670 755 913 804 eufranonem
934 757 968 804 IN
991 756 1211 822 animumne,
1234 755 1401 804 CONSILIIS
1424 755 1469 802 at*
1490 751 1728 802 convertemus

960 855 1199 905 OBSERVANDA.

845 975 952 1038 Caput
970 975 1057 1026 VIII.
1078 971 1150 1040 (Vgl.
1169 979 1193 1024 ἰ.
1211 975 1248 1026 St
1267 971 1303 1042 6.)

452 1087 567 1154 Nullus
594 1088 708 1154 doctor
730 1087 829 1154 alium
857 1087 1056 1176 opprobriis,
1083 1089 1221 1172 Iniuriis,
1249 1087 1432 1154 maledictis
1461 1096 1518 1153 aut
1545 1085 1729 1152 scommatis
1746 1083 1781 1150 ls-

329 1199 345 1252 5
372 1199 489 1269 cesset,
518 1187 579 1253 sub
605 1210 711 1274 poena
739 1188 948 1253 uniusaurei
975 1189 1098 1252 nummi
1125 1187 1160 1251 in
1188 1211 1267 1254 auro
1295 1185 1563 1253 irremissibiliter
1591 1183 1781 1272 persolvendi

371 1286 516 1352 medicae
541 1286 706 1370 facultati;
735 1297 949 1374 arceaturque
977 1283 1143 1351 offendens
1170 1285 1214 1352 ab
1241 1285 1464 1352 emolumentis
1492 1282 1667 1366 facultatis,
1696 1283 1782 1348 donec

371 1384 572 1473 praedictam
593 1386 747 1452 mulctam
774 1385 968 1474 persolverit
988 1396 1022 1452 et
1043 1385 1237 1452 satisfecerit
1264 1388 1351 1472 parti
1378 1385 1487 1452 Inesse
1514 1383 1646 1448 decreto
1673 1381 1782 1448 consilii

372 1484 536 1550 facultatis
558 1483 714 1569 medicae,
737 1489 764 1552 si
786 1509 845 1574 per
866 1487 987 1552 amicos
1009 1507 1074 1550 non
1095 1495 1269 1571 potnerunt
1286 1483 1502 1552 reconciliari.

709 1703 754 1751 UT
777 1702 873 1751 NEMO
894 1699 1090 1750 Docroams
1112 1701 1265 1750 SECRETA
1287 1702 1458 1750 Ravenna

332 1845 365 1902 10
876 1838 984 1900 Caput
1000 1839 1051 1888 IX.
1075 1837 1147 1902 (Vgl.
1166 1841 1189 1888 ἰ
1207 1837 1246 1890 St
1260 1837 1295 1902 7.)

456 1966 602 2048 Quilibet
623 1967 792 2032 doctomm
819 1966 859 2033 de
887 1967 1022 2034 oonsilio
1049 1967 1213 2034 facultatis
1239 1977 1372 2034 nostrae
1398 1949 1541 2032 existens
1568 1964 1728 2030 tenebitur
1746 1983 1785 2027 se

375 2076 466 2132 creta
488 2066 616 2132 consilii
638 2065 725 2154 apud
746 2089 781 2132 se
805 2089 938 2132 servare
959 2077 991 2132 et
1011 2089 1075 2133 non
1097 2067 1274 2148 eliminare,
1302 2068 1479 2154 praecipue
1501 2063 1632 2152 quando
1654 2063 1714 2128 boc
1734 2059 1785 2125 sibi

374 2189 432 2254 per
453 2165 609 2231 decanum
635 2167 795 2230 seorsum¹
819 2165 878 2231 sub
902 2177 991 2232 certa
1011 2190 1116 2256 poena
1134 2169 1321 2233 iniunctum.

781 2403 782 2408 =
807 2361 870 2454 [el.
893 2363 944 2452 ab]
970 2381 1369 2432 mosomcsamnmrns

333 2525 363 2581 15
847 2519 955 2584 Cspnt
974 2521 1007 2570 X.
1029 2519 1101 2585 (Vgl.
1120 2525 1144 2573 t.
1163 2519 1202 2572 St.
1221 2521 1236 2571 8
1254 2535 1278 2570 tt.
1297 2516 1334 2586 9.)

455 2648 519 2715 Pro
550 2646 725 2715 concordia
754 2651 869 2715 maiori
897 2650 1060 2716 facultatis
1090 2651 1236 2717 medicae
1257 2647 1464 2715 observanda
1490 2647 1613 2736 placet,
1641 2645 1725 2734 quod
1743 2645 1785 2710 de

372 2759 500 2814 caetero
519 2747 819 2813 vicecancellarium
847 2751 881 2814 in
907 2749 1076 2816 medicinis
1103 2749 1247 2816 habeant
1267 2749 1417 2816 doctores
1438 2748 1583 2812 vicissim
1606 2745 1647 2812 de
1668 2745 1786 2811 consilio

373 2847 539 2914 facultatis
564 2849 657 2912 iuxta
686 2847 832 2912 ordinem
861 2849 943 2914 senii
970 2871 1090 2916 eornm.
1132 2849 1177 2914 Et
1195 2849 1257 2914 boc
1276 2849 1384 2936 ipsum
1406 2846 1545 2912 facultas
1567 2868 1626 2910 suo
1647 2857 1787 2932 tempore,

372 2970 435 3037 quo
464 2947 704 3035 promovendus
733 2945 850 3035 aliquis
880 2948 923 3014 ad
952 2947 1118 3014 licentiam
1149 2947 1310 3014 admissus
1342 2947 1453 3030 fuerit,
1486 2945 1618 3010 domino
1649 2947 1786 3033 episcopo

330 3045 637 3134 20Merseburgensi
659 3047 725 3112 suis
746 3045 848 3112 litoris
869 3047 1056 3136 patentibus
1080 3049 1246 3114 insinuare
1268 3046 1379 3130 debet,
1409 3046 1574 3112 doctorem
1595 3043 1787 3124 nominando,

372 3149 424 3212 oui
454 3169 546 3212 suam
572 3149 713 3233 gratiam
739 3146 803 3214 bac
824 3147 895 3212 vice
924 3147 967 3214 ad
989 3147 1327 3214 vicecancellariatum
1352 3148 1386 3212 in
1406 3144 1576 3210 medicinis
1606 3143 1650 3210 ad
1677 3144 1788 3230 petitio

370 3269 443 3312 nem
466 3257 498 3312 et
519 3245 726 3334 desyderium
746 3245 910 3312 facultatis
932 3249 1121 3314 conmittere
1142 3246 1302 3333 dignetur.
1341 3245 1386 3310 Et
1415 3247 1443 3310 si
1469 3243 1580 3331 plures
1602 3246 1668 3308 sint
1692 3241 1787 3330 aliquo

372 3355 519 3433 tempore
539 3345 738 3430 licentiandi,
765 3357 841 3412 tuno
862 3346 1149 3413 vicecancellarius
1173 3348 1221 3411 sic
1242 3344 1337 3410 datus
1359 3345 1494 3432 recipiet
1516 3365 1576 3428 pro
1599 3345 1666 3408 suis
1685 3342 1789 3408 labori·

371 3443 433 3509 bus
456 3442 628 3510 dumtaxat
648 3445 728 3512 duos
750 3445 890 3512 florenos
911 3446 946 3511 in
968 3469 1062 3529 aur03
1088 3446 1170 3513 alios
1193 3445 1333 3511 florenos
1355 3442 1530 3508 distribuat
1550 3445 1635 3508 inter
1655 3443 1789 3510 doctores

330 3542 548 3609 ttinmediata
571 3555 751 3632 sequentes,
773 3547 820 3610 ita
842 3543 929 3633 quod
951 3544 1086 3634 quilibet
1106 3545 1188 3612 duos
1210 3545 1350 3610 florenos
1370 3541 1504 3626 habeat3
1527 3545 1602 3628 pari
1622 3541 1716 3608 modo
1735 3539 1789 3606 alio

371 3655 517 3732 tempore
545 3643 610 3708 fiet.
654 3643 708 3709 Sic
738 3645 918 3732 aequalitas
948 3644 1095 3711 laborum
1128 3656 1159 3710 et
1188 3641 1482 3709 emolumentorum
1507 3641 1691 3708 servabitur
1717 3643 1789 3706 inter
1867 3651 1868 3728 t

373 3741 534 3826 doctores,
556 3764 639 3831 quae
661 3765 804 3810 amorem
823 3745 925 3810 nutrit
946 3753 1042 3830 atque
1064 3744 1282 3810 concordiam.

735 3943 906 3991 srlsrons
928 3943 976 3991 ΔΙ)
996 3943 1192 3993 EPISCOI’UII
1213 3941 1447 3992 nasamones.

332 4172 507 4242 ³00bristo
528 4184 631 4260 pater,
655 4174 784 4240 domine
805 4175 965 4260 gratiosel
989 4175 1127 4241 Vestrae
1147 4177 1333 4262 paternitati
1355 4175 1531 4240 affectuose
1551 4173 1791 4240 conmendamns

374 4271 593 4337 venerabilem
625 4275 730 4338 virum
762 4281 831 4351 (aut
861 4274 1064 4341 venerabiles
1095 4276 1196 4352 viros)
1230 4275 1278 4340 .N.
1311 4273 1360 4339 .N.
1392 4277 1426 4339 in
1457 4273 1584 4340 artibus
1612 4270 1791 4338 liberalibus

374 4373 565 4458 magistrum
596 4381 668 4444 (aut
689 4376 878 4459 magistros)
900 4385 932 4438 et
958 4377 992 4440 in
1018 4373 1179 4440 medicina
1205 4371 1436 4439 licentiandum
1463 4383 1536 4451 (aut
1563 4370 1791 4446 licentisndos),

375 4470 573 4558 suplicantes
595 4471 756 4537 humiliter
777 4474 965 4559 paternitati
988 4485 1117 4538 vestrae
1140 4473 1348 4556 reverendae,
1375 4482 1535 4560 quatenns
1556 4473 1681 4556 eaden,
1702 4469 1790 4536 medi·

375 4593 434 4636 cae
462 4569 626 4635 facultatis
657 4571 792 4653 intuitu,
825 4570 1062 4638 conmendabili
1092 4582 1191 4658 atque
1220 4573 1352 4658 egregio
1378 4573 1465 4655 viro,
1496 4573 1617 4636 artium
1646 4572 1790 4656 magistro

333 4678 473 4758 alatque
505 4671 539 4734 in
570 4669 732 4734 medicina
761 4669 899 4755 doctori,
929 4673 978 4736 .N.
1007 4671 1236 4738 authoritatem
1265 4670 1443 4737 concedere
1475 4669 1627 4758 dignetur
1656 4669 1790 4760 praelato

376 4771 532 4855 magistro
554 4768 621 4846 tvel
642 4770 799 4855 praefatis
822 4773 1002 4857 magistris)
1034 4771 1076 4836 ad
1098 4793 1253 4860 praesens
1275 4768 1472 4836 licentiando
1495 4769 1562 4844 (vel
1582 4766 1789 4837 licentiandlsl

376 4869 409 4934 in
431 4868 601 4934 medicinis
622 4867 786 4934 licentiam
808 4871 1003 4937 conferendi
1039 4869 1136 4951 Quod
1158 4873 1243 4938 votis
1264 4869 1405 4936 assiduis
1427 4868 1516 4956 apud
1537 4869 1673 4936 eandem
1694 4877 1788 4955 pater

462 5119 473 5170 t
495 5114 561 5170 Dies
579 5117 663 5170 Wort
681 5117 717 5170 ist
734 5117 832 5172 wieder
852 5119 953 5190 getilgt
971 5121 1026 5174 und
1045 5137 1126 5190 avar,
1151 5121 1200 5176 ule
1217 5137 1247 5176 es
1263 5120 1383 5188 scheint,
1409 5119 1500 5194 gleicb
1518 5137 1572 5176 von
1589 5121 1638 5174 der
1654 5112 1729 5170 llsnd
1746 5111 1788 5164 de·
1867 5125 1868 5188 ζ

375 5205 466 5258 ersten
485 5197 652 5258 Schmibsrs.
1867 5207 1868 5220 *
