3758 6072
340 425 401 492 372
840 423 891 476 Dis
909 423 1130 490 philosophischc
1147 423 1275 478 Fumat

413 606 551 660 Secundus
567 608 662 660 modus
680 607 714 656 de
732 607 873 660 oblacione
892 607 1034 672 peccunias
1050 613 1157 660 tantas
1176 615 1202 658 ct
1218 608 1318 672 absque
1336 608 1489 662 differsncia
1507 609 1659 661 manum

425 721 571 804 Quilibet
603 720 843 809 promovendus
880 723 915 788 in
942 721 1067 788 artibus
1104 719 1198 788 dabit
1232 743 1291 788 suo
1324 723 1518 809 promotori,
1547 745 1755 810 quemcunque

341 821 475 909 elegerit
503 822 544 888 de
571 843 761 910 quacunque
790 823 943 904 nacione,
969 821 1004 886 in
1030 819 1253 888 baccalariatu
1277 819 1358 888 duos
1385 821 1527 888 florenos
1552 825 1754 890 renensesin

341 944 421 988 auro
428 971 439 1006 ,
466 923 501 988 in
528 922 716 1008 magisterio
744 930 811 987 tres
841 921 883 987 ad
913 919 1112 986 cathedram.
1154 919 1302 1002 Quorum
1329 920 1526 993 florenorum
1547 920 1634 987 duae
1658 933 1753 1010 partes

299 1029 316 1085 5
344 1021 429 1086 inter
456 1022 629 1108 magistros
662 1019 703 1084 de
731 1020 867 1087 concilio
897 1019 1061 1086 facultatis
1090 1019 1269 1108 aequaliter
1300 1019 1504 1103 dividantur,
1537 1023 1641 1088 tercia
1675 1033 1754 1110 parte

340 1121 507 1208 magistris
535 1131 629 1187 extra
656 1119 828 1187 concilium
853 1118 1017 1186 facultatis
1051 1128 1126 1184 actu
1152 1120 1340 1207 regentibus
1370 1129 1547 1186 reservata.
1596 1120 1634 1187 Si
1661 1131 1754 1187 nmen

340 1219 581 1305 promovendus
603 1221 777 1307 quicquam
791 1221 895 1284 eciam
917 1219 1047 1307 publice
1061 1218 1146 1284 ultra
1166 1219 1245 1286 dare
1265 1217 1406 1286 voluerit
1426 1242 1488 1308 pro
1511 1241 1571 1285 suo
1593 1219 1753 1286 honoreet

342 1321 466 1386 arcium
487 1318 662 1403 facultatis,
683 1329 759 1384 time
779 1327 946 1406 promotor
967 1317 1008 1384 de
1028 1318 1133 1384 trihus
1153 1319 1286 1386 florenis
1303 1317 1455 1402 medinm,
1477 1317 1518 1384 de
1538 1341 1598 1386 sex
1618 1329 1754 1386 unumst

340 1419 388 1484 sio
409 1419 612 1486 ascendendo
632 1416 958 1506 proporoicnahiliter
983 1440 1045 1506 pro
1076 1441 1134 1484 nuo
1160 1418 1273 1486 labore
1299 1417 1467 1500 retinebit,
1498 1417 1663 1486 residuam
1688 1443 1754 1486 vero

301 1527 466 1605 topartem
480 1541 542 1608 pro
562 1519 738 1606 magistris,
760 1525 796 1582 ut
819 1539 929 1604 supra,
951 1515 1160 1583 dividendam
1176 1519 1406 1606 praesentabit
1444 1518 1510 1586 Sed
1531 1520 1560 1584 si
1580 1541 1754 1607 promoven·

340 1616 401 1684 dus
426 1619 509 1685 citra
535 1628 602 1684 tres
630 1618 770 1684 florenos
798 1614 939 1698 dederit,
964 1625 1041 1682 tunc
1069 1628 1234 1704 promotor
1264 1619 1299 1684 in
1329 1641 1389 1684 sua
1412 1629 1486 1684 rata
1507 1641 1579 1684 cum
1602 1620 1754 1706 magistris

338 1715 413 1784 aliis
442 1718 485 1784 sit
510 1725 688 1785 contentus.
730 1715 863 1804 Pauper
889 1737 991 1800 vero,
1013 1717 1184 1804 -'signetum
1209 1739 1274 1784 non
1294 1717 1477 1802 redimens,
1506 1719 1611 1806 gratis
1632 1731 1753 1808 propter

340 1815 436 1885 deum
455 1825 694 1907 promoveatur.

570 1987 680 2038 'farcina
697 1985 793 2036 modus
810 1985 843 2034 de
860 1991 924 2035 taxa
940 1985 1085 2049 peccuniae
1103 1999 1162 2035 cnm
1180 1985 1329 2038 differentia
1346 1987 1496 2038 maenum

299 2109 332 2166 15
424 2099 551 2188 Singuli
572 2097 786 2190 promovendi
807 2099 842 2164 in
863 2097 989 2164 artibus
1015 2109 1268 2188 promoveantur
1290 2121 1349 2189 per
1369 2102 1544 2188 magistros
1566 2121 1645 2166 suae
1664 2100 1753 2166 natio·

338 2201 391 2266 nis
412 2201 476 2284 sic,
497 2200 585 2286 quod
605 2200 747 2288 primum
767 2201 874 2266 senior
895 2199 930 2263 in
951 2197 1096 2286 qualibet
1115 2201 1253 2266 nacione
1273 2221 1386 2268 omnes
1408 2199 1589 2283 admissos,
1613 2199 1706 2266 simul
1724 2201 1753 2264 in

337 2322 437 2366 unum
457 2299 575 2367 divites
596 2310 628 2366 et
647 2321 821 2387 pauperes,
842 2307 1033 2386 promoveat
1045 2307 1077 2364 et
1090 2299 1138 2364 sic
1157 2299 1364 2387 procedendo
1385 2321 1488 2386 usqne
1510 2298 1554 2364 ad
1574 2302 1752 2388 magistrun

338 2401 496 2466 iuniorem
523 2399 697 2482 inclusive,
732 2397 846 2466 ordine
872 2417 952 2463 vcro
983 2397 1075 2464 finito
1103 2399 1277 2486 reincipiat
1304 2398 1411 2464 senior
1438 2397 1584 2465 eiusdem
1610 2401 1753 2466 nacionis.

338 2497 384 2565 Et
404 2498 645 2586 promovendus
672 2501 707 2564 in
734 2495 954 2564 baccalarium
985 2496 1077 2563 dabit
1100 2495 1144 2562 ad
1171 2496 1361 2564 cathedram
1380 2520 1495 2581 unum,
1519 2497 1556 2563 in
1574 2501 1753 2588 magistrun

297 2605 419 2666 tovero
445 2598 526 2665 duos
546 2599 687 2665 florenos
709 2597 856 2662 rinenses
874 2597 909 2661 in
929 2619 1010 2664 auro
1037 2619 1109 2663 cum
1135 2596 1322 2664 condecenti
1345 2599 1491 2686 pitancia
1511 2607 1569 2664 aut
1589 2597 1753 2666 collacione

338 2720 399 2787 pro
420 2697 610 2764 reverencia
629 2697 776 2763 nacionis
797 2703 830 2761 et
849 2695 1011 2762 facultatis
1032 2696 1126 2762 iuxta
1147 2695 1368 2764 substanciam
1389 2697 1683 2786 promovendorum
1702 2719 1752 2786 per

338 2800 512 2885 magistros
533 2797 679 2862 nacionis
701 2794 741 2860 de
763 2794 900 2861 concilio
921 2795 1085 2862 facudtatis
1107 2795 1381 2883 pertractandam.
1418 2797 1455 2864 Si
1477 2796 1672 2886 quidantem
1680 2797 1754 2864 unlus

340 2896 581 2987 promovendus
601 2917 643 2962 cx
663 2893 828 2982 legalitate
849 2917 909 2982 pro
931 2894 1052 2963 honore
1079 2919 1137 2964 suo
1158 2895 1211 2962 vel
1231 2897 1378 2963 nacionis
1401 2919 1637 2985 supererogare
1657 2897 1753 2963 decre

338 3000 433 3083 verit,
455 3019 533 3064 suae
546 2995 722 3064 voluntatis
735 2995 870 3062 arbitrio
891 2994 1100 3083 relinquetur.
1135 2995 1182 3063 Et
1201 2997 1263 3064 hoc
1284 2996 1325 3062 de
1345 2995 1540 3064 habentibus
1558 2997 1754 3084 intelligatur.

295 3098 436 3165 25Hunc
461 3105 568 3164 autem
589 3103 719 3184 reputat
744 3094 882 3161 facultas
907 3094 1099 3178 habentem,
1133 3097 1189 3184 qui
1214 3119 1280 3162 nou
1300 3097 1436 3164 servivit
1456 3118 1517 3162 nec
1537 3095 1754 3164 inserviendo

336 3196 464 3264 addidit
484 3205 516 3262 et
536 3196 697 3283 signetum
718 3194 856 3262 redemit
874 3193 1047 3261 facultatis.
1087 3194 1218 3285 Pauper
1237 3219 1326 3280 vero,
1347 3199 1403 3282 qui
1424 3198 1586 3284 signetum
1605 3197 1754 3264 redimere

336 3320 401 3365 non
422 3295 512 3364 valet
541 3293 715 3362 secundum
738 3303 892 3360 statutum
911 3293 1087 3378 facultatis,
1109 3316 1184 3361 curn
1204 3295 1278 3362 aliis
1300 3297 1404 3384 gratis
1425 3299 1460 3362 in
1481 3296 1619 3384 singulis
1637 3317 1753 3386 promc-

335 3406 460 3464 veatur.
502 3395 667 3462 Pecounia
692 3416 770 3460 vero
798 3394 847 3460 sie
872 3393 982 3460 oblata
1010 3395 1095 3460 inter
1115 3397 1291 3483 magistros
1313 3395 1457 3484 singulos
1478 3397 1656 3464 secundum
1674 3396 1753 3462 iusti·

336 3499 422 3564 ciam
443 3495 687 3563 distributivam
706 3492 1034 3582 proporoiouabiliter
1056 3493 1240 3579 dividmur,
1268 3504 1304 3562 ut
1329 3495 1489 3585 inprime
1511 3496 1610 3562 modo
1632 3517 1752 3584 expres·

293 3607 417 3680 3⁰sum,
438 3596 565 3662 duabus
578 3595 728 3685 partibus
741 3592 783 3658 de
795 3591 931 3659 concilio
945 3593 1111 3680 magistris
1126 3597 1352 3682 praesentatis,
1374 3596 1476 3662 tercia
1489 3603 1585 3682 parte
1599 3595 1754 3684 magistris

336 3705 432 3764 extra
453 3695 625 3763 concilium
644 3703 719 3761 actu
738 3691 924 3780 regentibus
944 3692 1151 3782 applicanda.

581 3865 610 3928 3.
631 3877 679 3927 ns
700 3875 909 3926 ruov1sroun
935 3875 1081 3944 oscam,
1109 3860 1286 3928 secundum
1312 3871 1349 3928 ut
1376 3863 1477 3950 prins.

419 3993 521 4079 Item,
549 4003 585 4060 nt
610 3993 773 4082 appetitus
798 3991 881 4060 lucri
902 3991 1107 4081 temporalis,
1137 3994 1223 4084 quod
1244 4015 1342 4082 saepe
1361 3994 1511 4060 iusticias
1528 3994 1611 4061 facit
1633 3997 1754 4062 semitas

338 4093 517 4179 declinare,
548 4095 583 4162 in
612 4094 717 4161 officio
749 4093 925 4160 decanatus
953 4092 1138 4184 aliqualiter
1165 4092 1366 4178 moderetur,
1401 4093 1523 4183 placet,
1559 4104 1596 4160 ut
1624 4095 1754 4161 decanus

295 4194 470 4261 &inantea
490 4192 531 4260 de
551 4193 658 4261 officio
679 4216 738 4261 suo
758 4217 819 4284 pro
836 4191 1004 4261 laboribus
1022 4194 1057 4260 in
1077 4195 1214 4281 triginta
1235 4215 1295 4260 sex
1315 4192 1512 4261 florenorum
1531 4195 1754 4262 rinensiumin

337 4317 417 4360 auro
435 4293 604 4377 summula,
626 4316 723 4381 quam
737 4317 759 4361 a
779 4291 1008 4382 promovendis
1028 4293 1123 4358 iuxta
1141 4301 1305 4360 monetam
1326 4301 1511 4360 currentem
1531 4296 1698 4384 percipiat,
1718 4293 1755 4358 sit

337 4401 515 4460 contentus.
544 4391 611 4458 Sed
630 4395 659 4459 si
681 4403 795 4482 pastus
815 4391 1109 4481 promovendorum
1130 4391 1174 4458 ad
1193 4400 1318 4460 tantam
1332 4415 1490 4458 summam
1513 4415 1549 4460 se
1569 4418 1636 4461 non
1654 4403 1754 4462 exten-

337 4493 442 4576 derit,
473 4490 610 4557 facudtas
637 4492 787 4581 suppleat
811 4513 982 4558 numerum
1005 4499 1248 4579 praetaxatum
1283 4493 1312 4558 si
1340 4491 1420 4581 quid
1453 4501 1560 4558 autem
1591 4494 1753 4583 supererit,

335 4592 436 4660 cedat
461 4589 617 4662 facultati.
656 4591 702 4657 Et
720 4591 783 4658 hoc
811 4601 975 4676 teneatur,
1002 4613 1168 4680 quousque
1194 4593 1288 4659 iuxta
1312 4599 1495 4682 temporum
1519 4590 1754 4684 dispositionem

293 4693 432 4762 toaliter
456 4691 638 4760 decreverit
657 4691 879 4760 ordinandum.

783 4866 812 4928 4.
832 4875 881 4924 nn
902 4873 1101 4925 snnomoun
1122 4875 1261 4927 nesam

417 4991 502 5057 item
515 4990 559 5058 ad
578 4991 779 5060 obviandum
799 4991 949 5082 plurimis
968 4989 1132 5080 pestiferis
1150 4990 1368 5060 familiaribus
1388 4989 1573 5059 inimiciciis
1593 4991 1753 5062 fallacibus

335 5101 368 5160 ct
387 5091 538 5176 occultis,
567 5093 602 5158 in
622 5093 768 5160 nocendo
790 5089 1028 5160 efficacioribus
1051 5090 1134 5158 odiis
1156 5102 1188 5160 et
1207 5091 1398 5162 rancoribus
1417 5092 1616 5180 manifestis,
1645 5091 1752 5182 placat,
