3794 6066
707 449 827 500 Libellus
844 448 1003 500 formulario.
1503 453 1561 515 127

139 631 213 716 ahgi
234 639 268 695 et
290 623 584 717 electus'praeesse
606 639 637 694 et
657 629 839 715 gobernare
859 637 1044 694 mereretur.
1087 628 1196 710 Quare
1224 632 1338 695 merito
1360 653 1558 717 praememo-

140 741 245 796 ratum
267 729 319 794 N.
342 729 491 794 duximus
516 729 687 814 unicnique
706 727 1049 810 recommendandum,
1076 749 1173 816 quam
1202 730 1370 793 sinceriter
1397 741 1560 816 rogantes,

141 841 300 918 quatenus
322 829 553 912 unusquisque,
574 828 616 892 ad
638 850 732 914 quem
753 828 939 914 praesentia
960 837 1072 892 nostra
1091 829 1299 914 pervenerint
1314 829 1444 916 scripta,
1466 853 1558 916 prae-

141 929 278 994 libatum
308 929 360 992 .N.
397 937 579 994 nostrarum
609 949 740 1014 precum
775 926 1046 1014 contemplatione
1080 926 1259 1010 favoribus,
1290 929 1556 1014 promotionibus,

140 1028 284 1094 consiliis
307 1038 342 1092 et
361 1026 492 1092 auxiliis
525 1028 679 1114 prosequi
700 1028 830 1115 suisque
849 1029 883 1091 in
906 1025 1041 1112 agendis
1062 1027 1201 1112 negotiis
1222 1027 1373 1091 assistere
1396 1027 1580 1114 dignatum

139 1127 235 1208 Quod
262 1149 346 1212 erga
375 1147 631 1212 unumquemque
655 1135 749 1211 grato
776 1125 1010 1192 vicissitudinis
1033 1126 1138 1190 officio
1159 1147 1406 1212 recompensare
1427 1128 1557 1192 conabi-

139 1249 223 1291 mur.
266 1227 308 1291 ln
331 1248 466 1312 quorum
487 1227 628 1290 omnium
651 1236 683 1290 et
703 1225 903 1311 singulorum
924 1227 1177 1311 praemissorum
1201 1234 1260 1289 etc.

180 1396 231 1460 88.
262 1409 386 1458 rom
406 1409 630 1458 LITTERARUM
652 1407 908 1456 conrnnslonls
929 1409 975 1456 ΕΤ
995 1407 1233 1458 PROMOTIONIS
1254 1408 1323 1456 PRO
1344 1409 1519 1460 damasso

742 1509 778 1556 IN
798 1508 956 1556 ARTIBUS.

220 1621 396 1688 Universis
425 1631 458 1688 et
487 1621 638 1708 singuiis,
666 1623 708 1687 ad
737 1646 818 1711 quos
839 1645 994 1711 praesens
1016 1623 1200 1710 pervenerit
1221 1625 1394 1710 scriptum,
1428 1649 1486 1692 nos
1510 1627 1601 1692 .N.t0

141 1721 179 1786 de
197 1721 258 1804 .N.,
281 1723 399 1786 artium
421 1724 587 1807 magister,
607 1721 771 1786 facultatis
792 1721 968 1786 earundem
989 1723 1107 1786 artium
1129 1721 1234 1786 almae
1255 1725 1474 1790 universitatis
1493 1735 1558 1790 stn-

141 1821 186 1885 dii
205 1822 399 1908 Lipczensis
424 1819 702 1906 Merseburgensis
726 1821 864 1886 diocesis
885 1820 1044 1904 decanus,
1072 1844 1144 1886 cum
1166 1821 1422 1908 subscriptorum
1443 1826 1560 1890 notitia

142 1920 277 1985 salutem
297 1921 333 1986 in
353 1942 433 1987 vero
456 1921 596 1985 omnium
618 1920 788 1988 salvatore.
831 1921 915 1988 (lum
943 1923 1036 1986 iuxta
1067 1923 1253 1988 meritorum
1272 1923 1416 2008 insignia
1435 1922 1506 1989 laus
1528 1935 1560 1989 et

141 2022 227 2086 lama
250 2019 426 2086 cuiuslibet
446 2042 510 2084 non
530 2021 689 2086 immerito
711 2023 753 2085 sit
772 2019 987 2086 moderanda:
1017 2021 1184 2106 indignum
1206 2043 1345 2109 namque
1367 2032 1399 2087 et
1420 2045 1440 2087 a
1461 2025 1557 2088 ratio·

142 2122 190 2185 nis
212 2121 345 2185 tramite
366 2119 531 2185 videretur
553 2121 683 2184 omnino
705 2129 904 2202 extraneum,
925 2128 961 2184 ut
981 2121 1019 2194 is,
1041 2122 1095 2207 qui
1118 2142 1176 2206 per
1194 2122 1281 2185 vitae
1302 2143 1379 2186 suae
1397 2121 1557 2186 curricula
1567 2131 1598 2188 15

143 2219 322 2288 studiorum
343 2229 375 2286 et
394 2223 549 2284 virtutum
570 2219 764 2284 fulcimentis
784 2219 993 2300 insudaverit,
1014 2239 1096 2301 cum,
1118 2221 1175 2306 qui
1197 2217 1246 2306 [41
1258 2215 1283 2305 b]
1307 2221 1381 2284 otiis
1400 2221 1558 2306 torpendo

142 2319 201 2384 sibi
229 2321 296 2407 ipsi
324 2318 448 2384 inutilis
477 2319 635 2401 extiterit,
665 2341 729 2383 non
758 2319 891 2384 deberet
915 2319 949 2382 in
978 2316 1193 2384 attribuendis
1220 2318 1396 2384 honoribus
1422 2321 1558 2384 anteire:

142 2441 218 2482 sane
248 2441 324 2483 cum
353 2417 548 2483 venerahilis
574 2418 724 2482 dominus
752 2419 801 2483 .N.
830 2419 864 2482 in
891 2418 1040 2504 praelata
1065 2418 1275 2483 universitate
1296 2417 1391 2505 longo
1414 2425 1560 2505 tempore

141 2517 232 2584 bonis
255 2518 381 2584 artibus
402 2518 551 2604 diligenti
569 2518 736 2582 vacaverit
755 2517 862 2582 studio
896 2539 1086 2604 morumque
1107 2516 1319 2582 laudabilium
1342 2519 1559 2584 conversatio·

141 2618 234 2684 nibus
262 2641 344 2706 prae
371 2617 445 2682 aliis
471 2617 567 2681 laude
596 2616 728 2703 dignum
752 2641 822 2682 sese
844 2616 1043 2700 exhibuerit,
1074 2616 1219 2682 volentes
1239 2615 1368 2682 labores
1391 2617 1603 2683 scholasti-2⁰

142 2741 193 2783 cos
216 2720 370 2806 vitaeque
391 2719 508 2782 merita
527 2719 631 2805 ipsius
654 2715 771 2782 debitis
792 2739 857 2782 non
877 2718 1027 2782 frustrari
1048 2718 1211 2804 praemiis,
1232 2717 1368 2782 eundem
1390 2741 1449 2804 per
1471 2719 1556 2803 rigo·

141 2841 206 2882 rem
236 2817 340 2882 debiti
369 2817 545 2892 examinis,
570 2818 603 2880 in
631 2839 693 2904 quo
723 2817 946 2904 reperiebatur
968 2817 1121 2898 idoneus,
1151 2815 1194 2880 ad
1216 2815 1355 2903 gradum
1378 2819 1558 2903 magisterii

142 2919 173 2981 iu
202 2915 331 2982 artibus
358 2917 502 2981 unanimi
527 2939 685 2981 consensu
713 2919 941 3002 magistrorum
965 2919 1222 2981 examinatorum
1241 2921 1438 3004 recepimus,
1466 2939 1561 3004 quem

141 3017 280 3103 gratim
301 3019 336 3080 in
357 3015 539 3102 praelibata
560 3017 788 3098 universitate,
814 3017 976 3081 consuetis
1008 3015 1277 3080 sollemnitatibus
1300 3015 1471 3099 adhibitis,
1499 3018 1560 3080 rite

142 3139 180 3180 ac
201 3116 302 3202 digne
326 3125 375 3179 est
397 3114 543 3200 adeptus.
586 3114 696 3194 Quare
719 3123 1011 3203 praememoratum
1033 3114 1096 3196 .N.,
1123 3136 1208 3178 nunc
1235 3116 1269 3177 in
1296 3115 1421 3180 artibus
1441 3115 1601 3182 libera-25

143 3215 226 3281 libus
249 3217 459 3300 magistrum,
480 3215 582 3280 lilium
603 3239 642 3280 ac
664 3215 828 3280 alumnum
848 3223 994 3279 nostrum
1017 3213 1177 3295 dilechrm,
1201 3213 1347 3278 omnibus
1370 3223 1401 3279 et
1414 3216 1559 3304 singulis,

144 3314 260 3400 quibus
287 3325 476 3402 praesentes
506 3325 635 3380 noemae
656 3314 782 3380 litterae
806 3313 971 3378 exhibitae
992 3314 1129 3406 suqrint,
1155 3311 1293 3377 fideliter
1319 3313 1559 3380 recommenda-

144 3437 223 3497 mus,
242 3416 412 3480 sinceriter
430 3425 591 3500 rogantes,
613 3423 769 3502 quatenus
789 3415 897 3502 ipsum
921 3412 1099 3495 favoribus,
1121 3411 1387 3498 promotionibus,
1413 3413 1554 3479 consiliis

145 3523 175 3578 et
202 3512 337 3578 auxiliis
365 3515 516 3600 prosequi
545 3513 731 3600 dignentur,
765 3536 825 3579 nos
852 3535 912 3600 per
932 3512 993 3577 hoc
1019 3510 1062 3576 ad
1087 3511 1283 3594 consimilia,
1316 3513 1412 3578 immo
1434 3516 1560 3578 maiora

145 3611 418 3700 beneplacitorum
445 3636 565 3698 genera
592 3615 856 3700 constringentes.
900 3611 938 3676 ln
965 3633 1102 3700 quorum
1129 3611 1271 3677 omnium
1298 3621 1330 3676 et
1357 3611 1601 3698 singulorumto

146 3715 395 3797 praemissorum
415 3711 512 3777 fidem
533 3723 590 3778 etc.

229 3883 279 3948 89.
310 3893 391 3942 snm
412 3895 531 3944 rosus
550 3897 776 3946 meramnum
797 3895 1053 3945 eomnnrrours
1074 3898 1121 3946 er
1142 3895 1379 3946 rnouomours
1401 3895 1468 3944 rao

641 3995 817 4045 mersrno
838 3997 874 4044 nr
894 3997 1051 4045 sarnus,

225 4111 395 4178 Universis
430 4123 462 4178 et
494 4111 644 4198 singulis,
680 4123 867 4198 praesentes
902 4112 1026 4178 litteras
1063 4113 1193 4194 visuris,
1225 4112 1357 4177 lecturis
1385 4135 1442 4177 seu
1468 4111 1559 4178 andi·

146 4214 240 4296 turis,
261 4235 321 4277 nos
343 4213 389 4278 .N.
412 4211 453 4277 de
475 4211 534 4294 .N.,
556 4214 673 4276 artium
695 4213 865 4298 magister,
887 4211 1049 4277 facrdtatis
1070 4211 1244 4277 earundem
1267 4215 1384 4276 artium
1406 4210 1492 4300 [42⁸]
1513 4212 1599 4277 al·³5

146 4335 215 4378 mae
236 4313 458 4377 universitatis
489 4311 587 4376 studii
606 4311 774 4398 Lipsensis
796 4309 1075 4397 Merseburgensis
1098 4311 1236 4376 diocesis
1257 4310 1417 4394 decanus,
1446 4313 1558 4377 ceteri·

147 4435 205 4499 que
234 4413 383 4497 magistri
410 4414 443 4476 in
470 4410 626 4476 iamdicta
645 4410 799 4476 sacrdtate
818 4423 893 4476 actu
912 4420 1061 4496 regentes
1082 4419 1248 4476 aeternam
1270 4413 1303 4476 in
1324 4410 1453 4478 domino
1475 4411 1558 4476 salu-

146 4521 207 4576 tem
229 4521 261 4577 et
281 4511 507 4598 praesentibus
528 4513 647 4576 nostris
676 4509 792 4576 litteris
811 4509 979 4575 indubiam
999 4509 1155 4575 adhibere
1175 4509 1281 4576 fidem.
1325 4511 1407 4578 Cum
1427 4521 1558 4576 natura-

147 4611 185 4676 lis
205 4612 289 4677 ratio
313 4609 479 4698 divinique
501 4631 540 4676 ac
561 4607 692 4675 humani
714 4611 795 4675 iuris
814 4610 893 4676 ordo
915 4612 1068 4698 requirat,
1090 4619 1126 4674 ut
1141 4609 1206 4675 illis
1219 4634 1284 4677 non
1299 4611 1405 4676 desint
1415 4632 1559 4697 congrua

146 4710 344 4792 testimonia,
374 4710 491 4799 quibus
519 4719 681 4794 gestarum
702 4733 809 4776 rerum
831 4711 1016 4796 ignorantia
1036 4731 1193 4797 generare
1214 4721 1325 4798 posset
1343 4709 1600 4796 dispendium,lo

146 4809 218 4875 hinc
245 4817 296 4874 cst
322 4808 424 4896 quod,
453 4831 518 4875 non
545 4808 648 4875 solum
672 4809 778 4874 forma
804 4811 961 4874 referente
990 4809 1048 4876 sed
1076 4820 1108 4876 et
1128 4812 1176 4875 rei
1196 4813 1300 4898 ipsius
1319 4809 1482 4875 evidentia
1504 4808 1557 4874 de·

148 4909 300 4992 clarante,
330 4907 425 4975 nobis
451 4909 630 4974 certissime
658 4917 799 4992 constat,
824 4908 1046 4975 honorabilem
1067 4911 1174 4975 virum
1197 4911 1261 4992 .N.,
1290 4911 1324 4974 in
1345 4907 1470 4973 artibus
1490 4932 1557 4973 ma-

148 5013 297 5094 gistrum,
329 5009 431 5090 fama,
463 5009 541 5090 vita,
571 5007 715 5072 moribus
743 5021 775 5073 et
807 5011 943 5074 scientia
972 5009 1145 5097 plurimum
1167 5031 1238 5074 esse
1259 5005 1557 5074 commendabilem.

150 5107 300 5174 Veientes
326 5109 441 5193 igitur,
471 5117 625 5193 quantum
651 5106 745 5172 nobis
775 5108 836 5174 hac
857 5111 891 5172 in
913 5120 1006 5195 parte
1027 5109 1199 5192 incumbit,
1227 5109 1321 5175 fidele
1341 5107 1557 5174 testimonium
