3768 6072
666 491 717 542 Die
734 491 854 544 &tono
872 503 926 542 ron
948 491 1021 542 aaut.
1499 493 1559 557 215

208 667 320 751 Quam
343 670 482 759 quisqne
501 693 543 736 ex
557 671 690 760 collegis
708 671 942 738 habitationem
965 668 1267 760 possiden[tt]dam
1282 672 1425 758 elegerit,
1449 695 1561 761 quam·

127 769 182 834 diu
201 791 277 834 eam
299 769 433 851 tenebit,
461 771 614 856 quicquid
641 773 676 837 in
705 795 745 838 ea
771 793 898 857 cunque
917 772 980 836 hac
999 772 1178 836 coniunctis
1201 769 1349 836 adhaec
1370 773 1560 859 pcrtinenti-

126 867 187 932 bus
208 867 423 934 reficiendum
443 869 526 934 forte
548 873 619 953 erit,
640 871 675 938 id
695 882 731 936 ut
752 873 921 954 sarciatur,
944 870 1093 936 dominus
1114 867 1325 936 habitationis
1345 868 1471 936 videbit
1494 873 1560 935 suis

127 965 287 1032 sumtibus
309 976 342 1032 et
362 968 391 1032 si
414 967 502 1053 quod
523 965 721 1056 negligentia
741 971 844 1059 ipsius
866 969 1021 1035 &mnam
1043 968 1155 1034 datum
1178 971 1220 1033 sit
1242 969 1388 1054 collegio,
1410 969 1445 1034 id
1460 969 1560 1035 domi·

126 1087 186 1129 nns
208 1063 424 1132 habitationis
444 1065 530 1132 illius
550 1069 743 1155 praestabit.
1587 1079 1603 1132 5

207 1165 409 1232 infirmibula
430 1170 601 1252 quotannis
623 1171 758 1255 purgari
785 1178 816 1233 et
844 1177 931 1232 tecta
959 1167 1194 1255 pergulamque
1220 1166 1445 1234 communibus
1470 1167 1561 1232 refici

129 1262 290 1329 sumtibus
312 1263 468 1352 deinceps
489 1264 621 1352 placuit

239 1434 268 1494 5.
290 1447 338 1494 ΒΕ
358 1446 552 1496 FRUCTUUM
572 1447 737 1498 cotanen
757 1449 1028 1498 DISTRIBUTIONE
1049 1449 1202 1496 maanus
1222 1449 1268 1496 ΕΤ
1289 1449 1445 1500 nasim.

207 1562 325 1628 Visum
345 1573 396 1627 est
416 1563 562 1650 collegio,
583 1565 676 1630 initia
698 1566 911 1646 semestrium,
933 1565 1016 1628 sicut
1037 1563 1079 1629 ab
1094 1564 1237 1651 antiquo,
1252 1563 1419 1651 designari
1439 1566 1555 1632 diebus

129 1659 215 1726 Galli
237 1672 270 1725 et
290 1659 438 1747 Georgii,
460 1672 496 1726 ut
514 1664 562 1728 ita
580 1667 679 1729 totius
702 1665 779 1728 anni
800 1663 1015 1729 emolumenta
1036 1663 1071 1726 in
1092 1663 1173 1728 duas
1195 1661 1383 1730 dividantur
1405 1676 1525 1752 partes.
1565 1675 1597 1730 10

207 1759 262 1825 Ad
284 1759 506 1826 hibernum
527 1773 634 1828 autem
654 1772 818 1844 semestre,
841 1763 931 1826 onius
953 1761 1088 1849 abipso
1111 1759 1199 1826 Galli
1219 1762 1273 1827 die
1293 1765 1422 1828 initium
1442 1764 1559 1829 ducen-

128 1857 204 1923 dum
225 1869 284 1941 est,
312 1860 475 1925 referatur
502 1863 651 1947 pecunia,
680 1883 763 1946 quae
791 1861 835 1926 ad
861 1882 980 1948 corpus
1008 1862 1189 1948 percipitur
1216 1883 1237 1924 a
1257 1861 1559 1928 Weissenfeldensi·

127 1956 196 2040 bus,
223 1958 457 2044 Tergensibus,
483 1959 741 2028 Mituedensibus
761 1970 794 2026 et
814 1959 919 2026 tribus
944 1961 1040 2046 pagis
1060 1960 1300 2044 universitatis3
1330 1961 1448 2026 deinde
1476 1983 1560 2048 quae

128 2057 189 2121 isto
219 2060 369 2124 semestri
396 2059 582 2147 penduntur
609 2081 650 2124 ex
678 2059 890 2126 contubernio
917 2057 1082 2124 Saxonico
1109 2068 1144 2122 et
1161 2057 1306 2147 ¹reliquis
1335 2060 1558 2126 communibus

128 2153 401 2242 habitationibus3
431 2163 616 2224 tumetium
639 2181 680 2224 ex
698 2158 803 2225 tribus
825 2159 1072 2224 anniversariis:
1099 2157 1122 2221 I.
1146 2157 1289 2223 Oonradi
1311 2155 1599 2246 Ni[12]semani,tt

127 2253 271 2320 doctoris
295 2256 486 2340 medicinae,
513 2257 565 2322 die
591 2258 711 2324 Lucae.
738 2259 778 2324 ΙΙ
808 2258 853 2323 Μ.
874 2257 1041 2341 Henningi
1068 2257 1197 2320 circiter
1219 2255 1382 2322 Oaleadas
1403 2257 1558 2324 Ianuarii.

126 2351 181 2417 111.
202 2353 363 2420 Eiusdem
391 2357 443 2422 die
470 2357 525 2444 qui
553 2357 733 2444 palmarum
756 2358 887 2422 nomine
908 2355 1038 2420 dicitur.
1081 2353 1174 2418 Haec
1200 2357 1339 2442 pecunie
1368 2359 1473 2423 omnis
1499 2379 1559 2444 per

126 2451 264 2518 hiemem
284 2462 335 2518 est
360 2453 543 2540 colligenda
563 2466 595 2521 et
617 2455 657 2520 de
676 2455 739 2521 bae
759 2456 902 2521 rationes
924 2451 1112 2520 reddendae
1140 2454 1227 2518 intra
1254 2455 1395 2539 primum
1415 2477 1558 2520 mensem

128 2553 295 2617 semestris
316 2557 479 2639 sequentis
502 2555 628 2620 aestivi.

207 2650 263 2716 Ad
286 2663 443 2718 semestre
465 2655 664 2719 aestivum
685 2655 849 2740 pertineat
870 2653 1017 2740 pecunia,
1046 2672 1130 2739 quae
1157 2650 1200 2715 ad
1223 2673 1342 2738 corpus
1370 2663 1602 2720 numeraturro

127 2773 146 2812 a
166 2748 516 2818 Weissenleldensibus
538 2763 579 2835 et,
608 2762 643 2816 nt
662 2763 829 2834 vocarunt,
857 2750 898 2817 de
919 2751 1078 2838 precariis
1101 2751 1230 2815 circiter
1250 2752 1337 2816 diem
1357 2751 1560 2840 Walpurgis.

126 2848 255 2914 Deinde
277 2873 361 2936 quae
381 2851 421 2915 de
441 2851 651 2918 contubernio
665 2850 831 2916 Saxonico
853 2861 886 2916 et
904 2849 1037 2938 reliquis
1057 2847 1313 2915 habitationibus
1335 2852 1559 2918 communibus

126 2949 188 3012 isto
209 2950 358 3014 semestri
379 2950 573 3037 penduntur.
616 2949 701 3015 Tum
721 2953 818 3016 etiam
838 2949 879 3015 de
900 2972 959 3014 sex
980 2949 1230 3014 anniversariis:
1262 2949 1288 3013 Ι.
1309 2949 1441 3014 Ioannis
1463 2951 1559 3037 Lyri-

126 3046 201 3128 ken,
223 3046 369 3113 doctoris
389 3049 579 3134 theologiae,
600 3048 764 3116 dominica
777 3050 925 3116 (lentate.
947 3049 991 3114 Il.
1013 3046 1166 3112 Andreae
1181 3046 1349 3132 Redigeri,
1373 3048 1456 3114 doct·
1471 3049 1559 3116 theo·

126 3142 242 3230 legiae,
263 3145 318 3210 die
338 3146 506 3213 Boniiacii.
527 3149 584 3213 111.
607 3149 773 3214 Wilhelmi
797 3147 981 3229 Altenhofii,
1002 3146 1086 3212 doct.
1108 3144 1299 3226 medicinae,
1322 3145 1375 3212 die
1387 3147 1464 3212 Viti.
1485 3148 1601 3214 IlIlas

126 3241 291 3310 Helmoldi
315 3243 537 3330 Gledenstedt,
564 3247 648 3312 doct
675 3247 865 3330 medicinae,
892 3246 945 3311 die
965 3245 1120 3310 Iohannis
1147 3242 1317 3330 baptistae.
1340 3245 1380 3310 V.
1401 3245 1557 3312 Iohannis

126 3341 267 3408 Homelii
289 3346 438 3430 magistri
458 3356 519 3410 etc
541 3346 654 3412 eodem
679 3345 742 3411 die.
764 3341 828 3432 [13]
851 3345 907 3410 Vl.
929 3346 1122 3430 Hieronymi
1145 3341 1387 3428 Oehscnfurdii,
1418 3344 1557 3432 theolog.

127 3440 277 3524 doctoris,
299 3442 353 3508 die
374 3446 581 3510 assumtionis
602 3445 739 3511 Mariae.

207 3539 302 3606 Haec
323 3545 461 3630 pecunia
482 3567 541 3631 per
563 3552 720 3608 aestatem
739 3551 788 3608 est
807 3541 989 3628 colligenda
1010 3552 1044 3608 et
1065 3541 1105 3606 de
1128 3539 1191 3606 hac
1210 3543 1353 3608 rationes
1374 3541 1559 3610 reddendae

127 3661 147 3702 a
167 3641 356 3727 praeposito
376 3643 463 3707 intra
483 3645 625 3729 primum
644 3665 798 3724 mensem,
820 3664 884 3729 quo
904 3641 1022 3706 abierit
1040 3641 1244 3726 magistratu.
1566 3653 1601 3710 30

209 3737 375 3818 Quantum
388 3743 486 3807 etiarn
499 3742 655 3828 pecuniae
667 3763 687 3805 a
698 3743 884 3829 praeposito
896 3743 939 3806 sit
957 3739 1147 3806 mittendum
1167 3741 1343 3826 quaestori,
1364 3762 1406 3806 ex
1417 3741 1559 3828 quodam

128 3838 283 3924 rescripto
304 3837 515 3906 illustrissimi
530 3843 689 3928 principis
703 3840 847 3926 Georgii,
869 3839 960 3905 ducis
974 3839 1138 3905 Senoniae
1153 3849 1224 3920 ete,
1246 3847 1277 3904 et
1298 3840 1441 3928 antiquis
1460 3843 1558 3906 ratio-

128 3935 222 4000 nibus
244 3949 392 4024 apparet

206 4035 260 4102 De
282 4039 510 4105 cerevisiariee
539 4041 697 4127 pecuniae
723 4036 951 4104 distributione
973 4038 1098 4102 aestiva
1120 4059 1160 4102 ae
1181 4036 1319 4102 hiberna
1340 4037 1472 4126 placuit,
1493 4040 1554 4104 ini·

128 4135 206 4199 tium
227 4135 323 4200 huius
344 4137 385 4204 ab
408 4140 533 4205 aestivo
558 4140 706 4205 semestri
733 4137 815 4219 fieri,
842 4140 889 4202 ita
914 4145 951 4201 ut
976 4137 1049 4222 ipso
1080 4135 1216 4222 Georgii
1247 4135 1299 4200 die
1326 4137 1493 4224 quadrans
1516 4139 1600 4206 deas

128 4255 210 4300 anno
231 4236 341 4302 futuro
363 4247 395 4300 et
417 4239 561 4303 semissis
592 4261 649 4304 seu
676 4236 811 4302 dimidia
842 4259 920 4323 pars
949 4233 1002 4300 die
1024 4235 1178 4300 Iohannis
1207 4234 1382 4321 baptistae,
1410 4235 1555 4303 dodrans

129 4353 213 4415 vero,
243 4333 279 4398 id
302 4346 352 4400 est
371 4345 438 4401 tres
465 4336 676 4423 quadrantes,
705 4336 758 4402 die
785 4333 872 4400 Galli
900 4343 934 4399 et
963 4335 1117 4400 universa
1148 4333 1286 4419 pecunia
1314 4335 1377 4400 ista
1405 4336 1558 4403 Calendis

128 4430 269 4498 ianuarii
291 4433 454 4500 debeatur.

187 4601 216 4663 6.
237 4615 286 4664 ΒΕ
307 4617 527 4668 manentes
549 4619 726 4670 DEFUNCTI
746 4617 814 4666 VEL
834 4617 916 4668 nmo
936 4615 1037 4666 MODO
1057 4615 1279 4664 arcanarum
1300 4617 1491 4666 conandae.

207 4732 344 4796 Praeter
358 4733 423 4798 XV
436 4735 586 4816 florenos,
607 4757 627 4798 a
641 4757 727 4800 novo
743 4733 867 4820 collega
885 4733 972 4796 intra
992 4753 1135 4796 mensem
1156 4735 1354 4798 antecessori
1369 4732 1421 4796 vel
1441 4731 1553 4797 haere·
1563 4743 1597 4799 to

131 4826 222 4894 dibus
242 4833 314 4896 eius
335 4833 564 4916 numerandos,
580 4834 686 4897 visum
708 4844 757 4898 est
777 4833 910 4898 concedi
933 4853 1060 4919 quoque
1080 4830 1196 4894 iisdem
1211 4833 1320 4896 omnia
1343 4830 1557 4896 emolumenta

131 4927 195 4992 eius
217 4933 393 5014 semestris,
423 4953 486 5019 quo
507 4941 693 4998 antecessor
714 4931 868 5015 decessit,
895 4942 932 4997 ut
961 4931 1119 5017 sequitur:
1160 4929 1184 4995 Ι.
1206 4933 1376 5018 pecuniam
1398 4932 1556 5014 corporis.

131 5021 191 5116 [14]
210 5029 251 5094 11.
279 5032 467 5116 pensionem
493 5030 704 5096 habitationis
732 5035 886 5118 propriae
913 5042 946 5095 et
974 5038 1079 5094 ratam
1105 5028 1146 5094 de
1173 5029 1305 5115 reliquis
1333 5025 1556 5093 communibus

131 5137 262 5211 partem.
290 5130 347 5194 ΠΙ.
377 5139 483 5194 ratem
504 5142 632 5218 partem
654 5130 695 5195 de
717 5133 950 5196 anniversariis
978 5149 1078 5214 supra
1106 5128 1268 5192 indicatis.
1297 5127 1371 5192 llll.
1398 5128 1556 5212 pecuniae
