3794 6066
623 471 676 508 rou
696 457 802 520 Herrog
820 455 915 508 Merita
935 458 1065 522 bestitigt.

690 639 864 690 Ststutum
882 640 995 692 XXIIX.

501 757 548 804 DE
571 755 721 804 constitu
740 755 912 804 baccaris
932 756 978 803 ΕΤ
999 755 1200 806 RELEGATIS.

222 871 306 938 cnm
342 893 434 936 nemo
469 872 538 937 sine
566 873 730 959 exquisita
758 871 996 937 deliberacione
1022 881 1213 960 maturoque
1243 870 1378 938 consilio
1408 871 1569 958 relegetur

145 979 176 1036 et
196 970 436 1058 proscribatur,
468 992 603 1057 cumque
624 972 764 1037 restituti
784 971 951 1036 rarissime
973 969 1016 1036 ad
1035 970 1154 1036 bonam
1175 971 1301 1057 frugem
1321 969 1496 1054 redierint,
1526 994 1566 1036 ne

144 1071 383 1136 animadversio
409 1069 534 1136 consilii
561 1071 595 1135 in
629 1081 823 1137 contemtum
853 1070 951 1135 abeat
979 1079 1034 1134 aut
1060 1069 1252 1157 improbitas
1280 1080 1336 1136 aut
1364 1073 1593 1136 contumaciat

145 1170 277 1236 audacis
299 1168 535 1236 adolescentiae
556 1169 714 1235 adversus
734 1181 894 1236 rectorem
917 1191 1162 1256 assessorcsque
1184 1181 1217 1234 et
1240 1169 1443 1236 consiliarios
1456 1172 1570 1236 confir·

145 1281 262 1352 metur,
290 1271 435 1335 unanimi
463 1270 684 1337 universitatis
709 1270 922 1336 scholasticae
948 1291 1106 1336 consensu
1131 1268 1296 1335 decretum
1316 1279 1381 1354 est,
1410 1280 1446 1335 ut
1465 1292 1570 1351 nemo,

145 1391 334 1456 quacunque
360 1368 401 1434 de
427 1391 529 1436 cansa
556 1369 680 1458 absque
700 1370 885 1435 conditione
906 1378 938 1433 et
956 1367 1145 1454 simpliciter
1166 1368 1345 1455 relegatus,
1371 1371 1568 1454 restituatur,

145 1470 206 1534 nisi
233 1468 367 1555 publica
394 1470 614 1536 universitatis
641 1479 771 1536 nostrae
801 1469 973 1536 autoritate
1000 1477 1033 1532 et
1062 1467 1192 1534 decreto
1221 1469 1356 1534 rectoris
1380 1469 1569 1558 consiliique

146 1567 310 1633 decretum
333 1578 365 1633 et
385 1570 544 1634 sententia
564 1569 722 1655 abrogata
745 1571 835 1658 prius
856 1569 960 1634 fuerit
1579 1581 1611 1634 10

707 1754 877 1806 Stataturn
893 1754 992 1806 XXlX

391 1870 438 1918 DE
460 1871 519 1938 IIS,
541 1871 601 1932 QUI
623 1868 1327 1920 ramaclosunluu1ssnnunr1nvuumr.

227 1985 282 2052 Ad
302 1987 573 2052 renuntiationem
594 1987 839 2076 privilegiorum
857 2008 951 2052 nemo
966 1985 1164 2068 admittatur,
1185 1985 1241 2072 qui
1259 1983 1366 2050 adhuc
1377 1984 1421 2050 ad
1434 1986 1570 2053 mulctas

148 2107 315 2175 poenasve
333 2083 564 2173 persolvendas
585 2096 719 2153 tenetur.
761 2085 830 2151 Illis
854 2092 961 2150 autem
982 2083 1156 2172 persolutis
1178 2085 1207 2149 si
1228 2086 1300 2170 quis
1315 2085 1401 2150 iusta
1414 2083 1454 2150 de
1470 2107 1569 2152 cansa

147 2187 338 2252 renunciare
368 2184 507 2250 voluerit
534 2185 596 2250 iuri
625 2197 657 2252 ct
686 2185 867 2273 privilegiis
895 2185 1116 2250 universitatis
1136 2193 1268 2250 nostrae
1289 2183 1341 2248 vel
1363 2185 1392 2250 si
1412 2187 1510 2250 tacite
1530 2199 1608 2252 reto

149 2291 221 2374 ipsa
242 2309 264 2350 a
283 2293 397 2350 nostra
417 2307 453 2349 se
473 2287 683 2351 universitate
696 2285 908 2372 separaverit,
931 2287 1008 2348 aut¹
1031 2283 1194 2371 opificium
1213 2283 1394 2348 exercendo
1416 2295 1472 2350 aut
1489 2310 1570 2352 mer-

151 2397 283 2452 caturas
304 2383 454 2449 iaciendo
476 2393 533 2449 aut
551 2407 653 2471 genus
673 2386 761 2448 vitae
782 2383 1003 2471 qualecunque
1025 2379 1266 2470 amplectendo,
1295 2382 1380 2468 quod
1409 2385 1570 2454 studiosos

150 2487 309 2551 bonarum
331 2482 576 2571 disciplinarum
598 2493 694 2572 atque
715 2484 834 2548 artium
855 2506 921 2548 non
942 2482 1065 2566 deceat,
1086 2493 1162 2546 tuno
1183 2483 1281 2568 igitur
1301 2494 1410 2548 rector
1431 2485 1474 2551 ad
1496 2509 1569 2553 con-

151 2583 257 2650 silium
288 2581 452 2671 publicum
480 2581 520 2648 de
548 2583 611 2648 bac
638 2605 673 2648 re
695 2581 827 2646 debebit
847 2583 969 2647 referre
989 2593 1036 2666 et,
1066 2581 1185 2648 abillo
1207 2603 1306 2646 causa
1326 2586 1571 2654 renuntiationis

152 2684 299 2772 probata,
321 2705 393 2748 cam
415 2682 607 2768 simpliciter
627 2681 809 2763 admittere,
831 2681 929 2768 idque
953 2683 986 2746 in
1008 2681 1127 2748 librum
1147 2691 1293 2746 actorum
1316 2692 1348 2747 et
1367 2682 1614 2754 decretorumno

151 2782 278 2848 consilii
298 2780 420 2868 publici
442 2803 462 2844 a
483 2784 610 2846 notario
631 2780 860 2869 perscribetur,
883 2779 1004 2846 diserte
1025 2804 1124 2846 causa
1140 2782 1392 2848 renunciationis
1407 2806 1574 2871 expressa.

151 2881 204 2948 Ad
223 2903 341 2948 nomen
362 2881 461 2944 etiam
481 2879 583 2962 illius,
604 2881 660 2968 qni
678 2881 898 2962 renunciavit,
919 2881 953 2944 in
972 2880 1047 2946 albo
1067 2881 1202 2946 rectoris
1224 2883 1418 2948 renuntiatio
1439 2896 1571 2952 annota-

155 2983 251 3046 bitur.
295 2979 330 3044 Si
352 2987 462 3045 autem
482 2981 682 3045 renunciatio
704 2979 759 3044 fiet
778 2989 915 3062 temere,
937 2980 1100 3068 improbe,
1123 2981 1263 3068 superbe
1285 2980 1400 3046 dolove
1414 2984 1509 3068 malo,
1531 2986 1571 3051 de

151 3103 214 3169 quo
234 3079 404 3146 consilium
426 3077 588 3165 publicum
612 3088 748 3161 statuet,
778 3089 856 3144 tunc
882 3081 1059 3168 recipiatur
1087 3089 1119 3144 et
1141 3080 1199 3146 illa
1218 3081 1365 3170 quidem,
1394 3082 1451 3150 sed
1471 3087 1520 3149 ita
1539 3094 1574 3150 ut

153 3180 335 3268 publicetur
363 3201 425 3266 pro
447 3177 552 3244 valvis
575 3178 868 3244 ecclesiasticarum
889 3187 921 3243 et
944 3178 1208 3246 scholasticarum
1229 3179 1355 3246 aedium
1376 3191 1408 3245 et
1429 3186 1615 3252 notariustt

151 3279 233 3344 haec
261 3280 369 3344 omnia
399 3277 570 3364 diligenter
591 3277 773 3367 perscribat
797 3279 830 3342 in
850 3277 933 3344 libro
958 3278 1158 3345 decretorum
1181 3279 1306 3346 consilii
1331 3279 1462 3368 publici.
1504 3285 1573 3350 Ma-

154 3380 303 3464 gistratui
325 3378 512 3466 Lipsiensi²
535 3388 643 3443 rector
664 3376 761 3442 talem
782 3378 1065 3444 renunciacionem
1083 3377 1273 3446 denunciari
1295 3389 1401 3463 curet,
1422 3391 1458 3446 ut
1477 3393 1572 3450 teme·

154 3481 250 3543 ritate
269 3477 331 3544 hac
351 3500 411 3544 sua
431 3500 491 3565 pro
512 3477 656 3564 relegato
676 3475 844 3543 habeatur.

725 3645 901 3698 Statutcrn
919 3645 1002 3696 XXX.

283 3763 330 3812 DE
351 3763 409 3830 ΠΒ,
432 3762 578 3824 Quouuu
597 3761 861 3812 IMPROBITATEM
883 3761 1025 3811 comum
1045 3761 1276 3814 nascamus
1297 3763 1435 3814 suamc.
1581 3763 1616 3822 30

237 3879 427 3967 Quicunque
448 3902 490 3944 ex
512 3877 650 3944 subditis
670 3880 891 3945 universitatis
906 3889 1037 3945 nostrae
1051 3889 1186 3969 propter
1200 3879 1352 3947 delictum
1367 3885 1571 3954 manifestum

157 3989 188 4044 et
212 3977 377 4066 publicum
402 3978 453 4044 bis
480 3977 522 4044 ab
544 3980 756 4044 universitate
775 3989 888 4045 nostra
908 3981 1039 4067 punitus
1059 3980 1209 4047 fueritin
1229 3980 1406 4070 eodemque
1426 3983 1479 4050 vel
1500 4007 1573 4052 oon·

159 4078 252 4144 simili
275 4081 370 4145 tertio
394 4076 657 4166 deprehenditur,
678 4079 754 4166 qnia
775 4077 1056 4145 animadversione
1067 4090 1178 4147 nostra
1193 4079 1357 4145 meliorem
1371 4081 1463 4147 reddi
1479 4108 1574 4171 posse

158 4182 268 4246 merito
291 4177 529 4267 desperandum
551 4187 616 4262 est,
639 4176 713 4244 ideo
733 4177 774 4244 de
794 4180 1007 4244 universitate
1024 4189 1136 4246 nostra
1156 4179 1350 4246 scholastica
1372 4183 1573 4252 excludatur.

723 4366 893 4418 statutum
911 4365 1007 4417 XXXI.
1581 4369 1615 4426 35

415 4481 462 4530 na
484 4479 726 4530 convunvmus
749 4482 914 4543 Qusruoa
936 4483 972 4530 ut
993 4481 1087 4530 anno
1110 4482 1311 4533 ramosum

227 4595 384 4684 ¹Singulis
404 4599 497 4663 annis
520 4604 634 4683 quater
655 4607 850 4663 conventum
872 4597 1126 4663 ecclesiasticum
1148 4609 1255 4665 rector
1277 4601 1345 4666 suis
1367 4599 1503 4683 indicet,
1528 4602 1574 4666 iu-

158 4695 309 4787 bebitque
335 4696 487 4762 mandato
515 4717 572 4760 suo
599 4697 768 4762 universos
794 4699 828 4762 in
855 4697 974 4785 templo
1004 4696 1119 4763 adesse
1146 4709 1178 4764 et
1198 4699 1352 4786 precibus
1374 4701 1440 4766 suis
1463 4721 1484 4764 a
1503 4699 1573 4783 deo,

159 4797 311 4885 largitore
334 4799 474 4862 omnium
495 4794 670 4878 bonorum,
699 4807 808 4883 petere
831 4797 966 4864 salutern
987 4807 1019 4863 et
1038 4797 1292 4864 incolumitatem
1315 4799 1513 4887 reipublicae
1533 4823 1573 4864 ac

161 4899 337 4964 studiorum
359 4897 607 4983 protectionem,
629 4897 726 4961 ctiam
748 4897 986 4985 eleemosynam
1008 4897 1123 4964 offerre
1146 4899 1306 4986 singulos,
1331 4900 1417 4986 quod
1438 4901 1618 4986 possintw

227 5151 236 5201 Ι
257 5145 445 5204 Gescbriebeu
461 5143 536 5200 steht
551 5151 590 5200 ut.
729 5150 745 5202 2
764 5145 805 5200 lm
824 5145 951 5220 Original
969 5149 1051 5204 stand
1068 5147 1139 5204 wohl
1155 5147 1290 5218 [lipsani.
