3748 6070
680 453 730 504 Dio
748 454 868 504 Sutnteu
887 468 941 506 von
961 454 1032 506 litt.
1504 460 1565 522 263

136 635 188 724 qui
208 634 381 722 negligens
402 641 551 721 repertus
572 633 677 714 luerit,
700 655 838 719 poenam
858 633 987 720 collegii
1010 631 1230 717 arbitrariam,
1252 657 1336 724 quae
1356 659 1481 704 summa
1494 660 1566 704 esse

134 735 266 822 poterit,
295 732 423 822 absque
447 733 639 800 remissione
667 731 842 820 persolvat.
872 733 972 802 Vetat
992 733 1091 798 etiam
1111 731 1293 820 collegium,
1315 737 1448 824 nequis
1470 737 1565 802 fasci·

134 833 211 898 culis
240 842 274 898 et
305 833 478 898 sarmentis
505 831 667 918 lignorum
692 831 803 918 ignem
829 833 953 914 foveat,
982 829 1081 919 idque
1106 830 1148 898 ob
1176 833 1305 902 aedium
1334 837 1501 920 angustias
1534 847 1565 901 et

132 931 294 1018 lignorum
315 940 517 998 vetustatem.
559 929 720 1019 Repertus
742 932 829 997 enirn
849 933 905 1020 qui
927 933 1182 1016 contrafecerit,
1204 935 1300 1000 toties
1321 957 1465 1018 auremn,
1488 957 1564 1024 quo·

133 1035 192 1098 ties
213 1027 280 1119 [49]
304 1029 486 1118 deliquerit,
508 1030 644 1116 collegio
665 1030 841 1118 persolvat.
1589 1044 1605 1099 5

726 1214 775 1261 DE
796 1211 978 1262 mmmmm.

731 1331 906 1384 statutum
923 1331 974 1382 vl.

213 1445 339 1510 Munda
359 1445 517 1511 habitatio
539 1446 588 1509 uti
609 1445 734 1510 confert
752 1443 940 1528 valetudini,
967 1447 1014 1510 ita
1033 1467 1100 1511 non
1126 1467 1242 1534 parum
1269 1457 1365 1512 ornat
1391 1445 1562 1534 hospitem.

132 1546 235 1610 Dabit
263 1546 365 1631 igitur
394 1567 525 1631 operam
554 1545 689 1630 quisque
717 1565 778 1631 pro
809 1565 854 1626 se,
881 1565 923 1609 ne
949 1544 1092 1615 offendet
1119 1545 1262 1610 vicinum
1292 1569 1384 1612 suum
1412 1545 1562 1612 sordibus

132 1655 271 1710 autnon
294 1642 483 1708 everrendis
505 1645 616 1708 autin
637 1643 791 1730 angulum
812 1643 1032 1729 congerendis.
1063 1645 1101 1708 ln
1123 1646 1331 1710 audentiam
1352 1645 1558 1727 mundandis,
1572 1655 1602 1711 10

131 1766 212 1829 quse
237 1744 472 1830 purgatissima
499 1740 739 1807 essevolumus
768 1741 809 1808 ob
838 1751 1056 1808 commeantes
1083 1742 1239 1824 homines,
1268 1753 1436 1808 serventur
1463 1767 1559 1832 quae·

131 1842 206 1908 dam
227 1845 318 1907 vices
346 1865 366 1906 a
392 1842 508 1906 vicinis
537 1841 606 1906 sine
634 1841 901 1906 contentionibus.
944 1841 1041 1922 Quod
1070 1843 1205 1928 quisque
1231 1865 1309 1908 vero
1338 1841 1482 1908 sordium
1507 1841 1560 1908 vel

130 1943 295 2008 straminis
325 1940 383 2022 (ad
415 1939 649 2028 asportandum
675 1941 710 2004 in
741 1940 893 2028 angulum
923 1937 988 2028 [50]
1018 1963 1114 2004 areae
1147 1943 1347 2022 consuetum)
1376 1940 1488 2024 babet,
1526 1940 1560 2005 id

130 2061 237 2127 poene
263 2039 392 2104 dimidii
417 2037 531 2104 lloreni
557 2061 574 2104 e
598 2039 741 2104 fenestra
761 2061 828 2106 non
849 2041 968 2105 eiiciat.
1010 2041 1079 2105 Nec
1099 2048 1242 2105 stramen
1263 2039 1475 2128 deportando,
1503 2039 1560 2105 sed

129 2141 247 2226 potius,
275 2138 383 2204 sicubi
404 2140 438 2202 in
461 2140 531 2202 vias
553 2138 721 2222 exciderit,
749 2141 924 2226 evestigio
948 2139 1078 2204 deverri
1099 2149 1198 2222 curet,
1225 2139 1288 2204 nisi
1315 2138 1469 2205 mulctam
1497 2137 1601 2204 sol-15

128 2261 206 2303 vere
228 2237 330 2303 malit.
373 2237 464 2303 Idem
486 2247 697 2325 praeceptum
720 2248 789 2305 esto
809 2237 850 2304 de
874 2238 1075 2324 segminibus
1098 2238 1270 2326 lignorum,
1292 2249 1328 2304 ut
1349 2238 1425 2304 ilico
1446 2261 1558 2326 aspor-

129 2339 205 2402 tetis
226 2339 268 2402 iis
290 2347 507 2425 consequntur
535 2335 664 2424 aliquis,
695 2339 751 2424 qui
778 2337 884 2404 locum
904 2336 1064 2402 verrendo
1093 2337 1136 2402 ad
1165 2340 1337 2424 pristinam
1368 2337 1558 2404 munditiem

129 2435 268 2522 redigat.
310 2437 377 2502 Par
400 2445 448 2500 est
476 2447 507 2501 et
535 2435 664 2501 illorum
688 2436 821 2520 levitas,
850 2439 907 2525 qui
936 2436 979 2502 ad
1008 2435 1151 2524 plateam
1179 2438 1268 2502 fores
1299 2446 1356 2503 aut
1384 2439 1417 2500 in
1447 2459 1559 2502 aream

129 2535 276 2602 chartam
298 2545 331 2600 et
352 2557 514 2621 papyrum
536 2536 719 2622 proliciunt
751 2536 835 2600 Nam
857 2537 885 2600 si
907 2536 1070 2624 simplices
1091 2534 1167 2600 illae
1189 2537 1309 2602 l'nerint
1330 2535 1473 2618 chartae,
1496 2536 1557 2600 eie·

128 2651 196 2702 otor
217 2645 283 2700 tres
306 2655 449 2720 grossos,
478 2635 506 2698 si
536 2632 686 2717 lusoriae,
715 2656 775 2700 sex
796 2656 927 2722 grossos
949 2635 1059 2701 solvet
1101 2635 1203 2700 Multo
1224 2636 1330 2700 minus
1352 2633 1488 2700 ferendo
1509 2642 1601 2698 estto

128 2733 321 2820 angulorum
349 2732 478 2819 collegii
500 2732 689 2799 defoedetio.
730 2733 855 2800 Pueros
879 2735 981 2820 igitur
1003 2735 1045 2800 ab
1073 2736 1169 2800 urina
1195 2733 1401 2822 impudenter
1423 2757 1460 2800 eo
1488 2735 1559 2798 mit·

128 2833 224 2898 tenda
242 2841 275 2897 et
296 2830 492 2897 stercoribus
520 2834 644 2919 passim
666 2833 860 2920 spargendi·
883 2834 1040 2899 arcebunt
1060 2843 1299 2921 praeceptores,
1326 2856 1369 2898 ne
1394 2832 1558 2900 offendan-

126 2941 178 2997 tur
199 2927 437 3019 bomi[5l]num
459 2931 553 2996 oculi.
595 2931 797 3020 Delinquens
826 2931 889 2998 hoc
915 2935 1053 3014 nomine,
1082 2931 1234 2998 mulctam
1262 2933 1402 2998 tolerare
1424 2940 1559 3018 cogetur

129 3031 253 3098 dimidii
284 3031 410 3096 floreni.
453 3029 579 3096 Eadem
606 3053 712 3116 poena
739 3031 912 3114 tenebitur,
941 3034 996 3118 qui
1021 3031 1148 3096 urinam
1180 3040 1212 3096 et
1242 3041 1388 3097 stercora
1416 3032 1496 3097 locis
1525 3043 1557 3095 et

126 3131 329 3218 temporibus
351 3131 484 3195 insuetis
506 3153 523 3194 e
546 3128 692 3194 cubiculo
715 3151 772 3194 suo
798 3131 832 3194 in
858 3128 1034 3217 publicum,
1062 3133 1255 3215 praesertim
1277 3129 1343 3213 diu,
1370 3131 1405 3195 in
1424 3129 1598 3196 mandisti

127 3230 294 3296 collectam
323 3227 487 3310 effuderit,
518 3229 636 3316 quique
664 3227 807 3293 obscene
833 3226 877 3292 ad
905 3229 1047 3313 parietes
1076 3237 1133 3293 aut
1157 3227 1360 3315 impudentia
1387 3227 1476 3294 diets
1503 3227 1557 3294 de·

126 3330 269 3416 pinxerit
293 3337 352 3394 aut
372 3328 584 3415 inscripserit.

448 3495 494 3542 nn
515 3493 722 3544 nossentne
744 3495 790 3542 ΕΤ
812 3491 995 3542 SUSPEC'I'IS
1015 3493 1235 3542 MULIERIBUS.

714 3611 880 3664 Ststntum
898 3611 971 3662 v11.

205 3728 417 3796 Commentis
444 3728 612 3794 infamium
639 3725 811 3792 mulierum
839 3749 948 3793 coram
977 3736 1091 3794 tenera
1118 3733 1224 3792 aetate
1253 3725 1384 3792 minime
1412 3726 1599 3793 ferimuseo

124 3827 173 3893 Ab
196 3827 260 3893 hoc
281 3827 384 3912 igitur
404 3826 567 3892 abstinere
589 3824 737 3892 volumus
759 3823 1005 3912 univer[52]sos.
1033 3825 1130 3908 Quod
1151 3827 1179 3890 si
1199 3825 1305 3890 fernae
1325 3835 1357 3890 ot
1379 3825 1557 3913 pudicitiae

125 3937 312 4015 suspectam
342 3925 510 3992 mulierem
531 3927 603 4013 quis
634 3926 668 3990 in
690 3925 826 4011 collegio
855 3947 965 3992 secum
993 3924 1156 4006 habuerit,
1186 3923 1292 3990 solvet
1319 3933 1386 3990 tres
1414 3924 1556 3990 florines.

124 4025 158 4090 Si
179 4024 324 4091 secundo
345 4024 408 4090 boc
428 4026 557 4090 nomine
580 4024 761 4112 deliquerit,
785 4024 889 4088 solvat
911 4023 1063 4110 duplum3
1085 4025 1113 4090 si
1134 4025 1235 4090 tercio
1244 4026 1262 4106 ¹,
1284 4025 1432 4090 elicietur
1452 4048 1470 4089 e
1492 4013 1556 4090 col·

123 4124 217 4210 legio.
262 4117 361 4204 Quod
398 4124 545 4190 similiter
577 4123 617 4189 de
650 4121 940 4188 commessantibus
974 4123 1026 4189 vel
1060 4121 1279 4188 assidentibus
1311 4122 1374 4188 illis
1407 4122 1555 4210 turpibus

123 4221 314 4288 mulieribus
335 4222 579 4310 intelligendum
603 4232 660 4286 est.
1564 4231 1598 4288 ³5

590 4389 638 4436 Dm
658 4389 703 4453 VI,
724 4387 846 4436 nmo
867 4389 913 4436 ΕΤ
935 4387 1087 4436 nolumus.

705 4507 869 4556 Statutum
887 4505 977 4557 VIlI.

202 4618 371 4706 Quicquid
395 4643 514 4688 causae
537 4631 681 4687 coortum
700 4623 785 4687 inter
805 4619 980 4707 inquilinos
1002 4621 1115 4702 fuerit,
1143 4617 1179 4684 id
1201 4621 1387 4708 praeposito
1410 4631 1441 4686 et
1462 4616 1555 4684 colle·

120 4723 173 4805 gio
201 4718 395 4785 vindicandi
425 4721 476 4784 ius
506 4721 750 4806 integerrimum
780 4729 837 4784 est.
879 4719 964 4784 Nam
994 4718 1125 4806 plenam
1154 4721 1269 4805 cuique
1299 4719 1434 4804 collegio
1461 4718 1555 4782 iuris·

204 4957 216 5006 l
238 4951 305 5008 Von
321 4951 384 5006 dem
401 4955 490 5008 ersten
512 4951 603 5006 solvet
620 4949 663 5005 bis
681 4951 766 5006 tercio
784 4951 858 5004 word
881 4949 1122 5021 eingelslammert,
1144 4967 1174 5004 so
1192 4951 1257 5004 dass
1275 4951 1333 5004 also
1354 4949 1446 5003 fortan
1464 4947 1556 5018 gleich

120 5035 170 5089 auf
183 5035 230 5091 die
248 5041 324 5090 erate
337 5034 542 5105 Uebertretung
561 5035 609 5090 des
628 5035 735 5090 Statuts
752 5035 798 5090 die
816 5033 908 5090 Strato
925 5034 974 5090 der
991 5035 1184 5104 Ausstossuug
1203 5051 1253 5090 aus
1270 5034 1331 5090 dem
1350 5031 1446 5100 Colleg
1465 5032 1555 5086 stand.

123 5119 221 5190 spnter
238 5118 318 5174 ward
334 5117 384 5173 der
400 5135 490 5190 ganne
508 5118 619 5174 Artiiel
638 5118 893 5189 durchgestrichen.
