3758 6072
505 469 588 520 Dritte
606 469 877 530 Statutcnrcdaction,
893 483 947 520 von
967 469 1169 523 lctis-uso.
1489 477 1548 539 405

119 647 319 736 magistrali3
342 657 374 714 et
386 647 552 716 habeatin
565 651 703 717 materia
717 651 921 741 praescripta
944 651 1026 718 duas
1044 653 1250 738 quaestiones
1273 659 1307 718 et
1328 649 1392 717 duo
1414 651 1550 742 aophis·

121 759 229 833 mata,
251 747 448 838 disputando
471 747 515 815 ad
533 747 665 834 horam,
688 749 747 818 sub
770 773 875 840 poena
900 775 966 818 non
997 753 1247 840 computationis
1276 751 1371 818 istius
1401 751 1547 840 disputa·

119 851 230 934 tionis,
253 848 377 916 scilicet
397 858 465 916 tam
484 848 758 940 respondentibus
780 874 878 939 quam
899 851 1094 940 disputanti.

707 1007 735 1068 6.
761 1021 821 1085 vgl.
840 1021 872 1086 X,
893 1021 954 1072 18⁸.

204 1131 267 1222 [Bl.
298 1130 369 1222 lle]
409 1134 490 1199 Item
521 1133 662 1221 placuit,
694 1143 731 1200 ut
761 1133 941 1202 baccalarii
975 1145 1119 1222 tempore
1152 1134 1375 1221 suspensionis
1409 1135 1546 1202 aliarum
1576 1145 1593 1202 5

120 1234 299 1300 lectionum
319 1233 353 1298 in
374 1231 488 1298 diebus
508 1233 747 1300 canicularibus
769 1231 906 1320 legendo
927 1234 1052 1322 aliquid
1073 1235 1107 1300 in
1129 1235 1361 1321 grammatica,
1381 1234 1549 1302 rethorica

120 1334 231 1401 autin
253 1333 513 1421 computualibus
534 1342 592 1398 aut
612 1333 789 1420 algorismo
812 1333 953 1400 debeant
974 1357 1009 1400 se
1030 1333 1202 1421 diligenter
1220 1335 1414 1400 exercitare.

713 1491 742 1550 7.
761 1503 822 1568 ogr.
843 1505 877 1568 x,
898 1504 958 1556 reb.

208 1617 292 1683 Item
314 1615 437 1705 placet,
459 1616 546 1705 quod
569 1635 617 1682 xv
637 1616 815 1684 bacoalarii
837 1619 997 1701 seniores,
1018 1617 1133 1684 diebus
1157 1617 1327 1684 dominicis
1347 1618 1382 1682 in
1402 1617 1549 1706 disputa·

122 1720 215 1785 cioue
245 1715 504 1782 baooalariorum
533 1727 737 1803 praesentes,
758 1717 899 1784 habeant
922 1717 1059 1807 quilibet
1077 1716 1219 1784 medium
1240 1739 1361 1782 novum
1388 1740 1548 1805 grossum,
1561 1727 1593 1784 1⁰

122 1841 207 1906 quos
229 1816 434 1882 baccalarius
456 1815 625 1903 disputans
644 1816 866 1904 praesentabit
886 1817 1008 1884 eisdmn
1030 1817 1143 1884 eodem
1165 1815 1227 1882 die.

717 1972 747 2036 8.
769 1985 829 2048 vu.
847 1987 880 2048 x,
901 1986 957 2038 reo.

208 2100 291 2166 Item
314 2097 450 2187 quilibet
470 2098 731 2166 baccalariorum
751 2100 786 2164 in
805 2099 932 2166 artibus
954 2109 1079 2166 tenetur
1101 2099 1270 2188 disputare
1290 2100 1326 2165 in
1347 2101 1462 2168 ordine
1484 2123 1551 2186 suo,

123 2210 155 2266 et
178 2201 207 2266 si
230 2203 265 2264 in
287 2199 412 2266 artibus
433 2223 497 2265 non
517 2197 687 2282 studuerit,
708 2222 810 2287 aeque
829 2202 863 2265 in
887 2199 1000 2266 ordine
1022 2223 1080 2266 suo
1101 2209 1228 2266 tenetur
1250 2199 1426 2288 disputare,
1448 2199 1552 2267 donec

122 2301 293 2366 biennium
309 2322 403 2365 suum
426 2299 647 2387 compleverit,
669 2297 729 2364 sub
750 2321 856 2385 poena
877 2298 994 2366 decem
1010 2322 1198 2388 grossorum
1219 2298 1343 2366 decano
1365 2299 1550 2390 persolven·
1562 2308 1593 2366 15

126 2400 243 2467 dorum
265 2409 323 2466 aut
343 2401 461 2466 maiori
481 2398 545 2465 sibi
566 2421 626 2487 per
645 2397 834 2464 facultatem
855 2398 1018 2464 dictanda.

120 2669 212 2736 VIII.
245 2666 304 2757 [Bl.
331 2664 402 2756 15⁸]
440 2665 687 2754 Subscripta
715 2664 867 2731 debent
890 2666 975 2753 legi
993 2665 1331 2733 baccalariandis
1352 2675 1550 2756 tempore

184 2767 525 2858 dispensationis
555 2775 596 2832 et
623 2773 808 2851 tempore
836 2766 1040 2832 introitus
1069 2789 1140 2833 seu
1161 2767 1488 2855 conspecoionis

405 2888 696 2956 personarum,
725 2873 766 2931 et
784 2865 985 2933 iurabant
1010 2865 1270 2953 subscripta.

726 3056 754 3116 1.
776 3068 838 3133 vgr.
855 3069 894 3130 x,
918 3069 945 3121 2.
1541 3053 1594 3117 '20

204 3187 287 3253 Item
321 3185 398 3252 libri
437 3183 480 3250 ad
515 3183 654 3272 gradum
690 3180 930 3248 baccalariatus
971 3193 1062 3249 sunt:
1109 3183 1264 3250 Petrus
1301 3183 1550 3273 Hyspauus,

119 3287 363 3355 Priscianus
398 3286 546 3368 minor,
579 3291 700 3348 vetus
739 3303 826 3367 ars,
865 3284 1068 3370 priorum,
1103 3284 1405 3370 posteriorum,
1436 3283 1549 3350 elen-

120 3411 282 3472 oorum,
319 3387 594 3476 phisicorum,
632 3380 678 3446 de
710 3382 866 3467 anima,
907 3405 1028 3471 spera
1061 3383 1320 3467 materialis,
1355 3383 1549 3449 Donatus

119 3489 269 3570 minor,
296 3485 480 3554 secunda
510 3505 606 3572 pars
634 3480 687 3547 vel
707 3480 914 3566 Florista,
944 3480 1191 3568 algorismus
1219 3492 1252 3549 et
1273 3491 1494 3571 computus
1515 3493 1548 3548 et

120 3587 239 3676 aliquis
258 3587 363 3654 liber
385 3587 428 3653 in
448 3583 669 3652 rethorica.
1557 3591 1591 3650 25

401 3775 431 3838 2.
458 3787 505 3834 on
527 3782 721 3834 nxnrcrons
740 3781 788 3830 so
809 3780 955 3831 ermon
975 3782 1267 3834 oroeandemque.

750 3900 814 3964 vu.
833 3901 867 3964 x,
885 3901 910 3952 e.

204 4024 288 4090 Item
313 4019 420 4088 nullus
451 4018 547 4086 debet
576 4016 704 4084 admitti
731 4013 774 4081 ad
802 4037 941 4083 examen
966 4018 1227 4085 baccalariorum
1252 4021 1287 4084 in
1318 4017 1462 4103 artibus,
1482 4021 1546 4086 nisi

122 4125 214 4213 prius
236 4121 361 4189 steterit
378 4122 414 4186 in
435 4119 605 4185 exerciciis
626 4119 661 4182 in
681 4116 766 4182 hunc
787 4115 936 4181 modum:
962 4117 1061 4184 semel
1087 4119 1121 4184 in
1149 4120 1261 4206 parvis
1281 4117 1464 4206 loycalibus
1485 4120 1541 4187 ad-

122 4226 247 4305 minus,
267 4220 367 4287 semel
387 4221 422 4286 in
442 4219 638 4306 sophistria,
660 4215 711 4282 bis
732 4217 766 4280 in
787 4217 892 4280 veteri
914 4231 1000 4301 arte,
1021 4217 1121 4282 semel
1142 4219 1177 4284 in
1197 4241 1283 4284 nova
1312 4217 1424 4306 loyca,
1447 4218 1592 4286 semelto

122 4325 156 4390 in
174 4323 374 4412 phisicorum
397 4331 430 4388 et
449 4320 548 4387 semel
576 4321 611 4384 in
639 4316 679 4382 de
706 4316 824 4381 anima.
866 4314 910 4381 Et
938 4339 997 4404 pro
1024 4327 1170 4405 tempore
1195 4341 1260 4385 non
1287 4317 1420 4386 habebit
1447 4319 1544 4409 plura

123 4425 286 4491 exercicia
297 4445 396 4512 quam
410 4420 484 4506 duo,
505 4428 643 4507 excepta
659 4416 849 4505 zophistria,
870 4438 967 4503 quam
988 4439 1048 4504 pro
1070 4420 1171 4484 tercio
1193 4416 1315 4484 habere
1336 4421 1466 4507 poterit.

376 4611 406 4672 3.
434 4622 482 4670 on
504 4619 605 4670 uono
624 4619 796 4670 tuomum
816 4616 1012 4666 nucmouns
1031 4618 1078 4666 nr
1099 4617 1296 4666 axuacmm.

758 4738 819 4802 Vgl.
836 4739 869 4790 X.
886 4737 911 4788 6.

206 4858 288 4923 Item
303 4854 419 4922 modus
442 4853 597 4921 audiendi
616 4853 771 4918 lectiones
792 4853 853 4918 erit
873 4851 958 4934 talis,
981 4850 1069 4939 quod
1090 4849 1227 4939 quilibet
1246 4851 1382 4918 audiens
1402 4851 1588 4941 aliquamdi

121 4959 295 5025 lectionem
315 4979 376 5044 pro
397 4955 504 5043 gradu
522 4953 763 5020 baccalariatus
782 4961 909 5018 tenetur
931 4973 1001 5016 cam
1023 4951 1138 5017 audire
1158 4953 1193 5018 in
1212 4950 1312 5034 libro,
1339 4955 1396 5040 qui
1416 4952 1545 5041 legitur,

123 5083 197 5125 oum
209 5057 396 5143 diligencia,
417 5057 464 5120 ita
485 5054 572 5141 quod
590 5061 714 5118 textum
736 5050 884 5120 lectionis
904 5051 1075 5138 proprium
1096 5052 1149 5119 vel
1170 5050 1414 5118 accomodatum
1437 5075 1547 5120 secum

122 5171 270 5250 tempore
291 5155 438 5223 lectionis
459 5152 580 5221 habeat
607 5161 760 5241 (possunt
780 5162 889 5217 tamen
909 5148 972 5216 duo
995 5161 1051 5217 aut
1070 5161 1136 5220 tres
1158 5152 1201 5219 ad
1227 5151 1405 5217 maximum
1433 5151 1547 5221 eodem
