3758 6072
509 459 593 510 Dritte
608 457 879 526 Statutcoredaction,
898 473 950 510 von
968 458 1163 514 laub-¹490.

587 679 632 741 13.
654 692 701 740 nn
723 692 887 741 rsuronn
910 693 1074 742 nexuum.

195 807 318 873 Statuit
347 807 500 891 facultas,
532 807 620 896 quod
654 806 795 873 decanus
827 830 901 872 cum
933 809 999 874 suis
1031 809 1238 876 taxatoribus
1273 811 1466 878 conveniant
1498 809 1541 878 ad

113 906 295 973 taxandum
315 905 468 972 lectiones
491 915 523 972 et
545 907 707 972 exercicia
726 909 760 972 in
780 929 845 972 una
865 909 1042 975 mutatione
1063 920 1178 994 quater
1203 907 1318 976 diebus
1339 909 1541 998 subscriptis.

111 1007 150 1072 ln
171 1007 357 1072 mutacione
386 1005 535 1071 aestivali
565 1005 627 1072 fiat
651 1007 758 1094 prima
785 1008 917 1072 taxacio
946 1016 1021 1095 post
1046 1006 1202 1092 Urbani,¹
1232 1009 1374 1075 secunda
1404 1009 1540 1076 sabbato

112 1115 188 1194 post
209 1106 290 1190 Viti,
319 1106 421 1171 tercia
442 1105 555 1171 sabato
577 1116 652 1192 post
671 1105 855 1189 Laurenoii,
886 1115 1003 1194 quarta
1023 1107 1137 1172 sabato
1165 1117 1241 1195 post
1269 1109 1449 1174 nativitatis
1470 1107 1539 1173 Ma·
1565 1119 1582 1174 5

111 1205 189 1272 riae.
230 1205 272 1270 In
291 1203 409 1292 hyeme
430 1228 507 1270 vcro
528 1207 636 1292 prima
664 1204 722 1270 fiat
750 1204 864 1270 sabato
886 1217 960 1293 post
980 1207 1124 1290 Martini,
1155 1207 1297 1273 secunda
1325 1207 1439 1274 sabato
1468 1217 1542 1294 post

111 1303 325 1388 Katherinae,
354 1305 457 1370 tercia
486 1304 601 1371 sabato
628 1317 702 1393 post
723 1305 928 1392 Epiphaniae
954 1316 986 1370 et
1014 1315 1132 1394 quarta
1155 1306 1270 1372 sabato
1294 1318 1368 1394 post
1388 1305 1542 1393 Gregorii

112 1427 232 1493 papae.
265 1404 302 1469 Si
323 1412 430 1470 autem
452 1403 501 1468 his
524 1403 639 1470 diebus
661 1413 746 1470 esset
768 1401 836 1470 dies
859 1403 1006 1487 celebris,
1027 1415 1138 1492 posset
1158 1405 1230 1470 lieri
1251 1407 1397 1493 sequenti
1418 1405 1540 1472 sabato.

113 1501 149 1568 Si
168 1525 249 1568 vero
271 1502 322 1568 his
345 1504 475 1568 statutis
498 1503 611 1569 diebus
639 1504 708 1568 sine
735 1501 892 1590 legittimo
921 1503 1151 1591 impedimento
1172 1527 1236 1570 non
1257 1507 1457 1589 taxaverint,
1486 1505 1539 1570 de-

113 1603 191 1668 bent
219 1603 285 1690 ipsi
311 1612 477 1669 taxatores
505 1605 576 1692 ipso
606 1605 690 1669 tacto
720 1625 791 1668 esse
818 1605 969 1690 suspensi
995 1602 1037 1669 ab
1065 1602 1191 1668 actibus
1220 1602 1407 1689 scolasticis,
1437 1604 1540 1671 donec
1551 1615 1582 1670 10

113 1701 251 1789 quilibet
277 1725 389 1769 eorum
417 1701 522 1768 solvat
551 1725 610 1790 pro
633 1700 747 1767 solatio
776 1703 1006 1788 magistrorum
1028 1700 1195 1768 dimidium
1223 1703 1379 1770 florenum
1400 1703 1441 1770 de
1462 1726 1540 1792 quo-

112 1800 192 1868 libet
214 1785 268 1867 die
289 1814 503 1889 transgresso,
534 1801 621 1888 quod
648 1801 734 1866 idem
762 1800 1009 1889 intelligendum
1036 1811 1087 1868 est
1114 1801 1155 1868 de
1181 1801 1314 1886 decano,
1341 1816 1417 1892 post
1441 1804 1539 1868 finem

113 1911 223 1968 tamen
245 1903 295 1968 sui
317 1901 426 1968 officii.

561 2057 607 2118 14.
629 2069 677 2116 nn
698 2067 799 2118 uoco
821 2067 1091 2118 ssrlsracmxnr.

197 2183 359 2250 Statntum
385 2192 450 2266 est,
479 2182 565 2270 quod
594 2182 747 2270 deinceps
769 2205 879 2249 omnes
900 2180 1044 2248 volentes
1074 2183 1236 2271 complere
1262 2181 1381 2250 debent
1408 2182 1539 2249 realiter
1550 2193 1581 2249 15

114 2295 145 2351 et
167 2308 241 2350 cum
263 2284 378 2350 effectu
398 2283 586 2349 satisfacere
607 2283 783 2348 secundum
803 2291 923 2348 statuta
944 2281 1107 2347 facultatis
1129 2293 1203 2348 ante
1222 2283 1320 2349 finem
1340 2283 1487 2350 lectionis
1509 2282 1542 2350 et

114 2385 268 2450 exercicii
295 2383 329 2448 in
358 2383 466 2472 aliquo
497 2391 691 2448 statutorum
719 2379 854 2466 dierum,
885 2380 945 2447 sub
975 2404 1081 2470 poena
1110 2381 1201 2469 dupli
1207 2385 1234 2467 ,²
1264 2385 1354 2449 ouius
1382 2381 1541 2448 medietas

115 2483 210 2550 cedat
234 2483 355 2569 legenti
375 2479 427 2547 vel
451 2484 633 2566 exercenti,
661 2480 727 2546 alia
748 2505 824 2547 vero
844 2479 1002 2547 medietas
1024 2479 1118 2547 cedat
1145 2503 1205 2568 pro
1229 2481 1348 2549 solacio
1370 2484 1540 2570 magistro·

114 2607 187 2652 rum
210 2584 250 2650 de
272 2581 406 2650 consilio
427 2580 600 2647 facultatis.

618 2739 666 2799 15.
688 2749 736 2797 nn
755 2747 856 2798 nono
877 2747 1040 2797 rursum.
1549 2740 1584 2796 20

198 2863 261 2955 [Bl.
275 2863 348 2952 24⁸]
373 2865 556 2930 Taxatores
575 2862 693 2929 debent
712 2865 859 2951 recipere
878 2886 938 2950 pro
961 2860 1155 2928 lectionibus
1176 2871 1207 2928 et
1227 2865 1397 2930 exerciciis
1417 2887 1438 2928 a
1459 2861 1540 2928 divi·

114 2967 201 3032 tibus
225 2974 258 3030 et
278 2964 463 3052 potentibus
485 2964 648 3050 signatum
668 2962 828 3027 redimere
847 2971 950 3027 totum
968 2973 1097 3050 pastum
1117 2973 1303 3027 consuetum
1325 2972 1357 3028 et
1376 2971 1540 3044 statutum,

115 3089 134 3132 a
154 3062 359 3155 pauperibus
381 3071 497 3146 autem,
523 3065 577 3150 qui
598 3062 758 3127 redimere
781 3063 941 3147 signatum
969 3059 1145 3126 secundum
1168 3068 1288 3127 statuta
1308 3083 1373 3126 non
1396 3071 1541 3148 possunt,

116 3163 219 3232 nichil
248 3163 409 3250 recipiant
434 3163 497 3227 nisi
524 3171 636 3227 taxam
665 3170 697 3225 et
723 3183 822 3225 unum
849 3159 1017 3226 denarium
1037 3183 1158 3227 novum
1188 3182 1248 3247 pro
1270 3158 1477 3226 inscribendo
1499 3159 1543 3226 ad

117 3265 238 3330 librum
257 3259 499 3350 eomplencium,
520 3270 552 3326 et
571 3283 592 3325 a
609 3259 739 3325 famulis
759 3283 819 3347 pro
839 3259 1031 3325 lectionibus
1052 3259 1268 3342 medietatem,
1290 3258 1347 3323 sed
1367 3281 1427 3346 pro
1448 3265 1582 3325 exer-25

115 3366 207 3432 ciciis
237 3359 346 3426 nichil.
385 3362 430 3427 Et
455 3359 574 3426 debent
593 3361 641 3424 sic
660 3359 703 3424 ab
726 3358 876 3426 omnibus
895 3359 1092 3443 indistincte,
1118 3357 1317 3446 pauperibus
1339 3361 1409 3424 sive
1430 3357 1538 3422 diviti·

115 3465 187 3547 bus,
209 3463 358 3548 recipere
377 3469 489 3526 taxam
510 3468 542 3524 et
561 3481 661 3524 unum
680 3462 709 3539 A
731 3481 791 3546 pro
812 3459 1033 3545 inscriptions,
1060 3461 1108 3524 ita
1129 3457 1216 3546 quod
1236 3457 1279 3524 ab
1300 3457 1360 3542 his,
1389 3458 1445 3545 qui
1466 3457 1540 3522 effe·

115 3562 268 3630 ctualiter
289 3560 527 3642 satisfecerunt,
555 3560 733 3647 recipiatur
753 3581 836 3624 unus
856 3561 886 3640 03
906 3559 947 3624 de
970 3558 1090 3625 salario
1111 3557 1250 3623 lectoris.
1286 3557 1324 3623 Si
1351 3557 1407 3646 qui
1432 3565 1542 3622 tamen

114 3663 204 3730 nullo
225 3660 323 3727 modo
344 3669 478 3748 possent
497 3659 667 3746 pecuniam
688 3658 885 3741 satisfacere,
907 3669 1043 3746 possunt
1062 3665 1229 3723 taxatores
1244 3657 1406 3722 sufficiam
1422 3655 1542 3744 pignus

115 3787 176 3852 pro
199 3761 380 3842 exerciciis,
407 3781 472 3824 non
499 3767 608 3824 tamen
637 3759 706 3824 sine
729 3757 926 3844 difficultate,
951 3759 1106 3846 recipere,
1136 3755 1195 3822 sed
1222 3778 1287 3823 non
1310 3779 1370 3844 pro
1397 3755 1584 3822 lectioni-³0

114 3864 176 3930 bus
197 3871 231 3928 st
251 3859 340 3925 nullo
360 3857 456 3924 modo
477 3859 725 3944 recognitiones,
755 3858 814 3924 sub
834 3879 941 3946 poena
969 3858 1189 3946 suspensionis
1212 3857 1285 3944 ipso
1311 3856 1408 3941 facto,
1439 3855 1542 3921 donec

115 3962 237 4050 legenti
265 3968 321 4026 aut
348 3957 512 4023 exercenti
539 3955 580 4022 de
606 3956 724 4023 damno
752 3958 955 4026 satisfaciant
982 3969 1014 4024 et
1038 3957 1194 4024 facultati·
1215 3955 1357 4023 medium
1384 3955 1542 4022 florenum

118 4061 257 4152 quilibet
276 4056 452 4146 persolvat.

145 4234 194 4296 16.
215 4243 264 4291 Du
285 4242 449 4290 TEMPORE
470 4241 720 4293 nlsrsmunrmr
739 4241 924 4307 Psenmau,
945 4240 1164 4291 Lnuunrmus
1185 4241 1231 4288 ΕΤ
1252 4238 1517 4290 EXEROEN'I'IBUS

751 4342 916 4390 Dnnlrnu.
1549 4330 1583 4388 35

200 4457 283 4524 Item
304 4456 446 4523 decanus
471 4479 531 4545 pro
552 4467 698 4546 tempore
719 4459 863 4524 existens
884 4463 1011 4522 tenetur
1034 4454 1085 4521 bis
1106 4455 1140 4520 in
1160 4455 1341 4521 mutacione
1364 4477 1542 4522 convocare

118 4557 306 4625 facultatem
327 4579 386 4643 pro
410 4556 634 4623 distribuenda
662 4559 801 4646 pecunia
828 4555 1009 4644 legentibus
1032 4566 1064 4620 et
1085 4554 1310 4621 exercentibus
1332 4553 1451 4637 debita,
1475 4553 1541 4619 die

120 4659 181 4726 bus
194 4656 349 4724 videlicet
368 4656 594 4744 infrascriptis.
624 4657 662 4722 In
684 4669 808 4724 aestate
828 4677 888 4744 pro
909 4655 1047 4744 pecunia
1067 4652 1292 4720 distribuenda
1311 4653 1421 4720 debita
1439 4653 1541 4740 magi·

207 4891 298 4948 lDor
317 4889 381 4962 Τις
397 4888 536 4946 Urbani
553 4889 591 4944 ist
606 4890 656 4946 der
672 4893 713 4944 25.
732 4889 799 4959 Mai,
816 4886 895 4944 Viti
910 4886 960 4942 der
980 4891 1017 4942 to.
1035 4884 1118 4953 luni,
1143 4883 1343 4942 Laurencii
1361 4885 1409 4940 der
1427 4890 1466 4940 10.
1484 4885 1541 4942 Au·

121 4983 199 5049 gost,
224 4974 436 5032 nativitatis
453 4973 586 5030 Mariae
602 4972 652 5030 der
669 4979 693 5030 8.
713 4972 881 5043 September,
899 4970 1042 5026 Martini
1058 4970 1108 5026 der
1127 4973 1165 5026 11.
1185 4969 1347 5037 November,
1371 4967 1541 5026 Kathari·

122 5079 188 5120 nae
204 5061 254 5118 der
271 5065 311 5118 tt.
330 5058 494 5124 November,
510 5057 730 5129 Epiphaniae
747 5057 797 5114 der
814 5063 837 5112 6.
858 5055 974 5122 danum,
991 5053 1163 5126 Gregorii
1180 5056 1229 5112 der
1250 5059 1286 5110 12.
1304 5054 1387 5108 Mtira.

205 5149 221 5201 ²
238 5141 541 5216 Driiberageschrieben
561 5160 615 5198 von
631 5145 754 5213 spitamr
773 5140 870 5196 Hand:
905 5139 1099 5211 Impalitioab
1115 5145 1234 5210 caepae
1250 5155 1307 5194 aaa
