3788 6078
346 462 407 527 55ss
857 465 1253 530 menelogrnsnsrwnm

346 641 412 707 alia
435 641 647 708 universitate
668 651 743 730 post
764 649 946 712 sentencias
969 649 1095 712 steterit
1115 657 1149 711 et
1167 657 1450 736 quantumcunque
1469 669 1530 735 per
1550 647 1666 714 literas
1686 649 1763 736 prin·

346 744 454 828 cipum
476 763 534 806 seu
555 741 636 806 alias
658 765 920 833 quorumcunque
941 747 1038 811 firerit
1059 745 1328 814 commendatus¹

427 945 476 1007 29,
504 937 564 1028 [BL
586 939 656 1028 16¹¹]
688 941 783 1006 Anno
811 941 934 1008 domini
961 943 1120 1008 milesimo
1151 943 1471 1030 quadringentesimo
1502 945 1763 1034 quinquagesimo
1866 1031 1867 1050 ,

348 1040 490 1106 secundo
519 1042 591 1126 ipso
621 1041 674 1106 die
700 1043 804 1106 sancti
833 1041 946 1107 Iacobi
971 1041 1111 1128 apostoli
1139 1049 1182 1120 (d
1204 1048 1253 1110 25.
1272 1047 1341 1106 Jutr'
1368 1041 1461 1129 1⁴52)
1490 1043 1680 1109 conclusum
1710 1045 1763 1110 fuit

301 1151 318 1204 5
344 1138 546 1204 concorditer
567 1149 599 1203 et
621 1151 775 1204 statutum
796 1163 854 1227 per
877 1143 1050 1226 magstres
1072 1153 1149 1205 tunc
1171 1140 1211 1206 de
1232 1141 1366 1208 consilio
1392 1142 1558 1208 facultatis
1580 1145 1761 1224 existentes,

344 1237 430 1326 quod
451 1241 484 1301 iu
505 1249 616 1321 antea,
636 1250 775 1304 vacante
800 1239 961 1305 decanatu
988 1240 1021 1302 in
1048 1239 1201 1304 t'acultate
1229 1241 1411 1328 theologica
1438 1263 1499 1329 per
1527 1242 1698 1308 decessum
1718 1243 1762 1307 vel

345 1336 566 1402 omnimodum
585 1336 701 1402 decani
725 1338 767 1403 ab
788 1341 1001 1404 universitate
1021 1359 1199 1421 recessum,
1223 1343 1379 1426 magster
1398 1353 1540 1428 protunc
1557 1343 1595 1406 in
1614 1341 1762 1406 facultate

343 1439 466 1518 senior,
495 1437 529 1500 in
551 1436 673 1522 Liptak
700 1435 824 1501 habens
853 1435 1070 1519 domicilium,
1095 1439 1128 1501 in
1154 1439 1314 1504 decanatu
1342 1439 1511 1521 succedat,
1533 1440 1596 1506 hoc
1617 1441 1762 1506 videlicet

343 1535 448 1618 modo,
470 1535 559 1624 qued
579 1537 684 1621 primo
706 1539 879 1622 magistros
901 1536 941 1600 de
964 1536 1098 1602 consilio
1120 1537 1285 1602 facilitatis
1312 1550 1469 1606 convocet
1494 1549 1528 1604 et
1556 1541 1608 1605 ius
1635 1540 1700 1606 sibi
1726 1563 1762 1605 ex

302 1646 333 1701 10
343 1643 463 1700 statuto
486 1637 667 1719 quaesitum
689 1635 733 1700 ad
754 1635 891 1700 eundern
914 1636 960 1700 eis
981 1637 1138 1718 insinuet,
1161 1635 1353 1720 affectando,
1374 1647 1411 1702 ut
1430 1640 1537 1726 ipsum
1558 1661 1620 1726 pro
1643 1638 1761 1705 decano

341 1744 509 1800 assumant
530 1743 562 1797 et
583 1735 617 1798 in
638 1757 712 1798 eum
732 1736 958 1818 consenciant,
979 1758 1040 1800 nec
1065 1759 1131 1801 nen
1152 1736 1300 1801 dccetero
1321 1738 1430 1824 ipsum
1451 1761 1512 1826 pro
1532 1738 1592 1804 tali
1613 1739 1759 1820 habeant,
1866 1763 1867 1792 ι

340 1833 427 1919 quod
445 1845 478 1898 et
493 1843 570 1896 tunc
587 1834 735 1918 magistri
752 1833 860 1898 facere
876 1845 1060 1918 teneantur3
1082 1835 1174 1900 salvo
1194 1838 1266 1918 iste,
1288 1835 1375 1924 quod
1394 1839 1429 1902 iu
1451 1841 1646 1924 praesencia
1664 1839 1758 1904 facul·

340 1935 415 1997 tatis
437 1935 622 2018 promittat,
645 1932 731 2018 quod
758 1935 1013 1999 convocaciones
1040 1937 1270 2020 magistrorum
1295 1934 1459 2001 facultatis
1483 1957 1614 2024 semper
1639 1941 1675 2002 in
1702 1937 1758 2003 cel·
1866 2001 1867 2012 ,

338 2031 423 2117 legio
451 2033 568 2096 maiori
595 2041 625 2096 et
652 2055 716 2096 non
743 2031 821 2096 alibi
852 2034 969 2114 faciat,
1003 2033 1078 2098 dato
1105 2037 1224 2118 eciam,
1256 2034 1344 2121 quod
1371 2037 1443 2122 ipse
1470 2049 1566 2100 extra
1593 2037 1759 2123 collegium
1866 2035 1867 2104 l

302 2133 448 2196 ltmaius
470 2153 563 2196 suum
584 2141 693 2196 teneat
718 2129 927 2214 domicilium,
948 2143 981 2196 et
1002 2133 1089 2219 qued
1110 2135 1144 2198 in
1163 2135 1258 2200 factis
1277 2134 1441 2200 facultatis
1463 2138 1632 2220 magistris
1652 2158 1688 2200 se
1709 2135 1759 2201 ob·

339 2239 499 2316 temperet
519 2241 551 2294 et
573 2231 760 2296 conformet.

419 2436 466 2496 30.
489 2425 550 2516 [Bl.
563 2427 631 2516 17⁸]
653 2429 734 2494 Item
755 2429 879 2515 placuit
899 2431 1102 2496 concorditer
1123 2430 1244 2497 ibidem
1265 2442 1403 2498 anneot
1425 2433 1488 2518 die,
1508 2456 1573 2521 quo
1596 2456 1708 2521 snpra,
1727 2445 1757 2498 nt
1866 2439 1867 2456 ¹

340 2529 373 2592 in
395 2527 536 2592 futurum
559 2527 789 2614 praesentandi
818 2529 861 2594 ad
888 2553 1018 2595 cursum
1053 2533 1080 2595 si
1110 2531 1253 2596 studium
1286 2555 1379 2597 suum
1405 2536 1440 2596 in
1467 2531 1631 2618 theologia
1661 2535 1756 2598 conti·
1866 2541 1867 2602 ᾗ

337 2626 466 2690 uuaude
486 2626 643 2714 usquead
654 2626 768 2692 birreti
790 2631 1011 2714 reeepcionem
1034 2633 1250 2716 pervenerint,
1271 2632 1438 2718 pecunia,²
1458 2654 1556 2720 quam
1578 2655 1621 2696 ex
1643 2643 1756 2698 sumto

296 2725 418 2790 tudare
446 2735 594 2791 tenentur
624 2727 780 2812 magistro
811 2731 1029 2814 promoventi,
1061 2727 1122 2794 hoc
1153 2729 1248 2795 modo
1279 2729 1463 2813 dividatur,
1491 2731 1579 2816 quod
1605 2735 1756 2817 magister

338 2835 450 2888 tenens
465 2825 631 2910 vesperias
648 2835 679 2888 et
695 2823 801 2889 arulam
824 2837 898 2890 ente
921 2829 1028 2892 emnia
1049 2827 1169 2892 habeat
1189 2827 1394 2894 medietatem
1418 2830 1574 2912 eusdem,
1596 2830 1663 2895 alia
1683 2855 1754 2894 vere

339 2921 495 2988 medietas
523 2925 607 2986 inter
637 2923 718 2988 alios
748 2927 939 3010 magistros,
961 2929 994 2990 in
1023 2949 1081 2990 sua
1109 2929 1316 3013 promocione
1343 2939 1550 3014 praesentes,
1579 2930 1754 3016 aequaliter

339 3022 514 3104 dividatur,
535 3022 574 3086 de
602 3045 667 3110 qua
695 3025 797 3088 eciam
827 3027 898 3112 ipse
927 3047 1121 3112 promovens
1149 3027 1358 3092 nihilominus
1386 3028 1555 3116 aequalem
1585 3052 1660 3094 curn
1686 3028 1753 3094 aliis

337 3120 458 3186 habeat
487 3123 684 3208 porcionem.
726 3123 799 3189 Hoc
827 3135 936 3190 tamen
963 3135 1118 3190 statutum
1146 3149 1210 3192 nou
1237 3149 1271 3192 se
1301 3126 1397 3192 debet
1425 3127 1601 3194 extendere
1624 3129 1667 3194 ad
1688 3151 1752 3192 cur·

295 3229 427 3286 ttsores
446 3222 679 3287 sentenciarios
699 3233 731 3287 et
747 3222 935 3289 licenciates
953 3237 1028 3290 ante
1043 3223 1138 3290 huius
1159 3226 1272 3291 statuti
1294 3223 1471 3292 edicionem
1494 3228 1561 3292 iam
1582 3241 1753 3314 promotos.

419 3427 467 3488 31.
491 3421 585 3487 Anno
601 3421 724 3486 domini
738 3427 815 3489 1453
830 3421 882 3486 die
893 3441 953 3488 xvl
970 3425 1090 3488 mensis
1103 3424 1295 3488 Novembris
1316 3425 1502 3492 conclusum
1520 3428 1582 3492 fuit
1603 3439 1752 3493 statutum
1866 3453 1867 3464 ι

336 3519 561 3605 subscriptum.
601 3519 698 3602 Quia,
716 3531 797 3586 teste
814 3525 1032 3608 experiencia,
1053 3547 1135 3612 quae
1156 3545 1263 3587 rerum
1285 3533 1336 3588 est
1355 3527 1522 3612 magistra,
1545 3530 1753 3592 contrarietas
1866 3519 1867 3532 ,

337 3643 375 3683 ae
397 3618 607 3705 singularitas
629 3621 817 3708 opinionum
838 3621 1072 3686 dissencionem
1097 3645 1161 3688 non
1182 3622 1361 3707 medicam,
1387 3647 1558 3690 rancorem
1586 3638 1620 3691 et
1649 3627 1752 3692 odium
1866 3651 1867 3664 ¹

338 3721 371 3783 in
400 3719 664 3783 universitatibus
694 3743 732 3784 ac
759 3717 1136 3808 communitaptbpibus
1163 3732 1195 3786 et
1221 3722 1398 3788 earundem
1424 3747 1489 3788 non
1516 3748 1681 3811 uunquam
1709 3723 1751 3788 di·
1866 3735 1867 3768 ³

293 3819 551 3882 30struccionem
572 3817 726 3884 inducere
747 3823 930 3902 consuevit,
955 3821 1164 3885 seminarium
1186 3843 1313 3907 quoque
1334 3844 1481 3888 errorum
1504 3835 1536 3888 et
1558 3825 1752 3890 haeresium³
1866 3839 1867 3860 ¹

336 3918 468 3980 inicium
487 3918 593 3980 extitit
616 3927 648 3981 ct
672 3919 873 4000 fomentum,⁴
893 3919 1015 3984 ideireo
1037 3919 1174 3984 facultas
1196 3919 1387 4005 theologica,
1409 3922 1564 4010 adquam
1582 3925 1751 4012 praecipue
1866 3979 1867 4010 ζ

335 4017 407 4105 plus
431 4016 546 4080 ceteris
568 4027 694 4100 spectat
714 4016 834 4082 talibus
854 4041 1024 4084 occurrere
1045 4019 1137 4084 etde
1158 4019 1301 4086 remedio
1322 4021 1456 4086 salutari
1476 4023 1661 4109 providere,
1681 4045 1749 4086 eon·
1866 4027 1867 4050 ³

333 4115 473 4182 corditer
494 4115 606 4179 statuit
628 4125 660 4180 et
682 4115 855 4197 conclusit,
882 4117 969 4202 qued
998 4118 1039 4183 de
1067 4131 1173 4184 cetero
1201 4118 1307 4184 nullus
1332 4122 1563 4206 magistrorum
1585 4133 1618 4188 et
1639 4121 1749 4186 bacca·
1866 4173 1867 4208 3

334 4216 488 4280 lariorum
515 4214 677 4279 facultatis
704 4217 871 4301 praefatae
902 4216 1075 4282 defendere
1102 4217 1234 4300 debeat,
1266 4219 1458 4306 praedicare
1482 4219 1534 4286 vel
1562 4220 1679 4286 docere
1706 4216 1750 4307 [nt

293 4311 494 4400 atvitecu]⁵
521 4313 680 4398 singulam
710 4313 850 4398 aliquam
881 4317 1064 4402 opinionem
1091 4340 1207 4382 novam
1235 4317 1287 4382 vel
1313 4320 1495 4404 antiquam,
1523 4343 1607 4406 quae
1639 4321 1749 4386 maiori
1866 4307 1867 4328 l

342 4415 429 4504 parti
453 4412 596 4477 eiusdem
618 4413 782 4478 l'aeurltatis
804 4412 975 4500 dipliccat,
1004 4416 1062 4480 sed
1089 4439 1123 4482 se
1151 4417 1312 4481 communi
1333 4419 1478 4504 opinioni
1501 4419 1609 4484 scolae
1631 4420 1748 4484 confer

333 4536 423 4582 mare
445 4513 506 4578 sub
526 4535 645 4600 poena,
667 4513 771 4601 quod,
797 4515 825 4578 ai
851 4518 923 4600 quis
950 4514 1103 4602 deinceps
1131 4517 1329 4580 contrarium
1353 4518 1467 4582 fecerit
1488 4528 1521 4584 et
1541 4531 1590 4584 ter
1613 4519 1747 4584 monitus

420 4795 1744 4873 tAmRauderQramcerdoancnmtaequeedcommmdctimapnnmpstfiutdcdor.
1866 4763 1867 4788 l

416 4888 431 4938 2
448 4881 636 4938 Geschrieben
653 4880 727 4936 steht
742 4884 896 4952 maioris.

416 4971 432 5020 3
449 4965 637 5022 Geschrieben
654 4965 727 5019 steht
743 4967 883 5023 tamesim.

417 5055 432 5103 t
450 5051 504 5104 Am
522 5049 632 5104 Raude:
651 5049 754 5104 Contra
770 5069 857 5104 nocua
873 5050 1025 5120 optatorum.

418 5139 433 5188 t
455 5133 508 5190 Die
525 5133 788 5207 cingellammerten
805 5134 904 5192 Werte
920 5134 1041 5207 gendreu
1061 5132 1186 5190 offenbsr
1205 5135 1283 5191 nicht
1301 5135 1417 5194 hierter.
