3788 6078
603 447 817 534 Beatinmuugen
835 483 883 519 sne
901 469 961 518 dem
978 467 1061 518 lehre
1081 467 1152 519 1115.

330 651 465 718 Doctori
485 650 618 716 alterius
641 649 848 716 facultatis.
891 699 899 715 .
944 699 951 714 .
991 702 999 716 .
1038 700 1046 714 .
1087 699 1093 716 .
1139 701 1146 714 .
1187 698 1195 713 .
1240 693 1247 710 .
1291 695 1299 710 .
1341 651 1413 730 391

331 752 512 818 Licentiato
534 750 667 816 alterius
690 795 1296 815 .............
1340 751 1359 812 2
1382 781 1392 792 ·

331 850 489 936 Magistro
512 849 645 916 alterius
686 896 1301 915 .............
1345 853 1356 910 1
1383 881 1394 892 -

333 949 470 1015 Famulo
492 950 711 1014 universitatis
741 993 1298 1016 ............
1340 949 1359 1010 2
1381 946 1416 991 ·¹

645 1131 703 1197 111.
731 1127 778 1218 [S.
797 1127 840 1218 9.]
867 1149 914 1196 un
936 1149 1111 1198 coururo.
1610 1141 1626 1194 a

863 1271 889 1330 1.

254 1383 448 1470 Computus,
481 1392 516 1446 ut
543 1382 577 1446 in
605 1381 748 1468 acceptis
778 1392 811 1446 et
835 1382 988 1468 expensis
1018 1381 1125 1446 minus
1153 1382 1272 1445 erroris
1303 1379 1452 1445 accidere
1474 1383 1587 1469 possit,

168 1483 307 1570 singulis
330 1484 423 1546 annis
446 1503 466 1545 a
488 1479 620 1563 decano,
642 1492 678 1546 ut
702 1504 722 1546 a
744 1479 922 1546 maioribus
945 1492 995 1545 est
1017 1489 1170 1546 statuttun
1198 1489 1230 1544 et
1261 1478 1489 1564 observatum,
1516 1479 1586 1546 fieri

166 1582 274 1665 debet,
293 1579 390 1670 idque
411 1581 468 1645 liat
489 1582 521 1646 iu
544 1579 821 1662 1111111111111111,2
854 1581 881 1646 si
907 1579 1069 1644 adfuerint
1091 1603 1201 1646 omnes
1223 1579 1390 1662 doctores3
1422 1579 1587 1646 eteoclem

167 1683 221 1748 die
243 1681 295 1746 vel
316 1679 413 1769 paulo
431 1692 505 1768 post
524 1679 667 1746 decanus
683 1683 716 1743 in
732 1679 886 1745 honorem
904 1679 1021 1762 Lucae,
1046 1678 1306 1766 evangelistaeet
1317 1680 1443 1762 medici,
1455 1691 1585 1768 sumptu
1596 1691 1628 1746 10

168 1782 289 1847 aerarii
310 1778 496 1845 doctoribus
527 1779 567 1844 de
596 1778 730 1845 consilio
756 1778 918 1844 facultatis
947 1801 1078 1844 coenam
1101 1778 1271 1860 exhibeat,
1299 1778 1342 1843 ad
1363 1801 1459 1864 quam
1481 1790 1589 1845 tamen

166 1879 412 1946 benevolentiae
435 1902 534 1944 causa
555 1879 670 1965 reliqui
691 1878 840 1944 doctores
861 1881 940 1942 artis
963 1877 1117 1960 medicae,
1140 1879 1195 1964 qui
1215 1901 1279 1944 non
1300 1888 1375 1943 sunt
1394 1877 1434 1943 de
1455 1879 1589 1944 consilio

171 1979 349 2060 facultatis,
370 1993 410 2060 et,
433 1979 460 2043 si
482 1977 570 2043 locus
592 1980 704 2061 fuerit,
727 1979 825 2042 etiarn
846 1977 1002 2042 licentiati
1024 1978 1165 2042 eiusdem
1192 1978 1272 2042 artis
1293 1979 1424 2043 invitari
1446 1989 1591 2065 possunt.

462 2161 517 2226 IV.
541 2157 585 2248 [S.
603 2157 651 2247 10]
673 2176 742 2226 rso
765 2176 965 2226 coucorou
986 2177 1090 2225 rursu
1111 2176 1306 2227 onerosus.

873 2318 897 2378 1.
1599 2323 1628 2380 15

254 2429 302 2494 111
325 2449 388 2514 qua
409 2427 543 2494 offensio
564 2429 599 2492 in
619 2437 786 2514 posterum
801 2429 884 2492 inter
897 2427 1046 2494 doctores
1060 2427 1183 2494 oboriri
1199 2429 1312 2515 possit,
1333 2428 1479 2494 decrevit
1494 2430 1593 2496 facul·

169 2539 232 2612 tas,
255 2537 299 2612 ut,
321 2529 348 2592 si
370 2529 443 2615 quis
465 2539 598 2592 vocetur
619 2526 663 2592 ad
684 2548 828 2612 aegrum,
848 2549 942 2614 quem
967 2526 1049 2594 alius
1069 2526 1182 2592 doctor
1203 2529 1237 2592 in
1258 2551 1337 2592 cura
1358 2529 1469 2614 habet,
1498 2533 1525 2595 is
1551 2530 1594 2596 ad

172 2651 247 2692 eum
271 2629 382 2692 venire
408 2649 472 2692 non
502 2637 644 2709 recuset,
667 2628 789 2690 sicum
817 2625 981 2692 voluntate
1002 2638 1034 2692 et
1059 2625 1145 2691 bona
1165 2629 1274 2712 gratia
1294 2627 1428 2694 alterius
1451 2630 1594 2697 doctoris

170 2727 206 2791 id
228 2727 293 2792 tiat.

871 2829 898 2890 2.
1602 2839 1636 2896 20

258 2940 354 3021 Quod
383 2944 410 3006 si
438 2944 579 3029 priorem
607 2941 769 3006 dimittere
799 2961 897 3026 aeger
922 2938 1077 3021 voluerit,
1103 2940 1139 3006 id
1159 2963 1225 3007 non
1246 2943 1402 3008 concedat
1423 2946 1514 3028 alter,
1541 2949 1596 3034 qui

176 3043 339 3130 posterius
360 3055 493 3107 vocatus
515 3055 577 3122 est,
606 3043 669 3105 imo
690 3053 818 3104 recuset
839 3061 929 3104 suam
951 3059 1095 3126 operam,
1125 3041 1188 3104 uisi
1219 3043 1309 3126 prior
1330 3045 1426 3109 etiam
1450 3046 1596 3112 medicus

171 3143 357 3208 retineatur.

874 3259 902 3318 3.

256 3375 292 3440 si
321 3397 398 3440 vero
427 3395 524 3459 aeger
556 3372 683 3437 omnino
704 3393 767 3435 non
791 3367 868 3434 velit
894 3368 1034 3456 amplius
1061 3372 1107 3434 uti
1136 3371 1254 3458 prioris
1277 3394 1392 3459 opera,
1415 3381 1483 3440 tum
1513 3376 1638 3444 1111116

174 3500 241 3542 non
264 3474 409 3556 accedat,
431 3474 493 3537 nisi
513 3473 615 3558 priori
636 3468 762 3534 medico
785 3469 985 3535 satisfactum
1007 3470 1104 3535 fuerit
1125 3493 1185 3558 pro
1207 3493 1266 3535 sua
1289 3492 1398 3558 opera.

802 3614 846 3706 [S.
868 3615 915 3706 11]
942 3627 971 3686 4.

262 3739 297 3806 Si
318 3742 390 3828 quis
413 3739 504 3826 prius
526 3735 666 3823 aliquem
690 3738 817 3802 curavit
837 3758 983 3822 aegrum,
1005 3747 1039 3802 et
1058 3737 1200 3804 noudum
1222 3761 1281 3824 pro
1304 3739 1360 3805 1111
1382 3762 1483 3828 opera
1505 3745 1597 3808 satis·

178 3846 303 3908 sactum
323 3841 365 3904 sit
385 3841 465 3926 ipsi,
494 3836 586 3902 etde
607 3858 691 3899 novo
714 3847 827 3922 postea
847 3835 890 3901 ad
912 3837 1048 3902 eundem
1070 3860 1204 3923 aegrum
1226 3851 1369 3924 vocatur,
1391 3841 1487 3906 debet
1509 3841 1598 3906 illum

178 3940 389 4030 gratitudinis
419 3941 511 4025 prius
539 3936 721 4001 admouere.
765 3933 861 4016 Quod
891 3936 918 3999 si
946 3937 989 4000 ad
1018 3937 1103 4002 hanc
1130 3936 1381 4005 admonitionem
1407 3941 1496 4006 illurn
1522 3941 1640 4006 reli-ao

179 4041 287 4130 querit
307 4053 339 4103 et
360 4037 457 4102 alium
484 4037 647 4102 doctorem
670 4037 852 4118 vocaverit,
881 4037 909 4100 is
931 4036 1029 4102 debet
1058 4059 1178 4124 negare
1208 4059 1300 4104 suam
1323 4061 1473 4127 operam,
1496 4040 1599 4106 donec

178 4143 282 4229 priori
303 4139 504 4205 satisfactum
525 4139 576 4203 ait.

875 4257 903 4317 5.

262 4373 296 4438 Si
326 4372 399 4458 quis
429 4393 470 4436 ex
500 4370 608 4454 aegris
629 4379 725 4433 vocat
745 4366 908 4434 doctorem
926 4368 1103 4452 medicum,
1127 4368 1170 4434 ad
1196 4391 1292 4455 quam
1321 4373 1481 4459 principio
1507 4371 1597 4437 seho-

177 4473 257 4538 laris
277 4473 339 4536 fuit
353 4469 527 4554 adhibitus,
549 4469 592 4535 ad
614 4491 686 4533 cum
708 4470 819 4533 venire
842 4465 972 4554 quidem
994 4466 1105 4534 doctor
1126 4466 1231 4554 debet,
1254 4471 1311 4536 sed
1334 4493 1373 4536 ea
1393 4483 1500 4536 tamen
1523 4479 1641 4537 oon-³5

267 4729 277 4778 1
299 4721 400 4792 Spiiter
415 4721 452 4774 ist
470 4719 572 4774 daraus
589 4717 650 4773 eine
667 4723 683 4774 ³
701 4715 838 4788 gemacht.

265 4813 280 4862 ²
297 4807 360 4862 Von
381 4805 496 4860 anderes
513 4802 596 4857 Haud
621 4801 657 4854 ist
681 4801 799 4856 dnrfiber
823 4799 1004 4872 geschrieben
1023 4801 1054 4854 11
1071 4803 1194 4872 1111911111
1219 4804 1280 4874 (der
1296 4803 1360 4874 'Peg
1377 4805 1524 4860 Laurentii
1539 4802 1603 4857 fult

180 4891 232 4948 auf
249 4891 301 4946 den
321 4896 359 4946 10.
375 4891 512 4959 August),
530 4891 624 4956 aptitar
647 4885 684 4938 ist
705 4884 764 4940 dies
792 4904 822 4940 so
847 4885 896 4939 wie
913 4883 962 4939 der
979 4883 1066 4940 Name
1085 4887 1292 4958 emgestrichen
1317 4889 1373 4942 und
1396 4887 1479 4944 defun
1496 4905 1532 4943 an
1548 4889 1602 4943 den

181 4974 262 5030 Rand
279 4971 474 5046 geschriebcn:
500 4971 592 5026 Coeno
610 4977 635 5024 11
652 4971 790 5024 Dumiom'
811 4971 852 5024 od
866 4969 951 5036 finan
976 4969 1142 5040 Septembris
1164 4969 1219 5040 (ihr
1239 4971 1302 5044 Τις
1323 4971 1387 5026 ulit
1411 4972 1464 5029 auf
1485 4973 1538 5028 den
1561 4978 1601 5028 21.

180 5057 370 5130 September);
392 5055 459 5110 aber
483 5053 555 5110 anch
574 5053 632 5108 dies
655 5052 691 5107 ist
715 5053 815 5110 wieder
838 5051 1045 5126 ausgesuichen
1062 5053 1117 5108 und
1135 5053 1218 5110 1111111
1235 5055 1429 5128 geschrieben:
1452 5059 1603 5115 1111111111

180 5141 418 5216 111191111111111.
439 5144 478 5194 15.
499 5139 638 5210 October).
