3748 6070
883 360 938 412 Das
956 359 1077 415 Paulines
1094 361 1198 428 Cellae

947 581 1019 631 Lex
1035 580 1126 632 xm.

416 693 481 775 Qui
502 696 594 760 novis
615 702 690 782 post
710 695 804 760 initia
816 695 1027 760 vexationum
1048 694 1188 782 amplius
1208 693 1346 762 illudere
1368 703 1423 761 aut
1445 693 1487 761 ab
1507 693 1572 760 illis
1593 697 1750 784 impendii

331 791 453 882 aliquid
475 794 606 880 exigere
627 817 723 860 ausus
745 795 851 880 buerit,
871 817 1004 882 grossos
1026 792 1107 859 duos
1128 795 1269 862 mulctae
1288 797 1417 862 nomine
1438 794 1525 861 dato.

949 999 1017 1048 lrex
1036 996 1119 1048 XIV.

289 1121 306 1176 5
414 1109 570 1176 Similiter
593 1120 624 1176 et
645 1112 782 1178 vestium
804 1111 1041 1178 deformitatem
1061 1133 1265 1200 nequaquam
1284 1110 1489 1200 usurpabunt
1509 1133 1615 1202 neque
1636 1113 1670 1177 in
1693 1113 1752 1178 has

329 1209 468 1298 ineptias
495 1212 649 1298 pecunias
678 1212 879 1302 impendent,
909 1211 1026 1302 quibus
1054 1235 1089 1278 se
1116 1211 1283 1278 abundare
1311 1234 1376 1278 non
1407 1211 1559 1276 latentur.
1597 1211 1754 1278 Vestierit

329 1311 428 1396 igitur
449 1309 564 1375 borum
584 1319 767 1399 temporum
794 1311 1031 1396 consuetudine,
1059 1333 1142 1400 quae
1170 1320 1220 1376 est
1247 1335 1319 1376 cum
1339 1309 1495 1376 honestae
1521 1319 1592 1376 tum
1614 1331 1752 1378 commo·

331 1407 393 1473 dae
414 1409 559 1474 rationis.
601 1409 722 1494 Scissa,
749 1411 953 1496 discolorato,
977 1412 1112 1500 alligata
1132 1433 1198 1476 non
1225 1409 1414 1498 gestabunt,
1442 1408 1570 1496 togulas
1599 1433 1677 1477 suas
1704 1413 1752 1477 in-

331 1506 438 1591 duent,
467 1531 532 1573 non
553 1509 699 1574 iniioient
728 1510 885 1598 scapulis,
915 1510 1041 1578 calceos
1070 1513 1117 1576 ita
1144 1507 1390 1575 circumdabunt
1417 1508 1572 1596 pedibus,
1601 1533 1644 1575 ne
1669 1512 1752 1576 inter

290 1618 321 1672 to
329 1605 542 1692 gradiendum
565 1607 765 1692 delabantur,
794 1609 895 1676 libros
915 1621 947 1675 et
968 1611 1114 1675 chartam
1141 1631 1251 1674 secum
1277 1607 1469 1696 portabunt,
1496 1630 1560 1674 non
1580 1633 1691 1694 arma3
1718 1612 1751 1676 in

327 1705 468 1794 publico,
490 1707 559 1772 sive
579 1719 672 1774 erma
693 1711 761 1774 sive
781 1711 868 1776 intra
889 1709 996 1794 aedes,
1018 1709 1141 1798 absque
1161 1709 1279 1776 unicis
1302 1707 1355 1772 vel
1377 1709 1446 1772 sine
1468 1708 1590 1774 amictu
1612 1711 1751 1776 exterio·

327 1828 400 1870 rum
420 1805 559 1871 vestium
579 1830 644 1872 non
665 1807 931 1894 diversabuntur3
956 1808 1107 1874 incedent
1127 1817 1213 1896 apte,
1234 1817 1270 1872 ut
1290 1827 1394 1894 neque
1415 1807 1450 1871 in
1476 1815 1571 1894 gestu
1592 1831 1698 1896 neque
1718 1812 1750 1875 in

327 1905 493 1992 gressione
525 1905 711 1974 deformitas
750 1911 799 1975 sit.
843 1908 936 1990 Quae
970 1910 998 1974 si
1027 1909 1178 1991 fecerint,
1218 1905 1347 1971 laudem
1384 1907 1576 1972 invenerint
1620 1907 1658 1974 Si
1689 1933 1751 1976 non

328 2004 471 2087 iecerint,
493 2006 633 2092 primum
655 2031 675 2072 a
693 2008 858 2091 magistris
879 2007 1113 2074 admoneantur
1132 2016 1229 2094 atque
1250 2004 1480 2092 obiurgentur3
1504 2007 1614 2074 sinon
1633 2007 1752 2075 redditi

291 2114 321 2171 15
329 2104 448 2170 fuerint
468 2105 516 2169 ita
533 2104 692 2190 meliores,
713 2129 734 2171 a
755 2106 1013 2192 delinquentibus
1034 2117 1109 2194 post
1127 2106 1334 2172 monitionem
1354 2107 1528 2192 exigantur
1549 2109 1659 2194 grossi
1681 2107 1750 2176 duo.

960 2309 1029 2359 Lex
1048 2307 1111 2359 XV.

412 2441 603 2530 Quicunque
624 2441 733 2509 cibum
753 2443 787 2508 in
808 2439 1017 2509 contubernio
1029 2437 1167 2506 Paulino
1188 2437 1327 2526 capient,
1348 2458 1422 2502 cum
1436 2438 1603 2505 tenuitatis
1624 2439 1751 2508 illorum

330 2542 413 2606 ratio
435 2539 593 2606 habeatur
614 2549 647 2606 et
666 2542 730 2628 ipsi
751 2537 961 2604 illustrissimi
981 2538 1139 2626 principis
1161 2536 1357 2604 liberalitate
1379 2547 1512 2624 sumptu
1534 2537 1751 2624 subleventur,

329 2663 390 2727 par
412 2662 466 2706 eos
487 2640 583 2705 fuerit
601 2639 821 2707 moderatione
842 2661 902 2703 sua
923 2648 955 2704 ot
974 2637 1170 2702 verecundia
1191 2646 1288 2724 atque
1311 2636 1409 2701 etiam
1430 2634 1599 2703 honestate
1624 2649 1751 2727 gratum

288 2740 473 2806 inanimum
500 2738 541 2805 ob
569 2739 653 2806 banc
679 2737 924 2805 beneficentiam
953 2736 1136 2820 declarare3
1166 2735 1304 2823 ideoque
1330 2736 1474 2824 primum
1501 2739 1627 2824 gratias
1657 2751 1752 2826 agent

329 2839 401 2922 deo,
424 2847 498 2904 ante
518 2848 550 2904 et
571 2849 648 2926 post
668 2838 775 2905 cibum
796 2836 965 2904 laudantes
988 2845 1115 2925 patrem
1136 2836 1258 2905 domini
1278 2835 1382 2902 nostri
1406 2835 1482 2902 Iesu
1506 2833 1641 2920 Christi,
1663 2853 1751 2907 auto

329 2961 398 3004 rem
425 2939 568 3004 omniurn
593 2938 751 3004 bonorum
778 2936 889 3024 (idque
910 2935 951 3002 de
972 2937 1119 3002 instituto
1141 2937 1370 3022 magistrorum
1392 2939 1552 3022 quatuor),
1581 2935 1700 3006 deinde
1719 2941 1752 3004 in

328 3059 440 3116 mensa
460 3059 564 3126 neque
586 3036 681 3103 dictis
702 3057 806 3125 neque
827 3037 922 3102 factis
943 3035 1161 3123 petulantibus
1182 3044 1322 3101 utenbu.
1357 3033 1469 3120 Neque
1490 3035 1666 3123 quiequam
1689 3038 1751 3104 ullo

330 3149 475 3225 tempore
494 3147 550 3203 aut
571 3136 642 3202 loco
656 3138 691 3202 in
710 3135 919 3202 contubernio
941 3136 1101 3220 frangent,
1122 3142 1282 3221 rumpent,
1305 3131 1462 3217 scindent,
1485 3133 1642 3220 polluent,
1661 3140 1750 3202 muti-

288 3237 451 3321 251abunt,
473 3235 699 3304 deformabunt
719 3235 879 3320 iaciendo,
898 3233 1053 3317 feriendo,
1073 3232 1280 3320 impellendo,
1295 3231 1555 3316 contaminando,
1578 3235 1750 3323 pingendo,

327 3336 489 3419 fodiendo,
516 3335 701 3422 scalpendo,
732 3335 869 3424 denique
890 3357 1079 3423 quacunque
1098 3333 1223 3400 ratione
1245 3345 1301 3400 aut
1322 3333 1386 3401 via.
1426 3333 1528 3400 Nemo
1552 3335 1589 3400 in
1615 3335 1750 3402 alterurn

328 3439 500 3526 quicquam
519 3435 714 3502 iaculabitur
736 3436 795 3501 sub
818 3437 911 3501 tectis
932 3442 989 3499 aut
1009 3441 1122 3519 aperto
1144 3431 1242 3498 coelo.
1271 3431 1336 3513 Qui
1355 3431 1469 3503 horum
1488 3432 1614 3523 aliquid
1634 3435 1749 3502 fecisse

328 3538 495 3604 convictus
523 3535 636 3617 fuerit,
670 3534 711 3600 ob
740 3533 889 3623 quodque
920 3533 1072 3605 delictum
1108 3531 1223 3598 solvito
1254 3553 1386 3618 grossos
1421 3531 1503 3600 duos
1535 3544 1568 3601 et
1599 3534 1751 3602 damnum

330 3637 440 3704 datum
463 3644 632 3723 praestare
656 3635 792 3722 cogitor.

288 3780 322 3836 30
959 3769 1028 3820 Lex
1047 3767 1126 3819 xvi.

412 3883 603 3972 Quicunque
624 3883 713 3971 apud
733 3905 918 3950 mensarum
938 3883 1123 3971 praesidem
1143 3903 1200 3948 seu
1220 3903 1429 3950 oeconomum
1448 3882 1650 3963 inscribitur,
1667 3885 1750 3952 bunc

330 3993 456 4074 oportet
482 3994 611 4057 nostrae
638 3983 824 4050 academiae
854 3982 1026 4065 subditum,
1056 3991 1209 4048 consueta
1228 3984 1402 4050 vexatione
1428 3985 1600 4067 initiatum,
1629 3984 1748 4051 habere

330 4091 571 4174 praeceptorem
595 4094 717 4149 certum
739 4093 770 4148 et
791 4105 912 4165 verum,
935 4092 968 4148 et
987 4081 1143 4164 indicare,
1165 4081 1221 4147 ubi
1243 4082 1385 4148 locorum
1407 4083 1541 4168 habitet,
1558 4107 1749 4172 praenume-

331 4205 405 4250 rare
431 4182 583 4270 quioquid
610 4193 717 4270 potest
746 4183 901 4269 pecuniae
926 4203 986 4246 nec
1006 4181 1091 4246 ultra
1117 4203 1259 4248 mensem
1280 4181 1412 4249 differre
1434 4183 1588 4250 debitum.
1630 4185 1702 4250 Hoc
1723 4186 1749 4250 si

290 4295 396 4352 ³⁵n0n
416 4283 505 4366 facit,
527 4269 824 4350 convictu'excludi
845 4291 879 4347 et
898 4281 986 4370 apud
1013 4289 1171 4346 rectorem
1192 4283 1359 4350 conveniri
1385 4305 1554 4373 poenaque
1580 4283 1749 4372 relegatio

332 4385 384 4450 nis
406 4381 553 4448 damnari
574 4385 699 4471 poterit

941 4519 1013 4568 Lex
1030 4517 1130 4568 xv11.

414 4633 479 4716 Qui
505 4632 673 4720 paulisper
697 4633 789 4700 abest
813 4654 874 4699 nec
900 4630 1080 4698 absentiam
1107 4633 1170 4722 ipsi
1198 4632 1342 4720 praesidi
1368 4631 1502 4716 indicat,
1529 4632 1666 4700 habetur
1690 4657 1751 4722 pro

333 4757 382 4818 eo,
404 4735 461 4822 qui
489 4754 645 4821 praesens
666 4746 714 4800 est
736 4744 768 4802 et
795 4734 899 4800 locum
926 4733 1099 4819 pristinum
1127 4735 1251 4800 retinet
1293 4731 1358 4816 Qui
1379 4755 1457 4800 vero
1485 4733 1569 4821 fugit
1595 4743 1653 4800 aut
1677 4757 1751 4822 per

292 4837 434 4902 tumissa
458 4831 607 4900 absentia
632 4854 696 4898 non
722 4835 905 4916 revertitur,
932 4839 989 4897 aut
1016 4833 1132 4919 quovis
1157 4831 1231 4900 dolo
1251 4833 1338 4900 malo
1366 4831 1487 4900 mensis
1508 4831 1663 4900 damnum
1682 4831 1750 4915 dat,
1858 4919 1859 4926 ἵ

330 4937 454 5023 ispost
482 4932 674 5000 monitiones
697 4953 756 5020 per
778 4932 918 4999 edictum
938 4929 1136 5018 relegabitur
1157 4955 1200 5000 ex
1221 4941 1378 5020 perpetuo
1398 4931 1586 5002 academiae
1608 4933 1750 5014 decreto,
1858 4927 1859 4930 '

333 5034 419 5126 quod
440 5033 653 5103 condiderunt
675 5031 843 5100 consilium
863 5040 896 5098 et
913 5030 1100 5098 decemviri.
1858 5061 1859 5068 κ
