3758 6072
364 427 426 497 420
855 423 906 478 ote
929 423 1148 492 philosophialis
1166 423 1293 480 turnus

366 652 395 710 5.
428 662 667 712 nasceremur:
698 661 809 710 FACTA
840 661 981 710 mmlr
1015 662 1241 712 &sumanus
1272 659 1507 712 eructuantes
1538 659 1772 710 munuscmrrs

994 762 1163 812 sturnus.

448 894 547 982 „Ego
575 895 624 960 .N.
654 895 726 960 iuro
753 893 847 959 vobis
874 893 998 958 decano
1024 901 1058 958 et
1085 896 1203 960 vestris
1231 892 1473 960 successoribus
1504 895 1724 960 reverenciam
1747 905 1772 957 et

366 993 588 1060 obedienciam
609 997 645 1059 in
664 994 762 1059 licitis
783 1001 815 1058 et
835 992 993 1076 honestis,
1016 1003 1048 1057 et
1070 1015 1202 1060 servare
1224 1004 1345 1060 statuta
1366 1003 1399 1058 et
1420 994 1592 1060 stamenda
1613 1017 1673 1082 pro
1693 1016 1773 1080 posse

365 1105 398 1158 et
416 1116 522 1176 nosse,
544 1104 576 1158 et
596 1115 774 1181 procurare
795 1092 915 1157 bonnm
935 1091 1098 1158 facultatis
1119 1095 1273 1160 arcium.“

323 1203 341 1257 5
449 1193 552 1277 „Item
573 1194 664 1275 iuro,
689 1191 776 1280 quod
797 1191 883 1256 infra
903 1189 1098 1276 quindenam
1125 1193 1222 1258 velim
1250 1193 1377 1258 solvere
1404 1191 1551 1258 facultati
1572 1215 1674 1258 unum
1694 1192 1772 1258 flore

368 1313 445 1356 num
460 1313 627 1356 renensem
642 1289 695 1356 vel
712 1288 931 1378 aequivalens,
953 1301 986 1357 et
1007 1291 1176 1358 dimidium
1197 1292 1354 1358 florenum
1377 1315 1436 1380 pro
1457 1291 1535 1357 fiseo
1556 1293 1773 1374 universitatis,

365 1389 418 1456 vel
440 1389 585 1456 obtinere
607 1392 675 1456 eius
697 1390 889 1456 dilacionem
909 1391 962 1457 vel
984 1389 1206 1457 dimissionem
1226 1391 1269 1456 ab
1291 1391 1436 1458 eadem.“

448 1489 551 1573 „Item
582 1491 672 1572 iuro,
706 1489 795 1577 quod
824 1491 951 1556 nunciis
986 1489 1056 1555 sive
1092 1489 1220 1556 famulis
1258 1491 1480 1557 universitatis
1518 1489 1670 1555 adminua
1701 1489 1772 1556 dabo

367 1599 507 1676 quatuor
528 1589 589 1675 95.“

327 1731 360 1786 to
452 1727 591 1798 Daaaclr,
609 1725 663 1786 wie
682 1746 714 1785 ee
734 1725 855 1799 sobriat,
870 1745 927 1784 voa
942 1727 1073 1785 eadmer
1087 1725 1186 1783 Haud
1202 1725 1255 1784 mit
1272 1726 1421 1785 klriuerer
1440 1725 1558 1801 Sela-ist
1580 1727 1774 1803 bimuqefilpt:

450 1854 525 1920 Hiis
541 1856 656 1921 iuratis
669 1855 810 1922 decanus
829 1857 965 1922 assumit
983 1852 1216 1939 baccalarium,
1237 1854 1373 1920 dicendo
1394 1878 1546 1938 „assumo
1568 1877 1629 1920 vos
1651 1854 1693 1920 ad
1713 1878 1771 1940 gre

367 1954 467 2020 mium
498 1953 662 2020 facultatis
691 1955 725 2020 in
756 1955 885 2021 nomine
917 1956 1035 2042 patris,
1061 1955 1120 2020 filii
1147 1964 1180 2020 et
1208 1955 1341 2041 spiritus
1370 1955 1525 2019 sancti.“¹
1568 1953 1613 2020 Et
1645 1956 1775 2042 assignat

368 2057 397 2119 ei
426 2054 541 2122 locum.

450 2293 545 2352 Dauo
564 2312 622 2351 voa
634 2293 787 2352 derselben
797 2293 902 2366 Hand,
920 2293 968 2352 die
988 2295 1059 2354 oben
1078 2295 1127 2354 ΒΖ.
1143 2293 1183 2354 9·
1203 2292 1331 2350 Zusct'tae
1352 2293 1416 2350 aad
1437 2291 1486 2350 BL
1505 2288 1563 2352 19¹·
1583 2289 1649 2349 eine
1666 2291 1775 2350 Veraci·

329 2396 359 2452 15
371 2411 448 2468 auaq
467 2398 529 2466 aus
545 2393 625 2452 disse
651 2393 743 2451 Stella
774 2386 966 2469 sisipoti-agea
997 2395 1096 2466 batte,·
1131 2411 1162 2450 es
1191 2391 1230 2449 ist
1261 2391 1490 2450 unoerlcenubar
1521 2389 1570 2448 dic
1600 2391 1653 2448 dea
1674 2389 1777 2448 Mortis

368 2491 528 2550 Furorum
546 2494 582 2551 dc
594 2492 712 2564 Koaftz,
732 2495 787 2550 der
810 2490 911 2556 148312
924 2492 1031 2551 Decea
1052 2511 1127 2551 war.
1169 2489 1229 2549 Dic
1249 2491 1314 2548 bier
1335 2492 1595 2567 nactyetraqencn
1616 2490 1777 2548 Bactlt'uc

367 2590 438 2650 sind
457 2591 533 2650 woltl
552 2610 613 2650 aur
634 2591 697 2648 siue
719 2589 918 2668 Fortsetauaq
939 2594 995 2649 der
1016 2591 1087 2650 obeo
1109 2589 1361 2666 eingesclcobeaen.

369 2731 523 2823 [Bl.22²]
551 2735 735 2817 Statuta,
769 2758 870 2824 quae
900 2758 1040 2801 omnes
1075 2733 1375 2823 promovendos
1408 2733 1674 2820 generaliter
1700 2757 1777 2799 oon-

368 2844 558 2918 cernunt,
590 2855 696 2919 quae
725 2835 853 2900 eciam
881 2858 952 2922 per
981 2836 1176 2901 decanum
1206 2833 1381 2921 legenda
1411 2845 1505 2900 sunt
1532 2835 1574 2898 in
1601 2833 1778 2899 lecciono

325 2940 361 2998 2⁰
955 2945 1208 3000 statutorum.

501 3107 530 3168 6.
559 3117 606 3166 uu
628 3115 926 3166 unsuurmoumus
947 3117 1158 3182 v1s1rsuu1s,
1178 3117 1405 3181 mrmrrarn,
1432 3117 1480 3164 un
1504 3117 1661 3184 sraucu,

817 3217 864 3265 un
883 3216 1139 3266 nmeuraoroun
1163 3215 1343 3264 annornm.

449 3347 598 3432 Placuit,
622 3349 708 3438 quod
730 3371 841 3415 omnes
866 3349 1011 3415 volentes
1042 3351 1229 3437 promoveri
1256 3350 1291 3414 in
1318 3347 1461 3431 artibus,
1489 3359 1557 3414 tam
1586 3373 1648 3438 pro
1679 3351 1779 3416 bacca·

369 3449 489 3515 lariatu
510 3471 608 3537 quam
628 3471 688 3536 pro
712 3451 915 3536 magisterio,
945 3459 1020 3514 ante
1047 3451 1287 3536 promocionem
1307 3449 1440 3514 visitent
1468 3453 1713 3536 resumpciones
1733 3471 1779 3536 pu·

327 3547 474 3614 ttblicas
496 3547 679 3631 facultatis,
701 3547 743 3613 ad
765 3547 934 3614 dimidium
953 3569 1071 3613 annum
1094 3546 1338 3614 baccalariandi
1364 3557 1396 3612 et
1421 3547 1465 3613 ad
1491 3549 1655 3634 integrum
1677 3569 1781 3614 annun

370 3647 604 3734 magistrandi,
630 3647 732 3712 donec
758 3645 896 3712 facultas
919 3646 1013 3712 aliter
1035 3647 1253 3730 ordinaverit3
1290 3658 1322 3712 et
1342 3647 1431 3734 quod
1456 3647 1601 3713 latinitas
1627 3651 1662 3714 in
1689 3647 1781 3712 bursis

372 3747 543 3833 diligenter
567 3745 757 3811 observetur
778 3748 872 3812 iuxta
891 3749 1026 3833 antiqua
1055 3757 1177 3812 statuta
1199 3769 1261 3832 quo
1291 3745 1334 3810 ad
1363 3769 1472 3812 omnes
1500 3755 1569 3812 tam
1589 3747 1779 3813 baocalarios

371 3868 467 3934 quam
489 3843 668 3932 simplices,
692 3867 768 3911 cum
786 3845 934 3933 diligenti
956 3847 1116 3912 serotinae
1143 3846 1378 3933 disputationis
1398 3847 1607 3930 visitacione,
1629 3849 1678 3912 ita
1698 3843 1780 3936 quod,

375 3946 555 4032 quicunque
570 3943 752 4030 neglexerit
767 3948 836 4010 sine
856 3968 954 4010 causa
976 3945 1170 4012 racionabili
1190 3968 1288 4011 unam
1311 3944 1569 4032 disputacionem
1590 3946 1722 4013 totalem
1741 3943 1780 4010 vel
1851 3957 1852 3985 ¹

330 4043 529 4109 tomaiorem
560 4053 708 4130 partem,
739 4047 861 4110 tociens
891 4045 1045 4131 quociens
1071 4047 1105 4110 in
1131 4044 1235 4111 tribus
1263 4045 1406 4110 denariis
1430 4047 1601 4132 puniatur;
1634 4049 1663 4112 si
1688 4057 1781 4111 auten

373 4143 503 4207 omnino
532 4143 701 4230 negligens
728 4144 843 4228 fuerit,
872 4143 1026 4232 impediri
1053 4145 1157 4210 debet
1200 4143 1245 4208 Et
1273 4155 1486 4210 conventores
1513 4145 1659 4212 omnium
1680 4166 1781 4233 appro

372 4239 523 4306 batarum
544 4241 714 4308 bursarum
736 4253 769 4310 et
790 4242 999 4330 collegiorum
1021 4243 1080 4310 sub
1104 4247 1170 4312 suis
1192 4245 1380 4310 iuramentis
1400 4245 1567 4332 praestitis
1586 4243 1729 4310 facultati
1747 4239 1780 4306 ad

373 4339 435 4404 hoc
454 4341 679 4426 exequendum
700 4344 765 4409 sint
791 4345 925 4409 astricti
967 4343 1013 4409 Et
1033 4343 1076 4410 ad
1097 4343 1284 4410 babendum
1307 4345 1479 4408 scienciam
1496 4343 1537 4410 de
1556 4341 1779 4430 negligentibus
1850 4423 1851 4426 Ἴ

373 4437 492 4504 debent
513 4453 725 4508 conventores
746 4446 782 4508 in
803 4441 986 4509 ebdomoda
1014 4442 1065 4508 bis
1092 4442 1145 4508 vel
1171 4454 1222 4510 ter
1250 4441 1501 4530 disputationem
1522 4445 1697 4508 serotinam
1715 4439 1779 4504 visi·

331 4547 445 4605 attare
467 4548 500 4602 ct
526 4536 698 4626 diligenter
724 4544 890 4630 respicere
919 4551 951 4608 st
976 4540 1177 4628 negligentes
1207 4542 1351 4608 studiose
1378 4553 1511 4624 notare,
1539 4543 1588 4606 ita
1614 4551 1651 4608 ut
1670 4540 1781 4627 possint

372 4635 521 4704 facultati
542 4659 599 4702 suo
620 4649 764 4726 tempore
792 4641 1001 4730 respondere.
1042 4639 1087 4706 Et
1114 4651 1151 4706 ut
1176 4641 1258 4707 baec
1285 4643 1519 4727 congruentius
1547 4639 1644 4725 fiant,
1664 4638 1779 4727 placit,

373 4737 460 4826 quod
483 4737 609 4803 stancia
630 4739 866 4826 complencium
887 4762 947 4829 pro
969 4741 1159 4826 magisterio
1181 4750 1213 4806 et
1232 4739 1456 4806 baccalariatu
1476 4741 1517 4806 sit
1538 4742 1573 4806 in
1600 4741 1734 4827 collegiis
1752 4744 1781 4800 et

372 4838 481 4904 bursis
503 4835 711 4924 approbatis,
732 4840 779 4905 ita
800 4839 885 4928 quod
908 4842 1011 4904 eciam
1040 4837 1087 4903 ibi
1114 4861 1215 4905 onera
1239 4838 1384 4906 bursalia
1404 4839 1529 4904 faciant
1550 4850 1583 4906 et
1603 4839 1717 4906 ibidem
1735 4857 1779 4900 oo·

372 4937 512 5020 medant,
534 4935 599 5001 illis
621 4936 766 5021 seclusis,
790 4961 870 5026 quos
893 4949 1047 5004 statutum
1069 4960 1170 5024 supra
1187 4939 1228 5004 de
1252 4941 1377 5004 stanoia
1400 4938 1532 5026 excipit

459 5107 469 5160 t
490 5101 545 5158 Die
562 5101 661 5157 Worte
684 5103 713 5156 ia
730 5103 838 5158 nominc
856 5109 908 5159 etc.
928 5101 989 5157 sind
1009 5101 1086 5158 mehr
1102 5121 1136 5158 au
1153 5103 1282 5160 errathen
1300 5104 1342 5160 als
1359 5121 1394 5160 au
1411 5103 1494 5162 lesen.
