3794 6066
816 395 872 446 Des
892 395 1026 446 lohannes
1043 396 1123 448 Fabri
1141 396 1175 446 de
1192 395 1307 448 Werdea

567 586 616 648 50.
649 595 844 644 maron
864 594 933 644 rso
955 592 1288 644 cousrmrrounsus
1306 591 1379 642 ror
1398 593 1547 644 amunte.

427 710 563 776 Mandat
574 711 722 777 omnibus
734 719 810 777 etc:
833 720 989 799 quatenus
1004 709 1128 775 nullum
1140 708 1286 796 ipsorum
1299 708 1524 774 conventicula
1533 731 1592 774 seu
1604 708 1766 795 conspira-

344 814 450 878 tiones
470 811 601 898 (quibus
615 833 683 898 pax
696 819 727 875 et
740 810 1075 887 eoncordiaviolatur)
1092 811 1193 874 faciat
1207 817 1262 873 aut
1276 807 1341 873 illis
1355 807 1597 897 quomodolibet
1611 809 1767 872 interesse

345 921 548 1000 praesumat,
576 907 661 999 [22¹¹]
695 931 799 997 neque
826 912 924 976 etiam
954 910 1096 999 aliquem
1126 909 1179 974 vel
1212 908 1338 996 aliquos
1370 907 1414 974 ad
1445 907 1505 973 bas
1532 907 1701 975 faciendas
1722 907 1767 972 di·

322 1023 438 1078 trecte
458 1009 511 1077 vel
530 1010 686 1077 indirecte
705 1009 838 1075 inducat
858 1033 917 1075 seu
937 1008 1167 1100 quovismodo
1188 1007 1326 1091 alliciat,
1350 1007 1411 1074 sub
1431 1030 1537 1096 poena
1557 1029 1618 1096 per
1640 1009 1767 1073 univer·

346 1115 475 1179 sitatem
503 1109 656 1176 dictando
681 1118 713 1175 et
739 1109 1047 1175 contrafacientibus
1076 1109 1264 1196 infligenda.
1307 1107 1344 1174 Si
1363 1129 1441 1173 vero
1461 1106 1596 1197 aliquod
1618 1110 1767 1196 supposi-

342 1223 411 1277 tum
430 1211 651 1276 universitatis
674 1231 746 1274 sese
766 1211 801 1274 in
821 1231 1013 1295 quacunque
1032 1231 1132 1274 causa
1150 1217 1323 1296 gravatum
1338 1211 1476 1276 senserit
1487 1218 1544 1274 aut
1556 1210 1766 1296 reputaverit,

343 1311 425 1378 illud
446 1309 533 1375 idem
553 1308 717 1376 dominum
738 1321 896 1375 rectorem
915 1307 1076 1396 intrepide
1097 1309 1247 1376 accedat:
1268 1319 1300 1374 et
1321 1308 1426 1374 eidem
1445 1331 1545 1375 corma
1564 1310 1767 1396 gravaminis

343 1408 526 1477 huiusmodi
546 1410 731 1496 proposita,
752 1407 793 1474 de
815 1431 897 1496 pace
917 1408 1055 1496 talisque
1076 1410 1277 1494 gravaminis
1297 1409 1480 1475 sublatione
1498 1407 1675 1474 salubriter
1695 1431 1767 1496 prc-

303 1509 482 1592 revidebit,
510 1508 563 1573 vel
584 1507 698 1573 saltem
720 1512 750 1574 ei
769 1531 828 1596 per
849 1507 1016 1574 consilium
1037 1510 1275 1593 univcrsitatis,
1304 1511 1333 1575 si
1352 1532 1434 1598 opus
1454 1509 1569 1593 fucrit,
1595 1506 1766 1596 provideri

342 1609 517 1696 vigilanter
535 1608 733 1696 procurabit.
773 1608 897 1674 Datum
916 1619 976 1674 etc.

340 1785 388 1845 51.
416 1794 611 1844 munerun
631 1794 679 1842 on
702 1793 884 1843 concauus
906 1793 1079 1842 susormo
1093 1793 1256 1842 rannone
1271 1791 1411 1842 naamis
1424 1792 1529 1842 notus
1544 1791 1767 1842 maenarum

643 1894 689 1940 nr
710 1893 783 1942 rou
802 1891 968 1942 vaomsoo
989 1891 1079 1941 eosr
1102 1893 1308 1942 cnausunau
1330 1891 1460 1942 sonora

426 1993 509 2061 oum
541 2014 646 2080 nuper
677 2015 738 2080 per
764 1991 933 2090 consiliupr
959 1993 1181 2057 universitatis
1207 1991 1410 2061 concorditer
1439 1991 1628 2058 conclusum
1657 1993 1764 2076 merit,

302 2095 431 2184 15quod
460 2092 598 2180 collegia
625 2102 657 2158 et
685 2091 804 2158 bursae
832 2115 892 2180 per
913 2092 1156 2157 universitatem
1177 2091 1379 2179 approbatae
1399 2093 1440 2160 ob
1462 2102 1568 2158 certas
1587 2093 1764 2160 rationabi-

341 2196 452 2281 lesque
472 2215 511 2259 ac
531 2203 683 2280 urgentes
705 2215 819 2258 causas
842 2191 983 2257 serotino
1004 2201 1151 2278 tempore
1171 2203 1246 2258 ante
1267 2191 1382 2258 boram
1402 2214 1523 2258 nonam
1544 2214 1604 2280 per
1626 2215 1763 2259 conven-

341 2309 429 2363 tores
458 2303 491 2360 et
508 2304 652 2359 rectores
672 2291 915 2380 praedictorum
934 2291 1079 2356 locorum
1101 2292 1208 2357 claudi
1229 2291 1370 2358 debeant
1390 2302 1423 2357 ct
1444 2293 1561 2376 serari,
1589 2305 1764 2381 eapropter

347 2421 387 2462 ex
409 2396 540 2460 decreto
561 2393 703 2480 praefati
723 2391 848 2457 consilii
868 2391 916 2456 .N.
939 2401 999 2458 etc.
1018 2401 1126 2458 rector
1153 2393 1287 2458 mandat
1311 2390 1460 2460 omnibus
1481 2401 1514 2456 et
1535 2393 1674 2479 siugulis
1696 2397 1763 2460 uni-

342 2496 507 2560 versitatis
533 2493 677 2558 eiusdem
704 2502 779 2556 etc:
808 2500 966 2578 quatenus
996 2491 1119 2556 nullum
1145 2494 1291 2579 ipsorum
1317 2492 1470 2580 deinceps
1501 2502 1578 2578 post
1604 2497 1765 2581 praescri·

301 2604 434 2683 20pta1n
453 2594 568 2660 horam
587 2615 706 2657 nonam
725 2591 849 2678 absque
872 2590 1059 2656 rationabili
1083 2601 1116 2657 et
1135 2591 1282 2678 legitima
1299 2614 1398 2658 causa
1415 2593 1450 2656 in
1472 2592 1589 2679 plateis
1608 2592 1663 2658 vel
1682 2590 1764 2681 [23⁸]

343 2696 424 2760 vicis
446 2693 627 2781 praesentis
647 2689 760 2777 oppidi
779 2691 895 2777 vagari
915 2699 1113 2777 praesumat,
1135 2714 1246 2756 verum
1265 2692 1374 2778 potius
1392 2693 1596 2780 praescripto
1609 2701 1765 2780 ternpore,

342 2819 383 2860 ne
411 2791 592 2882 periculum
620 2813 677 2856 seu
702 2789 855 2854 damnum
875 2788 1006 2874 aliquod
1025 2791 1186 2874 incurrat,
1215 2793 1249 2856 in
1270 2789 1342 2857 loco
1365 2813 1444 2858 suae
1463 2791 1677 2858 habitationis
1698 2794 1765 2858 sive

341 2897 479 2960 stantiae
499 2914 570 2958 sese
591 2891 764 2956 contineat
804 2887 872 2954 Sub
892 2910 998 2977 poena
1016 2891 1112 2954 unius
1133 2888 1247 2958 floreni
1267 2901 1326 2958 etc.
1422 2921 1425 2928 ·

339 3067 389 3126 52.
417 3076 612 3126 maron
634 3073 682 3121 ou
703 3073 807 3122 sams
828 3072 900 3121 ror
922 3073 1128 3140 eosraums,
1150 3075 1280 3124 suerro
1302 3075 1375 3125 uos
1396 3075 1567 3125 aurarum
1587 3077 1762 3140 cunrsous

297 3167 333 3226 25
891 3171 963 3222 roa
984 3174 1212 3223 nuscanum.

421 3275 559 3342 Mandat
585 3274 733 3341 omnibus
760 3283 835 3339 etc:
872 3281 1031 3362 quatenus
1061 3273 1183 3340 nullum
1216 3276 1360 3363 ipsorum
1390 3275 1544 3364 deinceps
1578 3279 1613 3343 in
1648 3277 1765 3366 plateis

341 3376 393 3443 vel
414 3379 495 3442 vicis
515 3377 610 3442 huius
633 3373 749 3462 oppidi
769 3371 907 3460 gladios,
930 3371 1083 3456 cultellos,
1106 3377 1263 3461 pugiones
1286 3385 1342 3440 aut
1364 3396 1573 3461 quaecunque
1585 3377 1654 3443 alia
1672 3401 1763 3443 arma

342 3476 480 3560 deferat,
508 3475 561 3541 vel
589 3485 712 3540 mutato
743 3471 857 3538 habitu
883 3493 941 3536 seu
966 3474 1050 3538 t'aoie
1078 3473 1186 3538 velata
1213 3473 1391 3562 praedictis
1412 3477 1447 3539 in
1465 3474 1545 3540 loeis
1566 3477 1684 3562 vadat,
1714 3476 1765 3544 vel

342 3575 500 3642 clamores
522 3573 696 3640 horribiles
715 3594 805 3638 more
824 3593 1020 3658 onagrorum
1042 3576 1205 3638 nocturnis
1227 3573 1430 3662 temporibus
1444 3577 1573 3659 excitet,
1593 3599 1656 3642 nec
1670 3576 1765 3643 ludos

298 3675 474 3742 willicitos
502 3684 653 3740 exerceat
678 3672 730 3737 vel
754 3674 789 3736 in
819 3669 964 3736 tabernis
987 3675 1167 3758 praesentis
1189 3673 1302 3761 oppidi
1322 3684 1379 3739 aut
1399 3673 1549 3740 villarum
1569 3699 1628 3742 seu
1650 3677 1762 3742 subur-

342 3774 472 3840 biorum
493 3771 598 3838 eidem
620 3771 741 3859 oppido
763 3771 1063 3835 circumiacentium
1083 3771 1221 3855 latitare,
1244 3783 1300 3838 aut
1320 3795 1531 3863 quaecunque
1548 3774 1664 3842 illicita
1684 3775 1765 3842 inibi

341 3883 532 3960 perpet-are
554 3870 692 3953 studeat,
714 3891 774 3935 nec
794 3871 893 3934 etiam
913 3868 1034 3935 incolas
1057 3869 1150 3936 huius
1173 3872 1287 3959 oppidi
1308 3884 1364 3938 aut
1386 3897 1591 3962 quoscunque
1612 3875 1696 3940 alios
1714 3875 1766 3939 vel

341 3974 375 4036 in
401 3973 550 4059 personis
578 3969 632 4036 vel
659 3969 758 4034 rebus
784 3967 956 4035 molestare
983 3992 1039 4034 seu
1066 3969 1275 4036 damnificare
1305 3985 1508 4060 praesumat,
1546 3997 1607 4041 nec
1637 3976 1765 4040 iniuriis

343 4071 588 4159 quibuscunque
608 4069 739 4136 afficere
760 4068 889 4134 audeat
931 4068 1000 4134 Sub
1021 4092 1129 4157 poena
1148 4072 1243 4136 unisse
1263 4071 1378 4138 floreni
1398 4083 1459 4140 etc.

299 4247 334 4305 ³5
582 4243 632 4306 53.
665 4253 861 4303 moeson
879 4254 926 4302 on
947 4255 1165 4304 susrnrsons
1187 4256 1259 4304 rou
1280 4258 1526 4308 orrmvnsrvoo

422 4369 558 4438 Mandat
581 4371 731 4438 omnibus
758 4381 833 4438 eto:
867 4381 1024 4459 quatenus
1050 4373 1171 4438 nullum
1196 4374 1343 4460 ipsorum
1374 4372 1528 4462 deinceps
1557 4384 1764 4442 executorem

341 4471 500 4554 iustitiae,
533 4493 627 4560 quem
656 4471 779 4538 lictoris
813 4467 899 4558 [23¹³]
932 4475 1061 4538 nomine
1093 4473 1226 4560 quidam
1261 4471 1445 4560 appellant,
1485 4472 1562 4539 dum
1589 4498 1682 4541 reum
1709 4475 1764 4540 ali-

343 4595 450 4658 quem,
469 4592 528 4660 pcr
549 4573 738 4638 sententiam
760 4572 856 4638 morti
877 4568 1054 4654 addictum,
1075 4594 1183 4659 poena
1201 4573 1346 4638 iniuncta
1366 4573 1497 4640 afficere
1514 4577 1710 4660 temtaverit,
1731 4577 1764 4640 in

343 4674 499 4738 exercitio
520 4670 710 4755 actibusque
731 4674 799 4738 suis
820 4673 935 4759 quovis
956 4671 1052 4736 modo
1071 4671 1245 4758 impediat,
1271 4671 1340 4756 vel,
1367 4674 1450 4738 siin
1470 4675 1661 4760 exequendo
1683 4699 1763 4764 opus

298 4779 436 4838 wsuum
456 4771 625 4858 negligens
647 4781 703 4836 aut
722 4771 912 4858 imprudens
933 4783 1082 4859 repertus
1102 4771 1213 4854 fiserit,
1233 4781 1419 4859 percutere,
1441 4777 1569 4859 iacere,
1590 4777 1763 4844 vulnerare
1882 4801 1883 4810 2

343 4872 394 4938 vel
416 4871 564 4938 occidere
585 4881 786 4957 praesumat,
818 4893 880 4936 nec
900 4873 1008 4958 ipsum
1027 4869 1236 4936 iudicandum
1257 4875 1298 4951 (si
1325 4895 1404 4939 casu
1429 4875 1590 4962 aufugerit
1609 4877 1663 4942 vol
1690 4899 1762 4943 eva·

341 4975 430 5052 serit)
453 4972 637 5054 defendere,
659 4971 847 5054 conducere,
869 4980 1041 5058 protegere
1063 4969 1116 5035 vel
1136 4981 1305 5059 receptare
1326 4972 1462 5040 studeat.
1496 4973 1565 5041 Sub
1586 4999 1695 5064 poena
1716 4999 1762 5042 re

342 5071 525 5158 legationis.
566 5071 690 5137 Datum
712 5081 772 5136 etc.
