3748 6070
330 475 391 544 278
912 479 969 530 Das
986 475 1189 544 Frsuencolleg.

329 667 380 724 ter
410 657 605 746 multiplices
636 657 843 726 difficultates
873 667 948 726 sunt
978 659 1239 743 accommodata,
1271 659 1375 724 cuivis
1408 667 1517 726 tammr
1537 661 1572 726 in
1593 659 1764 748 collegium

331 767 482 846 cooptato
496 810 502 822 .
574 780 613 824 ea
635 769 721 825 esset
740 760 927 826 iurandum:
948 783 985 826 re
1004 759 1140 826 multum
1152 757 1273 848 diuque
1286 756 1475 842 deliberata,
1497 761 1652 848 perlectis
1672 769 1765 846 atque

331 855 506 942 diligenter
524 859 679 944 expensis
701 860 783 946 ipsis
803 858 970 926 veteribus
999 862 1138 943 statutis,
1165 859 1355 925 fundatione
1376 868 1409 924 et
1428 858 1532 924 literis
1560 861 1716 948 antiquis,
1736 869 1765 924 et

332 955 426 1022 simul
447 955 661 1023 consideratis
692 957 790 1046 longa
810 962 876 1025 iam
900 958 1131 1026 consuetudine
1151 959 1344 1024 introductis
1367 967 1398 1022 et
1420 957 1574 1024 obtentis:
1607 957 1765 1025 indicavi-

288 1065 305 1122 5
331 1079 414 1138 mus,
445 1077 486 1121 ea
515 1055 659 1122 tollenda
688 1079 770 1142 esse,
799 1081 882 1144 quae
907 1058 960 1124 vel
983 1055 1027 1146 [2]
1048 1059 1267 1124 conscientiae
1288 1056 1428 1144 aliquem
1450 1079 1605 1145 scrupum
1634 1059 1766 1123 iniicere

329 1155 382 1221 vel
403 1155 454 1220 his
475 1157 675 1242 temporibus
697 1179 762 1222 non
783 1159 861 1222 satis
884 1179 1064 1244 congruere
1084 1157 1290 1224 videbantur.

412 1254 508 1319 Anno
530 1257 641 1340 itaque
661 1255 831 1322 millesimo
855 1259 1112 1346 quingentesimo
1130 1258 1400 1346 quinquagesimo
1418 1267 1534 1322 octavo
1556 1265 1635 1343 post
1654 1265 1763 1321 natum

330 1357 363 1420 in
385 1354 481 1418 terris
502 1351 605 1420 filium
629 1355 692 1436 dei,
716 1355 768 1421 die
790 1355 823 1422 S.
845 1356 1006 1423 Matthaei
1028 1356 1177 1444 apostoli,
1207 1377 1279 1422 cum
1300 1357 1507 1446 praepositus
1529 1365 1618 1422 esset
1640 1353 1764 1442 collegii

330 1453 433 1519 nostri
468 1453 665 1518 reverendus
703 1477 742 1519 ao
778 1455 978 1520 clarissimus
1009 1457 1071 1541 vir,
1108 1455 1258 1522 dominus
1292 1455 1559 1522 Bartholomaeus
1591 1453 1764 1520 Rnnbaum

292 1563 323 1618 10
331 1553 518 1634 Iauravius,
557 1575 582 1620 s.
619 1552 804 1639 theologiae
842 1554 970 1637 doctor,
1013 1565 1190 1621 convocato
1226 1577 1287 1642 per
1322 1565 1466 1622 tenorem
1501 1564 1534 1619 et
1568 1563 1764 1640 congregato

331 1651 481 1738 collegio,
510 1651 660 1718 omnibus
690 1652 964 1719 consentientibus
997 1663 1029 1720 et
1055 1655 1184 1720 nemine
1215 1654 1458 1721 conhadieente
1486 1652 1676 1719 conclusum
1706 1653 1763 1717 fnit

330 1761 364 1818 et
385 1752 560 1835 decretum,
579 1762 617 1817 ut
637 1753 671 1817 in
693 1762 859 1840 posterum
882 1775 966 1841 quae
986 1765 1164 1842 sequuntur
1188 1765 1310 1820 statuta
1332 1777 1353 1819 a
1367 1751 1512 1842 quolibet
1532 1751 1611 1818 hnic
1630 1751 1764 1838 collegio

328 1849 485 1917 obstricto
507 1873 568 1938 pro
587 1851 675 1916 virili
697 1852 920 1918 custodiantur
946 1861 978 1917 et
1000 1852 1223 1920 observentur.

413 1952 440 2016 1.
462 1949 743 2031 Quemadmodum
765 1950 920 2018 hactenus
937 1952 1148 2018 observatum
1169 1954 1239 2037 fuit,
1262 1963 1298 2018 ut
1322 1952 1463 2041 quinque
1484 1950 1636 2036 magistri
1658 1947 1763 2014 Silesii

293 2051 368 2116 ltin
390 2048 527 2136 collegio
549 2051 612 2116 isto
643 2050 787 2137 collegae
808 2063 917 2117 essent
944 2061 976 2116 et
1002 2075 1085 2117 unus
1105 2052 1278 2136 Prutenus,
1308 2048 1351 2141 [3]
1381 2053 1437 2141 qui
1464 2061 1573 2116 tanmn
1600 2071 1643 2114 ex
1671 2047 1764 2114 bene-

330 2148 474 2214 volentia
497 2171 625 2236 semper
644 2161 794 2238 receptus
816 2160 881 2216 est:
917 2152 965 2216 ita
987 2154 1085 2216 etiam
1110 2151 1274 2238 deinceps,
1296 2153 1366 2217 sive
1386 2150 1440 2216 hic
1460 2149 1595 2238 Lipsiae
1617 2171 1763 2236 perman·

332 2250 411 2314 serit
442 2245 630 2335 collegium,
668 2251 737 2314 sive
768 2246 832 2314 alio
866 2249 899 2314 in
933 2250 1083 2318 Silesiam
1112 2250 1165 2316 vel
1197 2251 1340 2338 Pragam
1373 2249 1549 2315 secundnm
1580 2247 1763 2314 fraudatoris

332 2347 562 2431 liberalissimi,
593 2347 625 2413 d.
652 2347 804 2414 lobannis
827 2348 956 2415 Ottonis
979 2350 1019 2415 de
1040 2347 1279 2437 hidnsterberg,
1308 2373 1332 2415 s.
1354 2347 1538 2434 theologiae
1569 2348 1763 2436 professoris

332 2457 364 2512 et
385 2449 482 2534 primi
509 2449 543 2512 in
569 2447 632 2512 hae
660 2449 830 2513 academia
857 2451 1004 2534 rectoris,
1033 2449 1179 2514 mamam
1200 2449 1400 2514 voluntatem
1421 2449 1518 2514 fuerit
1544 2447 1764 2530 translatum¹,

293 2545 472 2612 toenndem
494 2568 663 2611 numerum
685 2547 834 2612 volumus
855 2549 998 2613 retineri.

416 2645 459 2710 Π.
489 2643 619 2710 Mortuo
646 2655 703 2710 aut
733 2649 920 2732 resignante
948 2646 1067 2736 aliquo,
1095 2647 1212 2735 reliqui
1240 2645 1386 2732 collegae
1413 2645 1525 2712 liberis
1553 2655 1585 2710 et
1612 2643 1763 2731 legitimis

335 2744 498 2830 suffragiis
529 2743 651 2829 eligant
683 2743 781 2812 elium
812 2748 1021 2832 magistrum,
1054 2767 1148 2834 quem
1176 2745 1320 2811 maxime
1347 2745 1498 2811 idoneum
1529 2765 1602 2810 esse
1630 2743 1763 2830 collegio

332 2843 558 2926 iudicaverint,
587 2844 677 2908 cuius
705 2847 783 2928 vita,
814 2845 956 2910 studium
980 2853 1012 2910 et
1037 2867 1143 2912 mores
1171 2845 1291 2930 integri
1319 2845 1383 2909 sint
1411 2853 1442 2909 et
1474 2842 1618 2930 probati,
1649 2846 1763 2933 quique

335 2952 449 3008 contra
470 2941 599 3029 collegii
620 2942 786 3010 libertates
806 2943 886 3010 nihil
908 2945 1082 3010 tentaverit
1103 2955 1162 3010 aut·
1178 2944 1310 3010 molitus
1332 2947 1382 3010 sit.

291 3049 324 3106 25
416 3041 472 3106 Ill.
499 3041 544 3106 Et
565 3043 599 3106 in
621 3042 679 3108 tali
702 3043 857 3110 electione
884 3045 1090 3132 praepositus
1118 3047 1243 3133 primus
1264 3041 1308 3132 [l]
1330 3042 1419 3108 dicat
1446 3063 1537 3106 suam
1559 3043 1762 3124 sententiam,

332 3151 364 3206 et
384 3142 412 3206 si
433 3141 589 3227 suffragia
609 3141 729 3208 brerint
755 3143 914 3229 aequalia,
938 3151 1131 3230 potestatem
1157 3142 1277 3208 habeat
1299 3139 1510 3224 decernendi3
1538 3141 1588 3205 sin
1612 3163 1693 3206 vero
1716 3143 1758 3206 in·

333 3239 481 3326 aequalia
502 3241 631 3324 firerint,
652 3251 800 3308 teneatur
820 3265 892 3307 eam
914 3252 1051 3330 partem,
1075 3265 1159 3330 quae
1179 3243 1281 3310 vincit
1302 3261 1447 3323 numero,
1470 3238 1670 3326 approbare.

415 3339 542 3421 Quodsi
556 3342 738 3427 contigerit,
760 3351 795 3406 ut
810 3341 971 3406 Prutenus
992 3351 1061 3406 tum
1081 3343 1238 3429 temporis
1255 3343 1298 3408 sit
1319 3341 1536 3427 praepositus,
1557 3337 1645 3406 illius
1661 3341 1762 3405 vicem

331 3450 425 3526 gerat
450 3462 532 3505 unus
554 3439 752 3527 collegarum
773 3463 815 3506 ex
838 3439 974 3523 Silesiis,
1001 3463 1022 3506 a
1045 3439 1180 3526 collegio
1202 3439 1346 3526 legih'me
1373 3437 1558 3526 deputatus,
1586 3450 1618 3505 et
1644 3441 1764 3529 praesit

292 3539 493 3605 ³0electioni.

415 3637 488 3704 ΠΠ.
511 3638 585 3704 Sint
598 3640 696 3704 etiam
717 3637 853 3724 obligati
875 3637 1018 3725 collegae
1039 3660 1151 3704 omnes
1173 3647 1205 3702 et
1226 3637 1355 3725 singuli,
1375 3647 1411 3702 nt
1432 3635 1472 3702 de
1494 3635 1658 3722 eligendo,
1681 3647 1764 3702 ante

334 3760 431 3827 quam
459 3737 617 3822 suffragia
642 3729 803 3820 ferantur,
842 3759 925 3822 quae
951 3737 1004 3804 vel
1036 3739 1101 3825 ipsi
1128 3738 1259 3824 cognita
1288 3736 1409 3802 habent
1435 3735 1488 3800 vel
1516 3757 1537 3800 a
1564 3735 1632 3802 lide
1661 3737 1764 3824 dignis

334 3845 538 3924 acceperunt,
560 3833 713 3916 indicent,
735 3857 777 3900 ne
796 3835 864 3900 ulla
883 3844 959 3901 note
979 3835 1115 3922 collegio
1136 3838 1286 3902 inuratur
1307 3845 1443 3924 propter
1463 3835 1570 3900 minus
1592 3834 1762 3924 probatum

335 3934 501 4020 collegam.
543 3933 587 3998 Et
620 3934 676 4021 qui
707 3933 830 4022 aliquid
863 3934 1079 4000 eliminaverit
1111 3957 1153 4001 ex
1184 3937 1234 4016 iis,
1267 3955 1351 4022 quae
1379 3934 1464 4000 ultro
1496 3935 1646 4022 citroque
1679 3935 1764 4001 dicta

299 4033 481 4114 ttfirenmt,
502 4033 637 4119 periurii
659 4055 733 4098 reus
756 4043 834 4117 esto,
860 4035 929 4100 sive
951 4033 1109 4122 procedat
1131 4034 1244 4100 electio
1267 4035 1337 4099 sive
1356 4033 1600 4101 intermittatur.

416 4131 456 4197 V.
480 4129 525 4220 [S.
548 4128 578 4219 5]
603 4130 668 4212 Qui
688 4131 810 4199 electus
831 4135 933 4200 estin
955 4134 1124 4220 collegam,
1152 4133 1284 4216 famulo,
1313 4157 1372 4222 per
1402 4155 1497 4222 quem
1525 4131 1569 4198 ad
1597 4131 1763 4220 collegium

335 4237 481 4314 vocatur,
503 4233 611 4296 atatim
635 4231 788 4299 exhibeat
807 4233 878 4300 flor.
897 4234 1028 4300 rhenan.
1050 4243 1081 4298 et
1101 4255 1251 4320 grossum
1272 4243 1471 4320 argenteum.

826 4417 1056 4466 murmannus!
1078 4413 1263 4465 coornent.

422 4527 515 4614 „Ego
538 4528 588 4593 .N.
609 4529 692 4614 iuro,
715 4531 802 4620 quod
824 4531 991 4597 libertates
1020 4540 1052 4596 et
1079 4531 1247 4598 commoda
1274 4533 1416 4598 nationis
1444 4553 1537 4597 meae
1558 4531 1657 4598 velim
1684 4532 1762 4596 tueri

295 4639 377 4695 loac
398 4625 573 4692 defendere
603 4637 635 4692 et
657 4629 783 4718 collegii
805 4632 899 4696 huius
920 4631 1077 4696 utilitates
1103 4653 1223 4717 augere
1250 4654 1290 4696 ac
1316 4631 1496 4718 provehere
1521 4654 1581 4718 pro
1602 4631 1698 4714 virili,
1723 4627 1762 4694 ad

337 4745 561 4820 quemcunque
589 4733 706 4792 stabim
732 4741 787 4795 ant
811 4730 1000 4817 dignitatern
1028 4751 1217 4816 pervenero.
1259 4729 1367 4819 Atque
1394 4731 1492 4796 etiam
1519 4753 1569 4813 ea,
1594 4714 1678 4818 qnae
1701 4731 1761 4794 iam

337 4837 459 4895 statuta
480 4833 555 4892 sunt
580 4823 631 4890 vel
660 4825 812 4916 deinceps
840 4853 898 4916 per
924 4831 1081 4896 maiorem
1109 4828 1237 4916 collegii
1264 4839 1392 4916 partem
1414 4838 1597 4896 statrrentur
1618 4840 1674 4896 aut
1694 4851 1760 4896 con·

417 5065 426 5115 l
449 5059 524 5116 Dese
542 5057 618 5113 dieas
629 5055 805 5132 Auffassnng
822 5057 912 5116 falech
928 5059 974 5129 ist,
993 5055 1043 5115 nie
1060 5057 1146 5115 echon
1163 5058 1215 5114 das
1233 5057 1292 5115 hier
1310 5057 1478 5128 gebrauchte
1489 5061 1573 5118 Wort
1592 5059 1760 5117 hinreicheud

336 5143 457 5215 δοκοίη,
475 5142 548 5202 habe
566 5141 612 5199 ich
628 5141 700 5199 oben
716 5143 933 5217 nachgeniesen.
