3748 6070
301 407 362 470 260
856 404 911 454 Das
930 403 1019 456 hlaine
1037 402 1144 468 Colles.

302 607 425 673 proque
448 584 594 648 semestri
615 583 757 670 hyemali
783 583 965 650 distribuat
1008 583 1101 664 Quae
1123 605 1203 648 vero
1227 581 1346 649 deinde
1371 581 1414 648 ad
1435 581 1609 648 Michaelis
1631 581 1727 648 ferias

301 695 333 748 et
354 696 500 770 tempore
522 685 669 770 sequenti
691 682 735 748 ad
755 683 852 748 finem
872 703 974 768 usque
995 683 1072 746 anni
1092 703 1134 746 ex
1146 681 1352 766 Weisenfels,
1374 680 1537 766 Mitvvede,
1559 682 1726 768 precariis,

300 783 405 848 tribus
428 784 524 869 pagis
545 791 576 845 et
597 805 639 846 ex
652 781 786 869 Torgeu
807 782 979 870 acceperit,
1001 803 1041 846 es
1062 779 1105 846 ad
1127 788 1284 846 aestatem
1305 781 1502 868 pertinentia
1525 802 1587 868 pro
1606 780 1727 845 aestivo

301 881 451 948 semestri
473 878 608 946 dividat.

868 1013 916 1062 DE
938 1012 1164 1061 cunvlstsrtw.

876 1133 1043 1181 statutum
1064 1130 1157 1180 XXV.

384 1244 428 1334 [S.
452 1245 503 1332 30]
533 1245 750 1312 Cervisiarins
774 1245 852 1332 eligi
872 1243 969 1309 debet
990 1242 1150 1308 Kalendis
1172 1243 1269 1308 Mart.
1311 1243 1413 1310 Cuius
1434 1242 1565 1330 quidem
1588 1243 1728 1308 officium

300 1346 363 1411 hcc
382 1348 453 1429 erit,
475 1355 520 1428 ut,
541 1355 674 1431 recepta
700 1345 839 1430 pecunia
861 1365 903 1407 ex
924 1342 1004 1408 fisco
1034 1363 1094 1427 pro
1121 1341 1258 1408 arbitrio
1286 1343 1490 1408 dominorum
1520 1341 1561 1406 de
1583 1342 1728 1428 collegio,

301 1447 473 1511 cervisiam
500 1444 619 1510 honam
641 1453 766 1508 mature
789 1449 957 1528 comparet
982 1451 1013 1505 et
1034 1439 1155 1504 vendat
1181 1462 1240 1526 per
1262 1442 1461 1526 pincernam,
1490 1442 1634 1506 rationes
1659 1439 1727 1506 dili-

260 1552 414 1628 togenter
428 1543 565 1629 singulis
587 1543 701 1608 diebus
720 1551 752 1606 et
772 1540 812 1605 de
835 1539 970 1626 singulis
984 1539 1084 1620 vasis,
1104 1538 1252 1604 adhibito
1273 1561 1401 1627 semper
1417 1562 1481 1606 uno
1496 1540 1577 1604 alio¹
1590 1539 1723 1624 collega,

300 1651 400 1728 ponat
421 1653 453 1707 et
474 1640 666 1707 conscribat
688 1638 832 1705 Vendita
847 1660 925 1704 vero
939 1639 1027 1704 omni
1047 1639 1196 1718 cervisia,
1216 1639 1405 1704 convocatis
1426 1661 1486 1726 per
1508 1640 1727 1726 praepositum

300 1740 443 1826 collegis,
472 1741 560 1806 intra
578 1761 722 1804 mensem
751 1739 894 1802 rationes
915 1735 1041 1818 reddat,
1069 1745 1101 1799 et
1124 1735 1210 1823 quod
1237 1735 1320 1802 lucri
1340 1738 1447 1820 fuerit,
1475 1741 1561 1804 inter
1590 1737 1728 1822 collegas

299 1859 411 1904 omnes
431 1837 609 1926 aequaliter
630 1861 707 1904 mox
728 1835 917 1919 distribuat,
949 1834 1009 1900 sub
1031 1857 1137 1922 poena
1158 1837 1352 1922 privationis
1374 1838 1516 1902 omniurn
1538 1836 1728 1902 emolumen-

298 1949 404 2004 torum
430 1940 528 2004 totins
557 1939 642 2001 anni.
682 1934 791 2002 Debet
818 1946 926 2000 autem
953 1957 993 2000 ea
1020 1932 1205 2000 distributio
1227 1944 1259 2000 et
1284 1935 1402 2001 divisio
1432 1937 1479 2001 ita
1506 1937 1594 2021 lieri,
1625 1947 1661 2002 ut
1689 1935 1729 2002 ad

259 2047 290 2102 tt
299 2037 449 2124 hyemale
470 2047 624 2102 semestre
644 2045 748 2102 toturn
770 2033 832 2099 hoc
850 2034 974 2100 lucrum
994 2034 1218 2099 cervisiarium
1239 2036 1408 2120 pertineat

720 2199 766 2289 [S.
789 2198 841 2288 31]
864 2219 911 2266 nn
933 2215 1117 2267 scurrone
1139 2216 1312 2266 cotanen

867 2337 1032 2387 Statntnur
1050 2335 1162 2386 XXVI.

383 2449 601 2516 Oeconomica
621 2451 746 2516 curatio
768 2447 895 2535 collegii
914 2449 1039 2516 dnobus
1060 2447 1242 2514 iunioribus
1264 2447 1397 2514 alternis
1422 2448 1549 2514 vicibus
1569 2449 1730 2515 incumbit

300 2558 412 2636 estque
431 2548 517 2630 talis,
539 2557 583 2630 ut,
611 2549 667 2635 qui
692 2547 767 2611 huic
793 2550 931 2634 praesit,
957 2548 991 2611 in
1011 2546 1158 2612 locandis
1179 2545 1436 2612 habitationibus
1458 2571 1619 2614 summam
1640 2549 1729 2615 adhi-

258 2648 377 2713 20beat
397 2669 518 2728 curam,
540 2669 603 2732 quo
617 2646 770 2710 honestos
790 2655 823 2710 ct
842 2644 1003 2711 bonarum
1022 2645 1192 2710 literarum
1212 2646 1384 2728 studiosos,
1406 2649 1499 2733 pacis
1520 2658 1553 2714 ct
1574 2648 1729 2734 tranquil·

299 2747 400 2811 litatis
425 2754 569 2810 amantes
595 2746 733 2832 recipiat
759 2743 935 2831 inquilinos
957 2754 989 2808 et
1009 2745 1139 2810 omnino
1161 2744 1253 2826 tales,
1277 2744 1389 2832 quales
1411 2747 1580 2832 requirnnt
1602 2757 1730 2812 statuta.

300 2843 430 2910 Deinde
450 2843 536 2909 illius
558 2853 607 2908 est
635 2845 788 2927 muneris,
819 2853 854 2907 ut
880 2839 1003 2930 [sedulo
1026 2853 1057 2907 et
1077 2843 1249 2930 diligenter
1270 2845 1393 2931 praesit
1415 2843 1730 2933 disputationibus,]²

301 2942 429 3028 collegii
462 2943 551 3007 fores
585 2940 736 3007 observet
766 2941 870 3028 deque
903 2944 1012 3030 precio
1044 2941 1282 3008 habitationum
1315 2953 1391 3030 post
1423 2943 1520 3009 finem
1553 2947 1730 3010 curationis

301 3064 378 3107 suae
400 3051 571 3106 numerata
593 3043 733 3128 pecunia
753 3042 906 3124 rationes,
929 3040 1050 3128 elapsis
1076 3041 1229 3108 nundinis
1254 3041 1465 3129 paschalibus
1494 3053 1526 3108 et
1547 3043 1730 3128 Michaelis,

257 3150 373 3207 2tcum
395 3142 583 3228 praeposito
615 3139 729 3228 planas
752 3139 920 3205 exhibebit
947 3143 1045 3229 inque
1070 3137 1134 3228 [32]
1156 3165 1195 3208 ea
1217 3149 1406 3228 repraeter
1428 3164 1540 3208 casum
1560 3143 1729 3209 fortuitum

300 3241 518 3306 excusationis
539 3238 585 3305 nil
606 3241 736 3306 nomine
758 3238 953 3304 creditorum
974 3239 1118 3306 habebit.

653 3423 700 3471 DE
723 3423 941 3472 PnAnPostro
962 3415 1140 3472 vmntssou
1161 3423 1368 3471 nonnullus.

852 3541 1023 3592 Statntnm
1044 3542 1175 3593 XXVII.

382 3654 466 3720 Cum
488 3655 612 3718 curatio
631 3653 688 3719 illa
709 3653 840 3742 publica
859 3655 1011 3721 villarum
1039 3654 1227 3720 academiae
1253 3676 1313 3741 per
1338 3655 1497 3720 triennale
1524 3654 1729 3721 intervallum

257 3753 413 3818 30redeat
441 3751 484 3816 ad
512 3750 692 3838 collegium,
716 3745 764 3818 'de
793 3775 832 3818 ea
858 3753 920 3818 hoc
942 3755 1148 3819 constitutum
1178 3765 1243 3835 cst,
1271 3753 1367 3818 utin
1388 3751 1445 3818 illa
1472 3753 1729 3820 adminisuanda

300 3861 446 3916 servetur
469 3847 548 3914 ordo
577 3849 821 3934 salariatorum3
850 3853 905 3937 qui
934 3862 1043 3917 nutem
1064 3853 1138 3918 huic
1161 3851 1360 3940 praeficitur,
1388 3851 1530 3936 calide,
1560 3851 1728 3939 diligentia

300 3961 332 4014 et
357 3948 518 4014 industria
542 3949 651 4013 omnia
676 3949 817 4032 curabit,
846 3972 886 4015 ne
908 3954 1080 4040 quicquam
1106 3951 1159 4017 vel
1186 3951 1298 4016 damni
1325 3951 1497 4038 collegium
1526 3955 1652 4018 senmat
1678 3951 1727 4016 vel

300 4047 517 4134 negligentiae
538 4057 571 4114 st
592 4047 705 4136 csdpae
728 4051 875 4114 accusari
898 4051 1011 4137 possit
1045 4049 1143 4132 Quod
1165 4052 1251 4116 enim
1273 4051 1480 4134 commiserit,
1502 4052 1574 4138 ipse
1596 4050 1672 4118 luet.

739 4211 784 4303 [S.
807 4212 859 4303 33]
882 4233 928 4280 na
951 4233 1093 4281 usurum
1115 4231 1291 4282 cotanen.

257 4355 292 4412 35
845 4351 1014 4402 Statutnm
1032 4351 1179 4403 xxvlu.

381 4460 541 4526 Familiae
564 4483 680 4549 operas
700 4485 761 4528 nce
780 4463 960 4530 conducere
980 4487 1042 4530 nec
1061 4486 1213 4530 recusare
1235 4487 1340 4554 neque
1368 4467 1515 4554 precium
1537 4487 1659 4553 augere
1679 4464 1726 4530 vel

299 4561 445 4625 minuere
472 4569 580 4646 potest
605 4570 660 4625 aut
680 4560 776 4628 debet
798 4566 1004 4652 praepositus
1026 4565 1096 4628 sine
1119 4585 1279 4628 consensu
1299 4564 1443 4652 collegii,
1473 4563 1632 4630 familiam
1652 4588 1726 4630 vero

299 4683 365 4726 non
384 4657 549 4725 difficilem
568 4657 702 4726 habebit
722 4661 901 4750 collegium,
929 4665 958 4730 si
986 4663 1213 4729 benevolentia
1238 4663 1283 4730 ad
1302 4663 1546 4752 obsequendum
1568 4663 1726 4730 alliciatur

375 4899 391 5036 l
408 4891 742 5048 gridrisffimzbikldmidbiildh
760 4976 858 5032 worse
876 4976 937 5032 sind
955 4973 1179 5046 durchstricbcn3
1198 4977 1235 5033 ob
1253 4995 1307 5034 von
1323 4979 1386 5035 dem
1404 4977 1552 5036 Schrcibcr
1567 4979 1654 5037 solbat
1664 4979 1726 5038 oder

298 5080 352 5119 von
369 5067 494 5138 sputerer
511 5059 603 5132 Hand,
622 5060 658 5116 ist
676 5061 754 5116 nicht
770 5079 805 5118 ru
822 5061 972 5116 erkenuen.
