3794 6066
333 459 374 522 90
616 513 621 528 Ι
812 461 861 510 Die
880 459 997 510 Stataten
1014 473 1075 510 rom
1094 461 1176 510 dature
1199 465 1268 524 ¹5⁴³,

330 638 450 706 librum
469 642 684 727 perscriptum
703 640 814 722 fuerit,
843 649 998 729 tanquam
1020 665 1118 708 unum
1145 640 1186 708 de
1213 645 1333 708 nostris
1360 646 1515 728 retineat,
1544 647 1600 732 qui
1629 646 1750 728 fecerit,

332 741 484 806 mulctam
507 739 624 808 solvito
645 739 832 806 florinorum
853 742 959 806 trium.

902 959 1078 1012 statutum
1098 959 1169 1013 xxl.

587 1127 746 1176 namot
766 1127 842 1176 ems
864 1125 1117 1176 praecaeteris
1138 1125 1265 1176 vtvm
1288 1125 1484 1178 oronnam.

304 1253 320 1308 5
412 1244 501 1310 Nihil
521 1246 554 1309 in
575 1265 693 1330 genere
714 1265 818 1331 neque
840 1241 882 1308 ad
899 1243 987 1308 vitae
998 1263 1188 1329 morumque
1203 1242 1404 1308 honestatem
1415 1266 1519 1331 neque
1531 1244 1751 1314 addoetrinae

330 1342 517 1411 eruditionis
529 1343 693 1410 literariae
708 1345 906 1408 incrementa
917 1341 1028 1408 utilius
1042 1343 1181 1429 proponi
1194 1352 1300 1429 potest
1313 1364 1410 1429 quam
1423 1342 1458 1409 id
1472 1345 1561 1433 quod
1576 1370 1706 1436 semper
1718 1350 1752 1416 in

331 1445 393 1511 hac
413 1445 623 1510 universitate
645 1445 850 1509 severissime
873 1451 1038 1507 servatum
1062 1449 1130 1523 est,
1157 1452 1307 1530 oportere
1328 1467 1596 1533 unumquemque,
1621 1449 1676 1535 qui
1697 1471 1752 1514 no·

330 1546 405 1610 stris
426 1543 606 1632 privilegiis
627 1541 769 1629 gaudere
791 1553 823 1608 et
843 1541 1022 1607 studiorum
1045 1540 1221 1606 commodis
1241 1543 1289 1607 uti
1309 1543 1402 1627 velit,
1425 1555 1674 1634 praeceptorem
1695 1547 1750 1612 ha·

331 1643 417 1727 bere,
440 1646 530 1709 cuius
550 1645 678 1711 monitis
702 1653 733 1707 et
755 1645 788 1707 in
811 1643 941 1706 virtutis
961 1643 1017 1706 via
1038 1641 1214 1706 retineatur
1235 1651 1268 1706 et
1278 1639 1432 1709 discendo
1449 1644 1631 1732 profectum
1642 1645 1750 1713 facere

291 1755 323 1810 10
331 1746 442 1832 possit.
482 1744 556 1810 Hoc
577 1745 604 1808 si
626 1753 693 1809 tam
715 1743 826 1807 stricte
853 1740 1016 1805 veteribus
1047 1741 1242 1806 servandum
1269 1743 1375 1807 visum
1403 1753 1466 1827 est,
1497 1755 1618 1831 quanto
1646 1750 1752 1834 magis

329 1845 363 1908 in
384 1843 447 1909 hac
467 1843 587 1909 saeculi
608 1841 741 1907 levitate
762 1849 794 1906 et
813 1839 945 1905 licentia
967 1843 1063 1922 vitae,
1091 1841 1126 1904 in
1156 1840 1218 1905 hac
1248 1839 1376 1908 desidia
1400 1851 1432 1908 et
1461 1843 1674 1912 somnolentia
1707 1845 1753 1913 di·

334 1942 532 2030 scipulorum
553 1945 586 2009 in
615 1941 671 2007 illo
695 1939 943 2007 elaborandum!
986 1939 1077 2004 Scire
1107 1940 1206 2024 igitur
1227 1962 1337 2006 omnes
1359 1940 1491 2028 debc'nt,
1517 1967 1583 2010 non
1611 1946 1753 2012 futttrum

333 2041 479 2130 posthac,
499 2053 534 2110 ut
556 2044 725 2130 quisquam
746 2041 815 2106 sine
830 2049 1041 2126 praeceptore
1051 2041 1168 2124 vagari
1179 2040 1231 2105 vel
1245 2039 1398 2107 oberrare
1411 2045 1625 2130 permittatur.
1658 2044 1754 2126 Quod

333 2143 441 2229 ipsum
470 2153 506 2208 ut
532 2141 768 2229 explicavimus
797 2138 936 2221 diserte,
972 2161 1105 2224 operam
1134 2139 1297 2223 dedimus,
1328 2164 1391 2229 quo
1419 2143 1543 2207 maiore
1573 2167 1647 2209 cum
1676 2167 1753 2210 cura

292 2243 517 2307 t5necessaria
536 2242 618 2308 haec
636 2263 689 2306 res
713 2239 988 2306 administretur.¹
1029 2237 1177 2304 Primum
1197 2241 1296 2326 igitur
1318 2263 1372 2306 eos
1399 2251 1628 2330 praeceptores
1645 2245 1753 2330 accipi

329 2342 492 2426 volumus,
528 2343 583 2429 qui
603 2341 762 2407 honorum
788 2337 911 2426 gradus
939 2359 1079 2403 summos
1106 2338 1335 2417 ascenderunt,
1364 2349 1400 2406 ut
1420 2342 1569 2427 magistri
1591 2343 1754 2409 doctores·
1813 2385 1819 2396 ·

329 2462 391 2527 que
415 2440 573 2508 dicantur
605 2441 642 2506 In
662 2440 777 2506 horum
799 2437 936 2503 alicuius
958 2435 1076 2522 singuli
1096 2447 1227 2504 nostrae
1250 2441 1472 2505 universitatis
1494 2438 1609 2507 ditioni
1632 2441 1753 2508 subditi

330 2563 441 2607 curam
464 2551 496 2608 et
521 2541 727 2627 disciplinam
749 2561 783 2604 se
804 2535 932 2603 tradere
956 2535 1128 2620 debebunt,
1149 2537 1224 2604 huic
1251 2539 1299 2604 illi
1322 2538 1487 2624 obedient,
1519 2539 1605 2606 bunc
1625 2563 1752 2608 revere·

329 2639 463 2724 buntur,
491 2651 527 2706 ut
553 2641 639 2706 vitae
665 2649 697 2705 et
726 2637 905 2704 studiorum
935 2659 1065 2702 suorum
1093 2637 1208 2702 ducem
1233 2650 1267 2704 et
1297 2640 1391 2727 quasi
1417 2638 1555 2706 alterum
1584 2651 1752 2728 parentem

287 2739 437 2805 tocolent
457 2749 489 2804 et
509 2739 682 2822 amabunt;
710 2760 844 2825 cumque
869 2758 904 2802 se
925 2735 989 2818 ita,
1015 2745 1051 2800 ut
1071 2735 1231 2819 diximus,
1259 2737 1301 2802 ad
1322 2749 1584 2828 praeceptorem,
1611 2741 1669 2827 qui
1691 2739 1755 2806 buc

330 2837 480 2904 studendi
498 2840 608 2926 gratia
627 2839 777 2920 veniunt,
807 2835 1016 2918 contulerint,
1045 2834 1208 2901 debebunt
1236 2850 1464 2924 praeceptores
1492 2837 1540 2902 illi
1571 2837 1752 2927 discipulos

331 2937 374 3004 ad
402 2948 559 3005 rectorem
587 2937 749 3004 adducere
777 2945 824 3018 et,
856 2934 932 3000 dum
952 2937 1082 3002 nomina
1103 2935 1231 3003 illorum
1256 2939 1471 3025 recipiantur,
1499 2937 1631 3023 adesse3
1658 2949 1755 3027 atque

329 3037 418 3127 apud
440 3039 499 3105 hos
521 3037 673 3124 discipuli
698 3035 875 3103 manebunt
894 3057 999 3123 neque
1020 3037 1139 3101 invitos
1161 3046 1281 3102 temere
1301 3037 1481 3102 mutabunt.
1517 3036 1614 3118 Quod
1638 3040 1666 3102 si
1680 3041 1753 3127 quis

329 3140 363 3206 in
393 3139 507 3204 smdiis
529 3139 595 3204 suis
617 3135 840 3226 praeceptoris
863 3133 925 3199 sibi
948 3134 1123 3221 peculiaris
1144 3157 1245 3222 opera
1266 3159 1347 3224 opus
1370 3157 1528 3202 essenon
1550 3137 1755 3204 existimabit

287 3237 381 3326 Μυῒ
401 3258 499 3326 saepe
519 3237 661 3324 grandes
680 3236 810 3302 aliunde
831 3233 894 3300 buc
913 3231 1079 3322 veniunt),
1101 3235 1129 3300 is
1157 3244 1266 3302 tamen
1293 3237 1431 3319 rectori,
1458 3257 1533 3302 cum
1553 3237 1642 3325 apud
1663 3238 1754 3306 illum

327 3361 443 3406 nomen
465 3363 558 3405 suum
580 3337 800 3424 profitebitur,
822 3344 855 3400 et
882 3332 970 3421 quod
991 3356 1092 3419 genus
1121 3335 1299 3402 studiorum
1320 3348 1354 3402 et
1376 3359 1458 3426 quos
1480 3337 1683 3423 professores
1704 3361 1752 3405 se-

328 3443 385 3526 qui
406 3438 501 3522 velit,
523 3437 668 3504 indicare
696 3434 828 3502 debebit
856 3445 951 3522 atque
980 3435 1077 3498 etiam
1098 3433 1161 3500 hoo
1175 3435 1348 3522 perficere,
1377 3445 1413 3502 ut
1437 3435 1534 3504 alicui
1562 3437 1753 3524 professori,

329 3539 647 3628 quampotissimum
666 3534 863 3602 audiendum
887 3534 1060 3620 putaverit,
1082 3543 1174 3600 notus
1198 3535 1249 3600 sit
1288 3533 1386 3616 Quod
1407 3536 1435 3600 si
1453 3537 1526 3621 quis
1544 3535 1609 3602 huc
1627 3539 1755 3604 venerit

327 3663 392 3705 non
415 3636 656 3706 commendatus
678 3635 776 3700 alicui
797 3643 830 3697 et
840 3633 1000 3698 neminem
1020 3632 1102 3698 forte
1123 3633 1258 3718 habens,
1279 3636 1371 3702 cuius
1392 3633 1455 3700 hac
1476 3635 1510 3700 iu
1525 3643 1619 3722 parte
1630 3637 1754 3704 auxilio

287 3739 555 3817 30adiuvaretur,
583 3737 653 3800 sive
679 3735 807 3800 tenuior
826 3730 923 3796 fuerit
943 3753 1040 3816 quam
1061 3741 1097 3796 ut
1117 3734 1323 3820 praeceptori
1351 3733 1534 3802 mercedem
1560 3737 1666 3822 possit
1694 3737 1755 3804 sol·

328 3860 414 3921 vere,
438 3839 468 3902 ei
487 3845 593 3901 rector
615 3833 801 3898 concilicet
821 3852 884 3916 ope
898 3852 967 3913 sua,
989 3842 1141 3918 quantum
1160 3837 1288 3920 poterit,
1310 3833 1488 3917 subveniet,
1510 3845 1546 3900 ut
1562 3837 1663 3902 etiam
1675 3857 1753 3926 pau·

326 3959 441 4024 perum
468 3933 616 4000 discendi
637 3931 829 4019 cupidorum
858 3929 943 3995 ratio
964 3929 1130 3996 habeatur.
1169 3933 1239 4020 lpsi
1260 3942 1368 3999 antem
1393 3943 1635 4021 praeceptores,
1660 3959 1754 4025 quos·

327 4058 454 4121 cunque
474 4033 651 4120 discipulos
673 4031 872 4119 receperint,
898 4050 953 4094 eos
975 4037 1110 4115 paterno
1133 4031 1250 4097 adactu
1271 4031 1526 4118 complectentur
1547 4043 1675 4100 etcum
1698 4057 1753 4101 ex·

328 4133 433 4221 cmplo
461 4142 529 4200 tum
554 4133 686 4220 optimis
715 4129 899 4218 praeceptis
919 4127 961 4194 ad
982 4129 1136 4195 virtutem
1156 4141 1189 4196 et
1209 4129 1392 4196 doctrinam
1413 4153 1474 4218 pro
1496 4133 1753 4222 uniuscuiusque

286 4244 426 4320 ttosptu
453 4235 612 4300 instruent
632 4242 729 4319 atque
756 4228 893 4296 educent
920 4228 989 4292 sine
1017 4229 1194 4294 acerbitate
1224 4238 1257 4296 et
1282 4231 1452 4296 iracundia
1484 4255 1556 4300 cum
1583 4233 1753 4321 diligentia

329 4342 361 4398 et
382 4333 566 4400 attentione.
606 4333 678 4397 Non
709 4331 797 4398 enim
825 4328 869 4394 ad
895 4328 1137 4395 dissolutionem
1163 4338 1220 4394 aut
1246 4331 1490 4418 improbitatem
1520 4331 1753 4420 discipulorum

330 4434 502 4499 connivere
516 4432 588 4498 illos
602 4441 657 4497 aut
669 4431 772 4498 malos
787 4430 884 4494 etiam
905 4431 1052 4494 struerc²
1073 4426 1243 4515 oportebit,
1264 4429 1322 4495 sed
1340 4430 1391 4498 his
1407 4441 1496 4498 recte
1508 4431 1714 4499 monentibus
1725 4433 1753 4498 si

329 4531 480 4620 disciptdi
515 4553 630 4618 parere
664 4529 957 4616 castigationesque
990 4529 1124 4594 meritas
1159 4529 1303 4616 ipsorum
1333 4531 1459 4619 perpeti
1484 4531 1672 4617 noluerrmt,
1698 4555 1751 4598 no-

328 4633 416 4698 mina
437 4631 485 4697 illi
506 4632 788 4717 immorigerorum
808 4624 851 4692 ad
871 4639 1029 4694 rectorem
1051 4626 1206 4710 deferant,
1228 4629 1320 4694 cuius
1340 4631 1513 4697 autoritate
1531 4643 1751 4698 coerceantur.

288 4731 438 4821 tOAtquc
460 4732 589 4799 omnino
610 4740 727 4813 rector,
748 4750 939 4817 quacunque
959 4729 1085 4792 ratione
1106 4728 1241 4814 poterit,
1264 4729 1297 4792 in
1317 4728 1380 4796 hoc
1397 4731 1578 4815 incumbet,
1599 4741 1635 4797 ut
1656 4732 1750 4798 resei-

399 5038 410 5088 l
433 5033 524 5105 Vogel
544 5031 665 5088 schreibt
682 5031 920 5086 adsumtione.

399 5123 415 5173 2
433 5117 470 5174 So
487 5116 561 5174 steht
578 5115 766 5189 geschricben.
