3748 6070
505 475 600 530 Zeeitc
617 477 880 544 summm-enon,
897 495 950 532 ron
969 481 1142 537 rtie-tton

415 699 465 761 43.
487 711 534 758 nn
555 708 655 761 nono
677 711 896 762 mscsmnunr
918 715 1233 766 cenomannicos.

692 833 753 896 Vgl.
772 849 795 884 a.
814 833 851 884 St
870 834 910 894 24,
928 836 951 886 4.

194 943 280 1010 Item
309 944 527 1010 inscribantur
556 941 799 1012 baccalariandi
829 947 1004 1014 secundum
1032 947 1193 1032 ordinem,
1222 971 1318 1036 quem
1347 949 1468 1018 babent
1497 955 1530 1018 in

110 1043 289 1109 matricula
309 1044 538 1110 universitatis.

216 1219 269 1279 44.
301 1227 397 1290 enon
418 1228 553 1277 nunnus
575 1230 691 1277 unser
713 1229 887 1278 moncons
909 1231 1064 1291 anrounu
1085 1230 1221 1280 sunau
1241 1233 1432 1283 mesenen
1554 1229 1571 1284 6

676 1330 722 1376 nn
744 1314 974 1379 mrmnnura¹

194 1444 280 1508 Item
310 1439 416 1507 nullus
443 1442 671 1526 magistrorum
699 1443 854 1532 aliquem,
885 1445 1054 1531 potissime
1082 1445 1252 1531 inabilem,
1282 1469 1340 1535 spe
1370 1447 1451 1516 lucri
1479 1450 1531 1516 vel

110 1541 234 1606 favoris
257 1539 310 1604 vel
332 1539 467 1606 alicuius
488 1541 647 1608 commodi
674 1543 861 1629 temporalis
883 1543 926 1608 ad
951 1544 1136 1610 intrandum
1157 1567 1293 1610 examen
1312 1547 1364 1612 vel
1389 1558 1528 1636 tempta·

112 1663 186 1705 men
208 1642 246 1704 in
267 1636 351 1727 [60⁸]
373 1640 508 1724 artibus,
535 1649 568 1705 et
586 1641 673 1729 quod
694 1641 812 1708 subeo
834 1643 1025 1708 determinet
1045 1643 1096 1710 vel
1116 1645 1267 1732 incipiat,
1296 1645 1338 1710 ad
1358 1648 1529 1714 iurandum

110 1738 162 1803 vel
190 1738 259 1803 fide
285 1740 476 1826 interposito
497 1739 578 1806 elias
603 1741 854 1828 promittendum
882 1765 940 1828 per
967 1765 1002 1808 se
1029 1743 1080 1808 vel
1109 1765 1168 1830 per
1193 1743 1301 1828 olium,
1331 1744 1452 1812 directe
1478 1748 1530 1815 vel
1541 1761 1572 1816 16

111 1837 281 1921 indirecte,
312 1839 448 1904 scienter
474 1838 616 1922 inducat,
647 1839 706 1904 sub
734 1863 838 1926 poena
865 1844 1085 1928 suspensionis
1114 1842 1158 1908 ab
1186 1843 1313 1910 actibus
1342 1845 1530 1931 scolasticis,

111 1937 138 2001 si
170 1936 213 2002 de
246 1937 308 2002 hoc
339 1939 503 2004 convictus
533 1938 586 2003 vel
616 1940 779 2006 confessus
809 1939 906 2039 luerit
934 1941 986 2007 vel
1018 1940 1100 2007 alies
1133 1943 1327 2027 constiterit,
1360 1944 1402 2010 ad
1431 1969 1530 2012 unum

111 2059 243 2102 annum

148 2194 199 2253 46.
222 2203 271 2250 nn
293 2201 494 2252 mmunmo
514 2203 799 2271 nxrnmrrosnu,
818 2205 864 2252 nr
887 2205 976 2266 onos
997 2205 1173 2257 rsounrrs
1193 2210 1353 2259 nnrnrsr
1374 2211 1504 2264 monos

597 2303 664 2352 rno
685 2301 908 2364 roonmnuno
930 2304 1057 2356 omnn-
1543 2308 1574 2365 46

690 2422 962 2486 wanno

194 2535 292 2622 „Ego
312 2535 358 2601 .N.
387 2536 470 2618 iuro,
497 2535 582 2620 quod
611 2558 696 2601 nunc
721 2545 754 2601 et
772 2538 806 2601 in
828 2546 924 2602 antea
943 2547 976 2602 et
1005 2539 1281 2627 quotienscunque
1309 2543 1344 2606 in
1372 2542 1530 2614 decanum

115 2644 171 2700 eut
191 2636 449 2700 examinatorem
469 2635 761 2722 promovendorum
789 2647 857 2701 tam
885 2636 927 2702 ed
947 2638 1169 2723 magisterium
1190 2661 1287 2726 qnam
1313 2640 1356 2706 ed
1381 2642 1532 2714 baccala-

114 2735 235 2799 riatum
250 2733 369 2800 electus
385 2734 486 2818 fuero,
509 2733 678 2800 admittere
692 2735 788 2800 velim
810 2735 1014 2823 simpliciter²
1034 2735 1150 2823 dignos
1170 2748 1201 2802 et
1219 2740 1341 2804 reicere
1361 2742 1530 2832 indignos;

115 2835 162 2898 sic
188 2855 243 2898 mc
272 2829 351 2898 deus
379 2831 511 2899 adiuvet
536 2845 568 2900 et
600 2843 711 2900 sancta
740 2833 791 2900 dei
821 2834 1028 2922 euangelia.“
1066 2835 1110 2902 Et
1137 2835 1209 2902 illos
1237 2849 1368 2926 reputat
1394 2842 1574 2914 lacultesw

116 2931 274 3018 gradibus
296 2930 421 3018 dignos,
449 2932 565 3020 quibus
591 2956 656 2999 non
685 2933 788 2999 solum
814 2933 981 3000 literarum
1011 2937 1150 3001 sciencia
1176 2960 1288 3002 verum
1317 2941 1420 3006 eciam
1446 2947 1533 3011 vitae

116 3034 265 3097 meritum
288 3031 491 3118 suffragatur.
533 3031 572 3098 In
600 3033 749 3098 scienciis
779 3045 887 3100 autem
914 3033 973 3099 hos
1003 3043 1130 3121 reputat
1158 3034 1274 3122 dignos
1303 3037 1534 3129 beccalariatu,

117 3131 170 3218 qui
188 3132 274 3197 bene
297 3151 332 3196 se
352 3129 472 3196 habent
497 3133 532 3196 in
561 3134 782 3218 grammatice,
808 3135 843 3198 in
871 3135 982 3218 parvis
1012 3133 1190 3222 loycalibus
1217 3137 1304 3202 etin
1323 3142 1426 3205 veteri
1454 3153 1533 3228 arte,

117 3241 148 3295 et
172 3231 207 3296 in
231 3229 306 3294 aliis
328 3239 562 3317 competenter,
590 3231 776 3316 magisterio
799 3241 904 3296 autern
925 3231 1041 3319 dignos
1061 3241 1205 3319 reputat,
1235 3237 1289 3322 qui
1314 3234 1397 3303 bene
1422 3263 1458 3305 se
1478 3241 1534 3306 ha·

118 3329 194 3395 bent
213 3331 248 3394 in
262 3331 364 3395 veteri
378 3341 457 3413 arte,
478 3333 513 3395 in
531 3351 616 3394 nova
637 3329 741 3418 loyca,
762 3331 797 3396 in
818 3329 1023 3418 philosophia
1035 3329 1185 3415 neutrali,
1206 3335 1289 3399 etin
1311 3333 1385 3402 eliis
1408 3351 1575 3427 competo

116 3437 229 3494 tenter.
269 3427 315 3493 Et
346 3427 405 3494 sub
433 3427 546 3493 eodem
574 3429 763 3514 iuramento,
791 3452 851 3518 per
877 3429 1033 3496 decanum
1061 3431 1095 3496 in
1122 3433 1258 3518 propria
1285 3434 1390 3500 forma
1416 3459 1534 3526 propo-

118 3527 234 3613 nendo,
270 3525 404 3615 quilibet
439 3529 695 3593 examinatorum
727 3537 872 3616 tempore
905 3551 982 3594 suae
1012 3528 1181 3596 eleccionis
1205 3532 1245 3602 in
1279 3535 1533 3604 examinatorem

119 3627 241 3693 decano
262 3629 452 3715 promittere
472 3629 646 3693 teneatur.3

274 3799 324 3861 46.
347 3811 394 3858 nn
415 3809 514 3860 uono
534 3811 753 3864 ansnrrnunr
772 3811 993 3862 enumeres
1015 3814 1082 3862 rna
1103 3815 1379 3868 nxsuuuroans.

701 3930 759 3994 vgr.
780 3947 804 3984 a.
824 3933 863 3985 ss.
881 3931 922 3993 27,
940 3931 962 3981 a.
1541 3949 1576 4006 30

200 4044 284 4111 Item
305 4044 541 4112 examinatores
560 4043 731 4110 admittant
751 4045 952 4110 examinatos
972 4045 1025 4111 vel
1043 4049 1234 4136 temptatos⁴
1254 4049 1428 4117 secundum
1448 4052 1533 4120 hunc

120 4143 286 4210 modum⁵:
328 4141 472 4223 Quilibet
492 4143 747 4210 examinatorum
767 4141 886 4210 habeat
906 4153 954 4209 tot
972 4145 1046 4230 pise
1066 4156 1098 4212 et
1117 4157 1165 4212 tot
1191 4145 1329 4234 lapillos,
1358 4161 1434 4236 quot
1461 4163 1535 4219 sunt

121 4241 351 4330 promovendi3
381 4251 413 4306 et
439 4252 598 4330 ponentur
626 4244 741 4308 mitrae
767 4241 1058 4330 promovendorum
1084 4245 1259 4312 secundum
1283 4248 1428 4342 ordinem
1448 4254 1534 4341 ipso-

121 4365 192 4408 rum
216 4341 261 4408 ad
280 4362 434 4424 mensam,
455 4340 583 4408 traditis
601 4351 709 4408 tamen
729 4344 821 4429 prius
839 4344 872 4408 in
893 4343 1053 4431 principio
1074 4345 1232 4411 examinis
1246 4346 1298 4412 vel
1317 4354 1533 4438 temptaminis

124 4441 256 4508 cuilibet
277 4441 491 4507 examinatori
511 4441 692 4508 nominibus
719 4442 917 4529 singulorum
944 4443 1229 4510 examinandorom
1253 4447 1305 4514 vel
1333 4451 1574 4540 temptando-35

208 4715 218 4768 l
242 4707 298 4764 Die
314 4707 422 4763 Rubrii
438 4707 474 4762 ist
490 4711 546 4762 erst
562 4707 655 4776 spiter
670 4705 721 4760 mit
736 4703 887 4761 schwarrer
904 4705 987 4762 'linte
1003 4706 1215 4783 nachgetragsm

206 4798 223 4849 2
241 4791 325 4848 Auch
342 4791 401 4848 hier
419 4792 456 4847 lat
474 4789 636 4862 simpliciter
651 4788 866 4860 nachgetragen.
895 4789 959 4862 vgr
975 4791 1045 4848 oben
1061 4792 1142 4852 snm
1161 4813 1197 4851 an
1213 4802 1238 4854 6.

208 4881 225 4934 3
245 4875 393 4934 Beschluss
410 4893 473 4932 rom
490 4880 531 4932 30.
550 4875 661 4944 August
680 4877 752 4930 1436.

207 4970 225 5020 4
243 4961 386 5018 sunder
401 4960 499 5017 Worte
515 4959 560 5014 ccl
576 4965 717 5029 tersptntoa
736 4957 773 5011 ist
790 4961 882 5028 spitor
898 4957 1075 5030 gescbrieben
1088 4977 1144 5032 pro
1160 4966 1251 5035 prame
1268 4963 1472 5022 memoriane

206 5051 223 5101 5
243 5045 387 5100 Hieneben
403 5043 477 5100 steht
492 5059 536 5098 am
553 5041 664 5097 Rnnde:
692 5043 818 5097 videlicet
838 5045 914 5114 quod
931 5046 1086 5114 praemisso
1102 5047 1252 5103 collacione
1268 5049 1302 5102 de
1319 5049 1533 5108 cimarese

124 5130 511 5199 etcondicioaibsutumquo
530 5128 1511 5200 aameequmquoadscieaeiaspmmnmcviaemoesam.
