3768 6072
352 413 412 481 244
891 409 947 464 Du
967 409 1056 472 klrine
1076 408 1181 474 colleg.
1289 465 1295 472 ⁸

351 594 438 656 tinus
460 590 567 678 Spem
587 599 643 656 aut
662 589 778 676 aliquis
799 589 936 658 aliorum
955 591 991 656 in
1010 590 1152 658 futurum
1172 585 1271 654 alicui
1282 589 1512 674 magistrorum
1529 586 1777 674 collegiatarum

351 691 446 756 huius
468 687 605 776 collegii,
628 690 697 754 sive
718 691 753 754 in
775 687 910 776 collegio
933 691 1004 756 sive
1023 699 1128 772 extra,
1146 688 1216 754 sive
1233 687 1365 776 publice
1386 689 1456 754 sive
1476 687 1612 770 occulte,
1632 688 1779 769 iniurias,

352 790 493 856 convitia
513 787 565 854 vel
596 788 806 854 contumelias
825 788 926 855 verbo
949 786 1000 854 vel
1023 788 1109 853 facto
1138 810 1196 852 seu
1224 788 1338 875 quovis
1368 787 1433 854 elio
1459 785 1556 854 modo
1582 787 1707 854 inferre
1727 784 1780 851 vel

350 890 497 976 irrogare
518 891 774 976 praesumpserit
795 887 887 956 etde
907 885 1231 964 hocconvictusvel
1253 887 1419 952 confessus
1441 887 1549 968 fuerit,
1570 896 1628 952 aut
1647 884 1781 952 aliunde

309 997 325 1055 5
352 987 393 1052 de
414 988 476 1054 hoe
497 997 645 1053 constare
667 989 825 1074 potuerit,
854 986 950 1054 debet
971 989 1043 1076 ipso
1064 987 1151 1052 lacto
1171 984 1214 1051 ab
1232 985 1382 1052 omuibus
1404 983 1629 1052 emolumentis
1649 983 1780 1070 collegii

351 1109 409 1173 per
428 1085 570 1152 medium
593 1109 712 1150 annum
734 1109 804 1154 esse
827 1109 1011 1174 suspensus.
1052 1084 1098 1150 Et
1119 1095 1154 1150 ut
1174 1083 1236 1150 boc
1257 1082 1444 1152 conclusum
1472 1085 1597 1151 firmius
1626 1084 1780 1153 observe-

351 1196 412 1268 tur,
441 1185 612 1272 collegium
634 1184 789 1270 decrevit,
817 1186 905 1273 quod
929 1187 964 1251 in
985 1184 1104 1251 librum
1131 1194 1324 1252 statutorum
1346 1184 1482 1252 inscribi
1503 1184 1647 1268 deberet,
1675 1194 1708 1248 et
1733 1187 1781 1248 ita

349 1285 421 1350 fieri
441 1287 628 1371 praeposito
649 1294 786 1371 protunc
808 1286 961 1354 existenti
981 1281 1199 1350 demandavit.

349 1473 377 1532 4.
407 1483 453 1530 DE
475 1482 660 1532 nxctslomn
682 1484 909 1544 PRAESCRIPTJ
931 1484 1101 1534 CONCLUSI
1122 1485 1190 1532 PER
1212 1482 1348 1531 DICTUM
1370 1481 1573 1531 molernum
1594 1483 1781 1532 mrumst

309 1574 341 1629 10
592 1583 704 1632 SPORN
724 1583 837 1632 FACTA
858 1585 904 1632 ΕΤ
925 1583 1036 1632 [Peme
1055 1583 1218 1632 PROPTER
1239 1580 1309 1630 HOC
1331 1582 1533 1631 romuleum

429 1714 475 1779 Et
504 1715 581 1800 quia
612 1717 779 1803 praefatis
810 1717 965 1803 magister
991 1715 1152 1781 Martium
1185 1714 1292 1802 Sporn
1321 1713 1506 1780 conclusum
1537 1715 1780 1800 praescriptum

348 1835 422 1878 cum
446 1813 588 1901 quodam
608 1815 672 1881 alio
694 1811 944 1903 con[25⁸]cluso
967 1813 1096 1901 collegii
1118 1835 1161 1878 ex
1181 1813 1267 1879 libro
1289 1820 1482 1879 statutorum
1502 1811 1632 1900 collegii
1653 1812 1781 1876 emovit

347 1923 380 1978 et
399 1911 531 1996 excidit,
558 1925 758 2002 quapropter
786 1937 846 2002 per
867 1917 1043 2002 magistros
1065 1911 1194 2000 collegii
1215 1923 1354 2000 protunc
1381 1914 1523 2000 gratiose
1544 1914 1580 1976 in
1600 1933 1660 1976 sex
1682 1909 1778 1976 flore-

346 2013 398 2076 nis
418 2013 453 2077 in
473 2035 554 2080 auro
573 2015 704 2102 punitus
724 2015 788 2080 fuit
807 2026 839 2080 st
859 2024 976 2103 sponte
997 2013 1164 2098 magistris
1190 2011 1319 2098 collegii
1340 2033 1375 2077 se
1395 2015 1430 2076 in
1448 2013 1592 2076 furmrum
1606 2008 1780 2096 obligavit,

308 2120 391 2195 tent,
413 2115 441 2177 ri
461 2113 576 2198 quovis
597 2111 693 2180 modo
713 2123 826 2180 contra
846 2113 1034 2180 conclusum
1055 2111 1281 2198 supradictum
1301 2134 1374 2178 eum
1395 2110 1554 2176 excedere
1574 2111 1781 2196 contingeret

346 2222 403 2278 aut
428 2221 542 2278 contra
570 2211 711 2300 aliquam
740 2235 914 2300 personam
942 2210 1081 2298 collegii,
1110 2209 1198 2298 quod
1228 2219 1348 2278 extunc
1377 2211 1448 2297 ipso
1474 2211 1562 2276 iacto
1590 2211 1662 2276 sine
1689 2211 1780 2274 omni

347 2311 601 2378 contradictione
629 2310 727 2378 vellet
758 2335 830 2378 esse
861 2334 1037 2400 suspensus
1069 2307 1112 2374 ab
1142 2310 1291 2378 omnibus
1321 2308 1544 2376 emolumentis
1573 2309 1705 2395 collegii
1735 2308 1780 2372 sd

345 2411 487 2476 medium
508 2433 627 2478 annum
646 2412 740 2476 iuxta
760 2421 906 2478 tenorem
928 2409 1071 2478 conclusi
1094 2408 1285 2496 supradicti.
1306 2409 1393 2476 Aeta
1411 2420 1485 2474 sunt
1505 2409 1587 2474 baec
1605 2411 1641 2474 in
1661 2408 1782 2494 vigilia

344 2512 527 2578 nativitatis
548 2511 681 2593 domini,
701 2532 787 2578 auno
809 2510 954 2576 eiusdem
978 2512 1066 2578 1495.

302 2699 337 2758 20
362 2699 391 2758 5.
412 2711 459 2760 ms
479 2710 766 2760 rsusmmrrroun
788 2709 1014 2759 renascemur
1035 2709 1532 2776 coucuus1,ruareeurrruu
1552 2707 1762 2758 mereretur

458 2810 641 2882 murmuri
662 2809 773 2860 srosu
793 2809 916 2876 secus,
937 2810 983 2858 nr
1004 2810 1114 2863 merus
1135 2809 1298 2858 Proerna
1316 2810 1387 2860 uec
1407 2809 1597 2860 summotus
1617 2809 1663 2859 rc

924 2907 1198 2958 commutamus.

426 3025 538 3090 Poena
566 3025 757 3112 supradicta
782 3045 843 3111 per
870 3021 1008 3088 eundern
1037 3023 1143 3090 solute
1171 3033 1203 3090 et
1230 3047 1309 3089 suae
1335 3033 1535 3111 spontaneae
1556 3022 1782 3110 obligationis,

343 3125 379 3188 in
399 3125 547 3211 praefato
558 3123 710 3190 concluso
724 3144 911 3211 expressae,
931 3124 1109 3206 immemor,
1129 3123 1296 3211 praefatus
1316 3125 1473 3210 magister
1485 3121 1648 3188 Martinus
1660 3121 1784 3210 Sper-n,

302 3221 538 3308 Mesene-tus,
570 3223 755 3290 conclusum
785 3221 1008 3310 supradictum
1041 3222 1215 3310 tripliciter
1242 3222 1444 3306 falsificavit,
1478 3223 1585 3309 primo
1606 3223 1784 3290 veritatem

345 3321 492 3407 delendo,
506 3322 583 3389 dum
598 3322 670 3388 loco
684 3320 778 3388 verbi
796 3315 1021 3388 ‘concorditer'
1038 3323 1189 3390 vitiando
1206 3323 1376 3410 scripserit
1390 3319 1613 3406 ‘discorditer’3
1636 3322 1784 3388 secunde

344 3423 505 3510 quaedam
526 3445 606 3489 vera
627 3422 728 3488 verba
755 3421 837 3492 false
866 3422 1025 3509 glossavit
1053 3432 1086 3488 et
1114 3433 1233 3510 expost
1262 3423 1404 3506 abrasit3
1432 3423 1529 3488 tertio
1549 3423 1584 3486 in
1609 3421 1675 3486 fine
1696 3423 1784 3487 false

344 3521 471 3588 eddidit
488 3520 553 3608 ‘qui
574 3523 636 3588 fuit
662 3531 752 3588 actor
779 3522 894 3588 borum
917 3531 949 3587 et
974 3521 1075 3588 iudex
1095 3520 1223 3607 nullus',
1251 3544 1324 3588 oum
1351 3521 1521 3610 collegium
1549 3521 1656 3588 irrorat
1676 3523 1783 3588 iudex

342 3631 376 3687 et
396 3622 599 3688 concorditer
625 3623 731 3708 ipsum
760 3623 901 3709 punivit,
932 3631 968 3688 ut
996 3643 1038 3687 ex
1065 3621 1176 3687 verbis
1203 3621 1348 3687 eiusdem
1378 3621 1520 3689 conclusi
1547 3621 1583 3686 in
1611 3623 1782 3710 principio

301 3721 433 3788 toclsre
458 3731 557 3809 patet.
598 3721 740 3808 Ideoque
770 3719 943 3807 collegium
973 3719 1112 3785 eundem
1139 3723 1332 3808 magistrum
1354 3721 1533 3787 Mar-tinum
1556 3717 1641 3808 [25¹2]
1667 3720 1782 3810 Sporn

343 3819 536 3886 secundario
557 3821 687 3908 punivit
712 3841 818 3907 poena
840 3820 1062 3906 suspensionis
1082 3819 1124 3885 ab
1146 3821 1295 3888 omnibus
1318 3820 1542 3888 emolumentis
1562 3831 1595 3886 et
1613 3821 1780 3888 fiuctibus

345 3920 473 4007 collegii
495 3942 555 4008 per
576 3919 718 3984 medium
740 3941 871 4001 annum,
893 3918 936 3984 ad
958 3941 1054 4006 quam
1075 3941 1213 4007 poenam
1228 3921 1323 3986 iuxta
1336 3931 1480 3987 tenorem
1495 3919 1638 3988 conclusi
1660 3943 1780 4010 supra·

343 4019 422 4084 dicti
444 4041 479 4084 se
500 4021 591 4107 prius
612 4027 727 4106 sponte
750 4018 922 4104 obligavit,
949 4028 981 4084 et
1009 4021 1037 4085 si
1064 4021 1099 4084 in
1119 4020 1262 4086 futurum
1290 4021 1457 4106 praefatus
1481 4021 1639 4109 magister
1657 4019 1779 4088 Merti-

341 4141 403 4184 nus
424 4117 532 4208 Sporn
552 4129 666 4186 contra
685 4119 869 4207 praefatum
890 4119 1076 4186 conclusum
1104 4133 1159 4186 aut
1184 4119 1327 4210 reliquam
1346 4143 1521 4207 personam
1549 4120 1681 4208 collegii
1711 4123 1776 4202 (uti

300 4221 577 4307 35praemittimr)
605 4219 721 4307 quovis
749 4216 845 4285 modo
873 4221 1050 4285 excesserit
1080 4230 1114 4285 et
1141 4221 1236 4286 tertio
1263 4219 1446 4308 puniendus
1473 4221 1614 4305 venerit,
1649 4231 1775 4288 extimo

341 4318 413 4404 ipse
434 4318 531 4385 debet
553 4341 625 4386 esse
644 4320 716 4406 ipso
738 4319 825 4384 facto
848 4341 907 4384 sua
925 4319 1137 4406 collegieturn
1157 4321 1192 4384 in
1211 4318 1297 4386 dieto
1319 4317 1457 4407 collegio
1477 4328 1644 4408 tamquam
1665 4322 1776 4388 incor-

340 4417 481 4504 rigibilis
503 4421 659 4507 privetu.
698 4417 783 4486 Acta
804 4427 878 4484 sunt
897 4417 979 4486 haec
1004 4419 1088 4485 feria
1115 4417 1258 4486 secunda
1285 4427 1363 4507 post
1381 4417 1610 4488 Misericordia
1636 4420 1776 4507 domini,

340 4517 682 4586 annodomini1497.

421 4905 463 4965 So
484 4905 552 4966 weit
576 4906 624 4966 die
644 4908 742 4967 Hand
772 4910 823 4967 dea
850 4907 974 4968 Jolans
999 4905 1105 4969 Fabri.
1145 4905 1204 4966 Die
1222 4909 1389 4984 folgenden
1407 4907 1671 4988 Ausreiclmunpers
1699 4913 1775 4974 aiod

297 5012 397 5070 lovers
415 5008 643 5070 cerretiedmen
661 5011 795 5070 Hrt'ndeo
813 5008 1010 5088 yartrisben.
