3794 6066
598 469 651 506 von
668 455 778 518 Herzog
795 454 890 508 Merita
909 455 1041 520 beatitigt.
1497 463 1537 528 87

121 643 168 724 sit
189 641 389 726 praesertim
410 636 555 704 studioso
576 635 734 704 bonarum
753 637 881 718 artium,
905 637 978 724 quis
999 659 1064 703 non
1084 635 1257 724 intelligit?
1300 637 1411 722 Quare
1431 644 1539 708 visum

121 749 167 806 est
189 740 410 822 constituere,
444 737 624 825 quicunque
651 737 686 800 in
711 734 854 802 tabernis
881 737 1017 802 vinariis
1047 735 1128 802 tales
1158 747 1272 804 contra
1300 761 1407 806 mores
1435 739 1548 807 bortosv

120 839 211 906 ludos
240 838 432 904 exercuisse
460 835 626 902 convictus
651 843 751 918 esset,
778 837 948 902 utstatim
975 835 1146 904 mulctetur
1173 837 1289 904 florino
1311 861 1390 922 un03
1426 841 1454 905 si
1481 841 1538 906 ite·

119 962 197 1022 rum,
218 937 363 1020 duobus3
387 938 416 1002 si
437 936 541 1017 tertio,
562 932 677 1000 tribua
708 932 834 1016 Quodsi
854 936 951 1001 etiam
973 935 1089 1002 deinde
1109 937 1144 1002 in
1164 936 1288 1024 flagitio
1309 957 1538 1026 perseverave-

119 1040 175 1122 rit,
204 1047 274 1106 urm
295 1059 410 1104 coram
430 1035 651 1100 universitatis
671 1042 802 1100 nocuae
822 1034 956 1100 consilio
979 1036 1126 1102 accusari
1148 1034 1287 1102 debebit
1328 1036 1453 1118 Quodsi
1472 1051 1564 1104 nont

120 1141 152 1204 in
173 1137 322 1204 tabernis
342 1135 496 1216 vinariis,
523 1133 669 1200 similiter
698 1143 805 1200 nmen
833 1133 1023 1202 scurrilibus
1050 1144 1082 1200 et
1108 1135 1270 1202 indecoris
1291 1135 1376 1204 ludis
1397 1137 1539 1221 vacabit,

123 1237 161 1304 de
179 1237 278 1304 huius
301 1235 421 1302 delicto
442 1242 549 1301 rector
569 1241 695 1300 statuet.

703 1437 868 1488 statutum
887 1437 934 1489 ¹1.

443 1588 492 1638 DE
515 1585 845 1638 contemnemus
866 1587 912 1635 ET
932 1587 1218 1637 comsumptis.

198 1703 283 1772 Cum
304 1703 386 1770 nibil
407 1719 510 1790 aeque
529 1705 774 1771 communitates
795 1725 940 1792 quasque
961 1702 1153 1791 perturbare
1176 1703 1278 1772 soleat
1305 1729 1402 1794 quam
1429 1709 1458 1772 si
1485 1707 1581 1774 vello

119 1814 252 1872 exortae
271 1803 449 1870 seditiones
470 1802 522 1869 vel
541 1825 607 1869 non
626 1805 736 1870 statim
756 1825 934 1892 oppressae
955 1803 1084 1886 luerint,
1106 1802 1180 1870 ideo
1202 1805 1413 1872 saluberrimo
1437 1829 1538 1872 reme-

120 1904 171 1972 dio
199 1925 374 1970 occurrere
401 1911 492 1969 tanto
518 1901 604 1970 malo
638 1903 832 1970 universitas
854 1903 987 1990 cupiens
1015 1901 1219 1991 praeclarum
1241 1913 1394 1972 statutum
1416 1905 1478 1972 bac
1499 1906 1540 1972 de

118 2027 154 2070 re
176 2004 362 2092 proposuit,
382 2013 417 2069 ut
439 2005 600 2091 seqnitur:

200 2101 395 2192 Quicunque
415 2101 573 2169 adversus
594 2111 797 2190 praesentem
811 2101 1029 2168 universitatis
1043 2099 1257 2168 scholasticae
1268 2113 1324 2170 aut
1341 2105 1541 2194 reipublicae

121 2213 241 2269 statum
264 2223 459 2290 quocunque
479 2203 514 2267 in
534 2202 605 2269 loco
626 2225 699 2268 cum
719 2201 792 2268 aliis
814 2203 1010 2283 convenerit,
1032 2201 1242 2289 conspirarit,
1264 2205 1464 2272 consenserit
1484 2213 1540 2274 aut
1551 2217 1580 2273 15

119 2311 353 2385 conventuum,
384 2303 674 2390 conspirationum,
703 2301 948 2368 consensionum
975 2299 1161 2366 huiusmodi
1188 2303 1294 2368 autori
1315 2303 1540 2390 inceptornm¹

119 2413 174 2470 aut
195 2423 289 2468 suum
311 2424 430 2468 nomen
451 2401 494 2467 ad
515 2401 577 2468 hoc
597 2399 763 2489 professus
782 2400 880 2466 fuerit
900 2409 956 2464 aut
977 2399 1075 2483 alios,
1106 2410 1142 2466 ut
1163 2400 1309 2467 similiter
1329 2405 1461 2470 nomina
1482 2428 1541 2472 sua

119 2503 251 2584 darent,
272 2499 455 2584 induxerit,
481 2523 625 2567 necnon
649 2501 704 2588 qui
724 2498 854 2566 chartas
876 2499 1130 2587 conspiratorias
1152 2501 1320 2588 scripserit
1337 2501 1390 2568 vel
1411 2505 1445 2570 in
1463 2507 1539 2570 scri-

119 2601 224 2668 bendo
253 2623 410 2689 praesens
432 2609 489 2666 aut
509 2601 695 2667 adiumento
723 2599 835 2684 buerit,
864 2597 1034 2686 publicave
1055 2597 1130 2664 illas
1150 2603 1356 2688 proposuerit
1375 2613 1432 2669 aut
1454 2603 1540 2670 clan-

119 2701 226 2768 culum
259 2700 469 2786 disperserit3
501 2701 578 2766 item
604 2700 659 2786 qui
685 2698 822 2766 alterum
858 2707 970 2764 contra
998 2697 1311 2766 animadversionem
1337 2702 1479 2769 debitam
1508 2714 1582 2772 etto

120 2819 345 2890 quamcunque
365 2821 514 2887 poenam,
534 2823 632 2888 quam
652 2799 705 2864 vel
724 2809 831 2866 rector
852 2797 904 2863 vel
925 2799 1030 2885 ipsius
1050 2798 1102 2864 vel
1123 2799 1346 2868 universitatis
1368 2801 1539 2870 consilium

119 2900 316 2988 irrogaverit
346 2906 402 2964 aut
428 2900 575 2986 irrogare
596 2896 745 2982 voluerit,
767 2896 940 2964 defendere
961 2907 1017 2964 aut
1038 2897 1210 2965 sublevare
1229 2922 1405 2988 aggressus
1425 2903 1540 2987 fuerit;

119 3002 226 3089 quive,
246 3009 283 3064 ut
298 2999 388 3064 natio
399 2999 570 3086 quaepiam
591 3000 625 3064 in
644 2995 702 3062 tali
721 2999 852 3083 negotio
874 2993 1117 3080 admisceretur,
1138 3021 1329 3088 quocunque
1349 3002 1446 3068 modo
1467 3025 1539 3091 per·

119 3101 244 3166 fecerit:
269 3097 382 3164 borum
398 3099 498 3184 igitur
512 3099 654 3164 omnium
667 3095 833 3186 quodlibet
850 3096 906 3183 qui
920 3097 1121 3162 commisisse
1144 3099 1310 3165 confessus
1331 3101 1539 3168 convictusve

120 3199 225 3283 tuerit,
246 3199 275 3265 is
297 3207 333 3263 ut
353 3199 445 3286 pacis
466 3206 497 3263 et
516 3195 708 3264 concordiae
728 3194 875 3263 turbatm
896 3195 1109 3262 intolerabilis
1130 3219 1173 3264 ex
1194 3199 1405 3268 universitate
1424 3211 1580 3271 nostrate

122 3297 319 3366 scholastica
342 3295 530 3364 excluditor.

712 3495 879 3549 statutum
896 3495 954 3548 XII.

488 3649 535 3696 os
556 3648 614 3713 ns,
637 3649 696 3710 om
717 3645 901 3696 snassrnu
922 3645 1174 3696 numerantur.

204 3766 279 3851 Qui,
302 3775 427 3832 arrecto
448 3766 609 3847 astrictus,
631 3772 792 3830 contemta
812 3763 1022 3849 magistralia
1040 3765 1213 3830 autoritate
1225 3787 1306 3832 ausu
1318 3769 1451 3856 proprio
1472 3767 1536 3835 dis-

121 3869 270 3950 cesserit,
299 3877 349 3934 ter
370 3865 411 3931 de
432 3885 520 3930 more
541 3865 655 3930 citetrr
676 3873 709 3929 et
731 3871 914 3945 moneatur,
942 3885 982 3928 ac
1009 3861 1127 3930 deinde
1154 3863 1198 3930 ad
1223 3863 1455 3952 relegationem
1481 3868 1580 3937 vello

122 3968 219 4032 etism
238 3966 456 4034 exclusionem
477 3985 538 4051 pro
560 3985 596 4028 re
616 3985 656 4028 ac
676 3984 816 4050 persona
835 3961 1040 4049 procedatur.

705 4165 866 4218 statutum
883 4163 955 4216 xm.

626 4315 673 4363 DE
694 4312 851 4363 amanus
873 4311 1028 4362 annosis.

203 4433 362 4500 Famosos
382 4430 508 4500 libellos
528 4431 670 4498 omnium
691 4447 872 4518 temporum
899 4427 1025 4516 legibus
1050 4428 1230 4518 prohibitas
1257 4444 1290 4498 et
1316 4455 1424 4520 poena
1442 4436 1537 4520 gravi

123 4543 250 4599 auteres
271 4531 400 4598 illorum
421 4532 555 4598 affectos
576 4533 705 4598 scimus.
736 4531 820 4598 Nam
841 4527 969 4594 occulta
987 4527 1389 4614 malorumodiainbonos
1401 4534 1577 4620 impunett

122 4634 266 4718 grassari
285 4631 374 4698 nullo
394 4643 490 4721 pacto
510 4630 678 4698 ferendum
701 4643 765 4715 est3
796 4631 887 4719 prius
909 4629 995 4694 enim
1016 4629 1137 4694 famam
1157 4629 1238 4696 haec
1259 4633 1419 4719 impetunt
1440 4655 1537 4722 quam

124 4732 306 4820 praevideri
319 4734 492 4820 potuerint,
515 4741 547 4798 et
556 4733 676 4798 iniuria
697 4754 771 4798 cum
791 4732 967 4818 ignoretur,
988 4729 1085 4815 isqui
1099 4729 1206 4796 intulit
1216 4729 1402 4820 propulsari
1416 4733 1535 4818 nequit.

126 4831 234 4914 Quare
253 4831 526 4900 consentientibus
547 4831 696 4898 omnibus
717 4831 913 4898 universitas
934 4837 1045 4896 nostra
1067 4829 1261 4898 scholastica
1289 4832 1402 4898 sucat
1429 4841 1462 4896 et
1482 4829 1536 4896 de-

229 5138 240 5188 ι
261 5131 300 5190 so
318 5129 392 5188 steht
406 5129 592 5202 maeoseu
