3762 6074
353 475 414 540 478
839 471 889 523 Die
908 469 1129 536 philoropbische
1149 471 1278 524 recurrat.

432 659 478 722 18.
507 672 738 722 lamnarum
758 669 1081 722 marsrssmoamt
1102 669 1265 720 taurona
1285 667 1569 718 nrsrnnssctorsse
1591 669 1638 716 ET
1658 669 1693 717 [ll

691 770 891 820 APERTIONE
913 771 1150 820 remmus
1170 769 1444 820 PROPONENDUH.

435 901 529 989 „Ego
558 902 604 967 ll.
629 903 717 984 iuro,
761 902 847 988 quod
875 925 935 967 nec
964 903 1096 968 accione
1126 923 1186 968 nec
1210 901 1354 984 ulcione,
1397 923 1458 966 nee
1482 922 1542 988 per
1563 923 1616 966 me
1637 922 1697 966 nec
1715 923 1766 989 per

353 1001 460 1086 alium,
482 1002 604 1068 directe
626 1001 678 1067 vel
699 1001 866 1082 indirecte,
888 1001 989 1068 verbo
1010 1001 1061 1066 vel
1082 1002 1168 1066 facto
1190 1001 1242 1067 vel
1263 1003 1377 1089 quovis
1399 1000 1463 1066 alio
1482 999 1581 1066 modo
1601 1001 1700 1066 velim
1721 1025 1765 1066 me
1859 1041 1860 1094 l

310 1101 536 1184 evindicare,
579 1103 606 1166 si
641 1101 683 1166 ad
715 1111 912 1186 temptamen
934 1123 999 1166 non
1021 1100 1176 1166 admittar
1197 1101 1248 1168 vel
1268 1102 1372 1166 eciam
1393 1109 1469 1188 post
1488 1109 1690 1187 temptameu
1711 1101 1765 1165 rei·
1859 1095 1860 1098 '

354 1201 432 1282 ciar,
461 1200 520 1264 sub
544 1223 648 1286 poena
668 1203 818 1287 periurii,
852 1201 940 1288 quod
960 1200 1197 1266 contrafaciens
1216 1201 1289 1286 ipso
1309 1201 1395 1264 facto
1418 1201 1564 1278 incurro,
1597 1209 1630 1264 et
1649 1211 1767 1264 centum
1859 1221 1860 1226 ¹

352 1299 556 1381 florenorum,
576 1322 712 1386 quorum
733 1298 889 1365 medietas
913 1298 1008 1364 cedat
1027 1299 1085 1382 illi,
1107 1322 1202 1387 quem
1226 1301 1273 1364 sic
1296 1297 1433 1380 offendo,
1463 1297 1530 1364 alia
1556 1320 1637 1364 vero
1658 1298 1767 1364 medie
1859 1375 1860 1384 ἵ

352 1408 403 1462 tas
426 1397 522 1462 cedat
541 1398 696 1462 facultati.
739 1399 795 1464 Sic
818 1422 870 1464 me
888 1398 967 1464 dens
989 1397 1124 1463 adiuvet
1143 1410 1176 1463 et
1196 1409 1309 1464 sancta
1331 1397 1533 1482 evangelia“
1577 1396 1672 1462 Idem
1691 1399 1767 1464 inra-

352 1506 493 1561 mentum
517 1497 731 1584 praestabunt
753 1509 898 1588 tempore
919 1499 1096 1586 apertionis
1117 1497 1338 1584 temptaminis
1359 1505 1392 1562 et
1413 1497 1517 1562 eciam
1538 1498 1709 1562 marinis

313 1671 345 1726 10
473 1667 521 1730 19.
542 1681 590 1728 DE
612 1681 728 1729 POENA
748 1681 1019 1730 MOLESTANCIUH
1040 1679 1308 1728 exarmatores
1330 1679 1394 1727 SEU
1413 1679 1661 1728 mrrnl'roana

436 1811 551 1878 Nullus
574 1814 702 1878 actione
721 1811 774 1878 vel
794 1811 925 1894 ultione,
946 1836 1005 1900 per
1028 1835 1062 1878 se
1083 1811 1135 1876 vel
1156 1833 1216 1898 per
1237 1809 1351 1892 alium,
1380 1810 1503 1876 directa
1531 1811 1586 1877 vel
1607 1811 1769 1894 indirecte,

354 1910 455 1976 verbo
477 1911 530 1976 vel
550 1913 636 1978 facto
657 1911 710 1977 vel
731 1933 922 1999 quocunque
945 1912 1009 1978 alio
1031 1910 1128 1978 modo
1148 1913 1284 1997 impetat
1309 1909 1362 1975 vel
1391 1909 1540 1976 molestet
1567 1911 1709 2000 aliquem
1734 1911 1770 1977 de
1859 1965 1860 1974 ,

352 2011 520 2096 magistris
540 2009 593 2076 vel
615 2010 891 2076 examinatoribus
912 2034 973 2098 pro
994 2034 1042 2093 eo,
1065 2009 1151 2097 quod
1172 2009 1311 2094 aliquem
1332 2009 1373 2074 de
1395 2010 1527 2076 suited
1545 2011 1690 2097 gradum
1710 2035 1769 2077 ma·

354 2111 481 2194 gisterii
501 2109 554 2174 vel
575 2131 712 2174 examen
734 2131 776 2174 ex
798 2132 898 2175 causa
918 2109 1111 2176 racionabili
1130 2129 1196 2174 non
1225 2107 1374 2192 admisit,
1416 2109 1470 2175 vel
1501 2113 1607 2176 eciam
1641 2112 1770 2176 eundem

313 2218 343 2273 15
353 2211 445 2274 iuxta
467 2210 703 2275 conscienciam
725 2231 818 2274 snam
839 2219 871 2274 ot
892 2211 1108 2274 iuramentum
1130 2207 1301 2294 impedivit
1328 2207 1380 2272 vel
1408 2218 1576 2297 tamquam
1605 2211 1771 2297 indignum

352 2310 475 2374 reiecit.
518 2308 727 2376 Contrarium
747 2308 870 2372 faciens
891 2307 976 2374 ultra
997 2317 1124 2374 reatum
1142 2309 1288 2394 periurii,
1317 2306 1404 2395 quod
1425 2310 1499 2396 ipso
1520 2310 1608 2376 facta
1631 2313 1770 2392 incurrit,

354 2419 387 2473 et
407 2417 535 2472 centum
557 2408 754 2474 florenorum
775 2429 923 2493 poenam,
952 2429 1091 2494 quornm
1112 2406 1269 2472 medietas
1297 2406 1393 2472 cedat
1418 2407 1465 2472 illi
1495 2408 1548 2473 vel
1568 2394 1653 2492 illis,
1682 2431 1771 2497 quem

357 2506 410 2573 vel
432 2529 514 2593 quos
536 2507 584 2572 sic
605 2507 733 2593 impetit
753 2517 810 2570 aut
831 2505 991 2588 molestat,
1012 2506 1078 2570 alia
1099 2505 1256 2571 medietas
1279 2504 1375 2571 cedat
1393 2507 1550 2590 facultati,
1578 2511 1685 2574 eciam
1706 2531 1770 2596 per-

355 2617 451 2694 petue
479 2628 500 2670 a
526 2603 681 2670 facultate
710 2607 835 2669 arcium
857 2607 899 2670 sit
920 2605 1082 2670 exclusus.
1125 2605 1267 2671 Tenetur
1288 2606 1392 2670 eciam
1413 2607 1551 2674 faculm
1572 2608 1622 2674 illi
1638 2607 1693 2674 vel
1704 2608 1770 2690 illis,

313 2709 412 2794 toqui
433 2706 480 2770 sie
500 2705 668 2790 impetitur
690 2713 746 2767 aut
766 2705 973 2791 impetuntur,
995 2705 1185 2770 molestatur
1206 2714 1263 2769 ant
1285 2703 1512 2789 molestantur,
1543 2705 1679 2773 realiter
1706 2731 1770 2772 cum

355 2805 471 2872 effectu
492 2805 661 2884 assistere,
693 2813 743 2885 et,
776 2805 804 2866 si
826 2825 908 2890 opus
929 2804 1044 2886 fuerit,
1066 2805 1169 2868 eciam
1192 2803 1252 2868 snb
1273 2806 1428 2890 expensis
1447 2805 1613 2872 facultatis
1634 2810 1770 2895 propriis

354 2903 491 2970 eundem
508 2901 561 2966 vel
580 2900 721 2984 eosdem,
742 2903 847 2968 eciam
870 2925 891 2966 a
911 2901 1166 2988 quibuscunque,
1188 2904 1263 2968 totis
1282 2902 1409 2969 viribus
1424 2903 1595 2972 defensare
1614 2919 1657 2992 et,
1680 2931 1770 2996 quan·

353 3013 421 3070 tum
442 3005 476 3068 in
496 3003 558 3068 ea¹
577 3001 685 3084 fircrit,
703 3023 893 3067 assecurare
912 3023 1038 3067 necnon
1057 3001 1200 3068 totaliter
1222 3001 1409 3089 exbrigare.

395 3209 444 3272 20·
465 3217 562 3280 QUOD
582 3217 619 3266 m
640 3217 796 3268 namma
816 3218 942 3267 EORUM
962 3219 1128 3268 mersam
1150 3217 1339 3266 rnnmt'rnrt
1359 3219 1542 3270 navabatur
1563 3223 1736 3272 EXCESSUS
1859 3249 1860 3280 t

893 3302 1249 3368 morsrmrnoauu.²

311 3462 345 3519 25
436 3449 582 3531 Quilibet
600 3451 831 3537 magistrorum
850 3451 890 3514 de
913 3450 1047 3516 consilio
1075 3449 1257 3532 facultatis,
1291 3471 1350 3537 per
1380 3450 1536 3518 decanum
1565 3457 1600 3520 in
1632 3457 1770 3523 examine

353 3573 480 3618 morum
500 3551 684 3636 requisitus,
706 3561 831 3614 tenetur
852 3549 998 3615 revelare
1020 3573 1172 3616 excessua
1194 3548 1354 3615 notabiles
1377 3560 1408 3616 et
1428 3553 1683 3620 insufficiencias
1703 3577 1769 3642 pro·
1859 3563 1860 3602 i

355 3648 586 3716 movendorum
607 3658 640 3712 et
658 3649 833 3736 praecipue
856 3649 1169 3734 magistrandorum,
1202 3651 1230 3714 si
1252 3649 1314 3713 sibi
1336 3661 1503 3734 constent,
1531 3651 1592 3718 sub
1615 3677 1673 3720 suo
1694 3657 1769 3718 iura-
1859 3695 1860 3728 1

355 3761 472 3832 mento,
494 3770 577 3835 quae
597 3749 632 3812 in
651 3749 872 3814 confusionem
892 3747 1057 3814 facultatis
1081 3771 1216 3835 vergere
1236 3759 1380 3836 possent.
1859 3743 1860 3746 '

791 3917 841 3979 21.
869 3913 1059 3999 Legatur
1087 3915 1338 4000 magistris.³

312 4057 347 4114 30
434 4045 480 4112 Et
505 4047 539 4112 in
561 4044 676 4112 eodem
698 4047 847 4110 examine
874 4067 999 4112 morum
1027 4047 1162 4134 quilibet
1193 4048 1351 4132 magister
1385 4045 1425 4112 de
1452 4047 1588 4114 consilio
1615 4049 1769 4116 facultatis

355 4149 524 4234 promittat
544 4146 587 4212 ad
608 4168 723 4210 manus
744 4144 860 4210 decani
882 4145 923 4210 de
946 4145 1083 4211 celando
1106 4145 1167 4212 sub
1202 4145 1313 4211 debito
1341 4149 1490 4234 praestiti
1523 4149 1713 4234 iuramenti,
1743 4159 1769 4213 et
1859 4173 1860 4176 ¹

355 4245 496 4310 decanus
519 4247 637 4311 seniori
656 4243 828 4310 facultatis.

356 4406 417 4498 [Bl.
438 4407 509 4498 26¹²]
537 4417 586 4480 22.
609 4410 866 4498 Subscripta
886 4410 972 4496 legi
996 4411 1145 4476 debent
1164 4409 1406 4476 licentiatis
1424 4416 1464 4476 in
1484 4413 1653 4480 artibus
1674 4425 1768 4480 tem·
1859 4389 1860 4412 ἶ

496 4533 600 4597 pore
620 4508 797 4597 petendi
816 4510 1009 4576 favorem
1031 4508 1280 4597 incipiendi,
1302 4533 1405 4598 quae
1424 4511 1634 4580 iurabant

313 4653 346 4710 3⁵
439 4643 533 4730 „Ego
558 4642 606 4706 .N.
629 4643 701 4706 iuro
724 4641 848 4707 decano
870 4653 902 4708 ct
922 4644 1040 4708 vestris
1064 4641 1304 4708 successoribus
1326 4647 1546 4710 reverenciam
1574 4657 1607 4711 et
1627 4647 1765 4712 obedien-

355 4745 440 4810 ciam
461 4745 496 4809 in
516 4742 615 4807 licitis
636 4751 669 4805 et
688 4741 848 4825 honestis,
890 4752 923 4807 et
959 4764 1092 4807 servare
1126 4753 1247 4808 statuta
1274 4755 1306 4808 ct
1335 4743 1506 4809 statuenda
1534 4767 1595 4834 pro
1627 4769 1720 4834 porse
1738 4755 1765 4809 et

438 4985 447 5033 t
469 4973 656 5034 Geschrieben
673 4971 747 5027 steht
763 4991 803 5028 eo.

440 5067 455 5116 2
474 5061 527 5114 Ein
546 5059 631 5114 Theil
648 5057 736 5112 dieser
755 5055 947 5114 Ueberscbrift
965 5055 1038 5112 steht
1055 5057 1106 5112 auf
1122 5059 1221 5113 Rasur.

442 5150 456 5200 ³
475 5143 633 5216 Eigentlich
652 5159 705 5198 nur
722 5142 783 5199 eine
800 5141 967 5213 Randnotia,
983 5141 1057 5199 doch
1073 5142 1161 5199 sebon
1179 5161 1242 5199 vom
1259 5149 1351 5200 ersten
1367 5143 1537 5202 Rubricator
1554 5145 1725 5203 herritbrmd
