3762 6074
855 459 905 512 Dia
924 458 1141 528 philosophirche
1159 460 1287 514 umarus

680 659 729 708 xn
751 643 905 730 poeticas,

717 742 940 826 1rhetoricae,

702 860 726 906 11
748 841 976 908 elementorum
998 841 1308 924 mathematicorum,

686 959 724 1004 111
745 943 1021 1029 interpretationis
1044 959 1192 1007 autorum
1212 943 1381 1028 utriusque
1402 939 1546 1028 linguae,

315 1059 332 1116 5
675 1058 725 1106 1111
746 1041 972 1108 Aristotelicas
995 1041 1221 1130 explicationis
1252 1052 1283 1106 et
1317 1043 1550 1125 grammaticae
1583 1059 1726 1126 graecae
1753 1049 1780 1104 et

748 1138 878 1206 latinae.

357 885 436 952 Post
459 887 625 954 meridiem

441 1289 515 1354 Hac
535 1289 660 1354 ratione
682 1288 848 1358 doctrinae
877 1292 1028 1380 publicae
1048 1294 1103 1380 qui
1130 1293 1291 1380 praesint,
1321 1289 1436 1356 iuditio
1458 1301 1490 1354 et
1517 1289 1682 1354 sententia
1703 1311 1781 1354 conr·

359 1391 447 1454 muni
478 1387 733 1472 designabuntur
761 1401 793 1456 et
819 1393 1062 1472 constituentur,
1092 1401 1123 1455 et
1151 1392 1305 1477 suffragia
1334 1391 1413 1454 ferri
1441 1387 1608 1454 debebunt
1638 1388 1780 1476 diligenti

360 1489 615 1554 consideratione
644 1499 675 1554 et
705 1489 792 1556 fideli
823 1491 937 1574 studio,
966 1503 1002 1556 ut
1034 1491 1148 1577 cuique
1178 1491 1289 1575 generi
1321 1490 1348 1552 is
1379 1489 1600 1576 praeficiatur,
1634 1491 1691 1578 qui
1718 1497 1782 1554 ete
1867 1543 1868 1560 ,

321 1587 519 1673 10dignitate
548 1590 785 1655 communitatis
816 1594 957 1656 maxime
990 1601 1021 1656 et
1052 1613 1094 1654 ex
1126 1589 1264 1654 utilitate
1297 1587 1530 1676 discipulorum
1562 1611 1622 1654 suo
1656 1610 1781 1654 munere

358 1688 524 1752 frurcturus
561 1712 631 1753 esse
665 1689 821 1754 videatur.
862 1690 1015 1755 Decanus
1055 1701 1162 1755 autem
1199 1688 1428 1776 aequalitatem
1464 1687 1698 1774 suffragiorum
1731 1710 1781 1752 suo

359 1787 500 1873 augebit.
543 1788 603 1854 Oui
627 1789 755 1874 quidem
779 1813 892 1854 munus
919 1789 1048 1876 publice
1071 1789 1209 1854 docendi
1234 1789 1331 1853 fuerit
1350 1787 1525 1868 decretum,
1555 1787 1585 1850 ei
1607 1785 1672 1852 boc
1696 1786 1781 1851 deca-

358 1909 419 1952 nus
446 1890 603 1952 accersito
634 1888 676 1954 ad
705 1911 740 1953 se
770 1891 904 1954 seorsim
933 1889 1104 1954 mandabit
1130 1900 1161 1954 et
1189 1888 1412 1953 assiduitatem
1435 1895 1531 1974 atque
1554 1885 1654 1950 fidem
1676 1888 1712 1950 in
1734 1886 1781 1950 do·

362 1987 462 2052 cendo
491 1987 533 2052 ab
564 1989 637 2074 ipso
671 1987 895 2075 stipulabitur,
928 2013 1026 2076 quam
1056 1991 1244 2076 promittere
1274 1988 1397 2053 decano
1436 1985 1534 2050 debet
1562 1987 1609 2068 is,
1640 1982 1706 2072 [15]
1732 1987 1780 2073 qui

322 2087 556 2150 ltfunctionem
578 2089 724 2174 accipiet.
758 2090 831 2153 Non
852 2089 1033 2154 movebitur
1056 2099 1162 2153 autem
1185 2112 1243 2154 suo
1263 2087 1335 2152 loco
1358 2089 1428 2151 sine
1449 2086 1658 2172 gravissimis
1681 2087 1782 2150 causis
1867 2135 1868 2166 ,

361 2182 547 2272 (dequibus
564 2189 689 2253 consilii
706 2187 826 2276 publici
844 2189 984 2274 cognitio
1000 2189 1074 2270 erit)
1096 2189 1265 2274 quisquam
1287 2209 1329 2252 ex
1350 2185 1502 2274 publicae
1523 2185 1697 2250 doctrinae
1717 2207 1783 2273 pro
1867 2167 1868 2192 ¹

358 2286 545 2368 sessoribus,
568 2310 671 2372 neque
694 2289 889 2374 permutatio
912 2288 1028 2353 horum
1050 2289 1114 2352 fiet.

441 2419 493 2482 De
522 2421 692 2507 stipendiis
719 2444 795 2485 vero
824 2432 855 2486 et
882 2420 1084 2486 mercedibus
1113 2419 1212 2484 nichil
1242 2427 1363 2506 potest,
1398 2416 1484 2505 quod
1512 2429 1711 2504 perpetuum
1738 2418 1783 2498 sit,

359 2517 548 2603 praescribi,
572 2543 643 2583 cum
659 2542 724 2584 uon
740 2543 867 2607 semper
884 2521 997 2586 cadem
1017 2542 1231 2605 personarum
1255 2519 1350 2606 copia
1374 2528 1537 2606 suppetat.
1570 2519 1668 2582 Nunc
1682 2531 1783 2582 tamen

316 2619 568 2682 meonetitutum
591 2629 656 2700 est,
680 2629 713 2682 ut
735 2621 900 2706 utriusque
928 2619 1057 2705 linguae
1084 2621 1261 2706 professori
1290 2641 1374 2682 anno
1405 2639 1533 2705 quoque
1555 2617 1684 2705 pendat
1705 2639 1783 2682 rom·

359 2717 498 2780 munitas
528 2719 645 2782 artium
679 2717 748 2782 flor.
781 2735 854 2800 cer,
886 2718 1092 2784 Aristotelico
1125 2735 1185 2801 cn,
1216 2717 1442 2783 mathematico
1474 2734 1517 2781 01,
1546 2726 1580 2782 et
1609 2715 1781 2782 secundum

360 2815 440 2880 haec
461 2827 589 2882 caetera
611 2819 773 2903 stipendia
795 2819 841 2882 sic
864 2817 991 2884 definiri
1011 2819 1073 2883 hoc
1090 2830 1236 2904 tempore
1258 2815 1390 2904 placuit,
1412 2813 1636 2880 mathematici
1652 2814 1781 2880 elemen-

361 2917 436 2980 tarii
457 2938 580 2982 merces
607 2940 714 2980 annua
743 2927 777 2981 ut
807 2919 848 2982 sit
877 2919 946 2983 flor.
969 2937 1026 3001 trs,
1062 2918 1189 3005 physici
1213 2933 1242 2998 e,
1274 2914 1428 2980 rhetorici
1450 2931 1480 2998 c,
1515 2916 1695 3002 poeticis,
1723 2913 1784 2978 dia·
1867 2957 1868 2964 .

360 3015 466 3080 lectici
487 3035 519 3098 L,
541 3017 745 3103 grammatici
765 3035 822 3082 Lx.

1867 3255 1868 3286 l

1867 3419 1868 3464 r

318 3257 351 3314 25
402 3267 449 3315 DE
472 3268 768 3318 SURROGANDlsJN
789 3267 880 3316 hocs
902 3267 1015 3316 VACUA
1038 3267 1209 3316 PUBLICAE
1230 3265 1433 3316 DOCTRINAE
1454 3264 1749 3314 Puosussomuus.
1867 3289 1868 3296 κ

445 3399 480 3464 Si
509 3423 550 3465 ex
581 3400 819 3486 professoribus
851 3400 967 3486 aliquis
996 3399 1134 3464 docendi
1164 3421 1296 3462 munere
1330 3397 1392 3462 sibi
1421 3395 1578 3462 mandato
1606 3419 1674 3463 non
1703 3399 1786 3484 fungi

360 3498 517 3586 amplius,
545 3509 578 3563 et
604 3499 656 3564 vel
684 3501 760 3565 hinc
789 3499 957 3564 discedere
986 3499 1038 3563 vel
1067 3499 1132 3564 alia
1161 3498 1344 3563 conditione
1374 3499 1421 3562 uti
1443 3497 1602 3578 voluerit,
1634 3497 1787 3562 iudicabit

360 3598 420 3663 hoc
437 3597 570 3679 decano,
594 3609 767 3684 antequam
791 3597 939 3679 decedat,
963 3601 1091 3664 omnino
1107 3599 1272 3664 mensibus
1287 3595 1424 3680 duobus,
1446 3607 1482 3662 ut
1505 3598 1626 3682 stipsi
1647 3595 1786 3662 debitum

362 3699 558 3784 stipendium
578 3709 665 3763 recte
688 3697 830 3785 persolvi
854 3708 884 3761 et
907 3697 947 3761 de
970 3698 1071 3763 altero
1093 3698 1141 3762 illi
1166 3697 1356 3763 sufficiendo
1380 3693 1556 3762 deliberari
1578 3699 1694 3782 possit.
1727 3697 1786 3761 De·

364 3917 420 3959 seu
436 3896 521 3981 quod
543 3899 593 3961 sui
615 3900 757 3962 muneris
780 3897 886 3962 adhue
910 3919 1043 3984 compos
1067 3899 1184 3982 attigit.
1218 3894 1282 3984 [16]
1306 3898 1351 3961 Et
1370 3897 1443 3961 ideo
1466 3903 1542 3960 ante
1562 3897 1694 3962 initium
1716 3895 1786 3960 alte

365 3997 432 4060 rius
455 3999 635 4079 semestris,
659 3997 702 4062 ad
731 3997 817 4084 quod
845 3997 936 4061 locus
958 4019 1081 4061 vacuus
1104 4021 1174 4062 esse
1195 3997 1348 4083 incipiat,
1369 3996 1431 4061 hoc
1452 3994 1612 4061 indicium
1636 3996 1678 4061 de
1697 3995 1785 4061 reliu-
1867 4029 1868 4074 t

363 4096 491 4182 quendo
513 4097 583 4162 loco
605 4098 774 4163 doctrinae
795 4097 866 4162 ficri
889 4107 1024 4184 oportet.
1867 4079 1868 4152 l

446 4229 566 4294 Verum
589 4233 617 4296 si
637 4255 724 4296 mors
747 4255 788 4294 ex
810 4229 1048 4318 professoribus
1079 4229 1218 4317 aliquem
1248 4228 1419 4294 abstulerit
1448 4237 1481 4292 et
1508 4229 1579 4294 eius
1606 4229 1784 4306 trimestris,

320 4335 426 4414 siquo
448 4338 550 4392 morte
572 4329 626 4394 ille
648 4330 743 4411 obiit,
775 4329 971 4416 stipendium
1002 4331 1065 4416 ipsi
1094 4329 1237 4395 debitum
1258 4327 1453 4393 haeredibus
1475 4327 1545 4392 eius
1575 4328 1785 4416 persolvetur,

363 4441 393 4491 et
417 4427 457 4492 de
480 4451 664 4492 successore
694 4428 866 4514 diligenter
895 4429 1140 4494 consultabitur.
1182 4426 1325 4494 Dabitur
1348 4436 1454 4492 autem
1478 4448 1591 4514 opera,
1613 4437 1651 4492 ut
1671 4427 1784 4515 reperi·

362 4538 459 4592 antur
482 4527 525 4590 ad
546 4528 699 4614 cuiusque
719 4529 931 4614 professionis
959 4529 1140 4593 doctrinam
1167 4527 1285 4592 idonei.
1333 4527 1488 4592 Decanus
1510 4526 1624 4612 igitur,
1646 4529 1716 4592 sive
1735 4525 1784 4590 uli·

362 4629 433 4715 quis
448 4625 533 4691 ultro
549 4630 769 4692 communitati
791 4629 1046 4692 renunctiaverit
1068 4650 1201 4712 operam
1222 4625 1390 4690 doctrinae
1411 4647 1489 4690 suae
1510 4647 1569 4691 seu
1592 4637 1697 4693 morte
1718 4648 1784 4713 pro·
1867 4631 1868 4704 l

362 4727 496 4791 fessoris
530 4727 676 4810 cognita,
710 4728 766 4792 ubi
800 4729 939 4814 primum
972 4725 1138 4792 commode
1172 4727 1311 4814 poterit,
1344 4747 1383 4790 ea
1415 4725 1457 4789 de
1489 4747 1525 4790 re
1553 4725 1597 4792 ad
1623 4725 1784 4792 consilium
1867 4709 1868 4748 ¹

322 4837 355 4891 40
365 4823 532 4912 publicum
548 4826 664 4891 referet
679 4837 828 4912 petetque
843 4825 885 4890 ab
900 4847 1101 4914 unoquoque,
1121 4835 1157 4891 ut
1175 4827 1210 4890 in
1229 4847 1313 4891 novo
1333 4825 1517 4912 professore
1538 4823 1785 4891 demonstrando
1867 4859 1868 4872 .

363 4928 592 5012 cogitationem
610 4949 701 4990 snam
724 4927 765 4991 ad
788 4927 980 5011 dignitatem
1003 4927 1241 4990 communitatis
1262 4935 1395 4989 nostrae
1417 4933 1449 4988 et
1471 4923 1709 5012 discipulorum
1730 4923 1784 4986 uti·
1867 4923 1868 4984 l

363 5025 486 5092 litatem
514 5027 668 5092 conferat.
720 5028 792 5093 Non
820 5028 946 5091 differet
974 5033 1083 5089 autem
1113 5047 1180 5088 rem
1209 5045 1314 5110 neque
1342 5021 1441 5087 ullam
1469 5025 1675 5088 occasionem
1703 5022 1784 5088 illam
1867 5013 1868 5088 l

364 5125 554 5191 conficiendi
570 5125 721 5212 negliget,
745 5125 948 5212 studebitque
962 5127 1048 5188 iutra
1063 5125 1225 5188 trimestre
1245 5125 1284 5206 ei,
1307 5125 1362 5210 qui
1385 5122 1536 5206 decessit,
1556 5123 1696 5190 alterurn
1717 5121 1784 5188 sub·
1867 5111 1868 5200 l
