3788 6078
609 489 660 540 Dis
677 484 796 540 8111111111
815 501 868 538 von
890 487 1063 541 roca-1520.

630 699 758 792 [Bw]
782 723 1046 788 summepere.

125 869 317 934 Reverendo
337 871 372 934 111
394 869 504 937 Gristo
529 873 616 959 patri
644 893 683 936 ac
712 870 857 954 domino,
881 870 1013 936 domino
1035 870 1161 953 Tiloni,
1189 873 1343 958 episcopo
1365 869 1545 936 Merssbur·

279 971 386 1056 gensi,
407 967 538 1036 domino
558 981 669 1036 nostro
692 971 932 1057 graciosissimo
954 977 1026 1046 (aut
1045 971 1197 1036 multum¹
1219 973 1387 1057 graciose).

165 1176 214 1237 10.
250 1185 393 1248 QUANDO
421 1187 466 1235 ET
489 1179 665 1250 QUALITER
688 1187 846 1236 DECANUS
870 1187 1158 1236 CONVOCAOIONES
1179 1186 1373 1236 DOCTORUM
1398 1187 1507 1236 SUPER

332 1286 636 1336 mraunocucmrut
655 1286 970 1336 PROMOVENDORUM
990 1287 1123 1336 FACERE
1145 1287 1340 1334 TENEATUR.
1573 1281 1589 1336 5

207 1418 273 1484 Ρ1ο
305 1421 478 1485 concordia
513 1419 682 1487 doctorum
716 1419 880 1485 facultatis
918 1418 1064 1485 medicae
1098 1418 1260 1484 servanda
1298 1418 1424 1505 placet,
1461 1419 1548 1504 quod

125 1517 274 1584 doctores
297 1519 441 1584 eiusdem
461 1519 624 1586 facultatis
647 1531 678 1585 et
700 1519 740 1586 de
761 1518 894 1584 consilio
916 1520 1094 1585 existentes
1116 1521 1149 1582 in
1170 1519 1306 1606 locoque
1326 1519 1548 1584 universitatis

122 1629 313 1702 praesentes
343 1629 376 1684 et
399 1617 577 1684 residentes
606 1618 646 1684 de
673 1616 878 1683 examinibus
906 1628 938 1682 et
965 1617 1227 1704 promocionibus
1255 1616 1549 1702 promovendorum

124 1715 268 1782 habeant
283 1716 455 1784 dumtaxat
469 1717 715 1783 emolumentum
729 1717 823 1783 iuxta
838 1726 958 1782 statuta
974 1717 1115 1805 desuper
1131 1716 1228 1783 edita.
1271 1715 1423 1782 Decanus
1440 1727 1549 1782 tanum

123 1839 183 1902 pro
206 1828 352 1905 tempore
374 1819 534 1902 existens,
555 1826 709 1904 quantum
732 1816 803 1882 ficri
824 1815 978 1904 possibile
1000 1829 1065 1900 est,
1092 1819 1126 1882 in
1156 1821 1222 1884 suis
1252 1815 1590 1882 convocacionibusto

122 1915 282 1982 faciendis
315 1917 399 1983 banc
431 1915 528 1982 debet
559 1915 680 1982 habere
709 1915 1141 1999 111111111111111,11111111
1171 1915 1317 1982 celeriter
1339 1914 1547 1982 convocando

122 2014 272 2080 doctores
294 2015 470 2102 procedat,
503 2018 679 2103 praecipue
712 2017 747 2080 in
776 2015 979 2103 quorundam
1011 2015 1179 2081 doctorum
1207 2025 1282 2080 actu
1305 2016 1492 2100 negancium
1515 2025 1547 2079 et

123 2114 339 2180 residencium
354 2114 517 2198 absencia,
538 2114 714 2182 dummodo
734 2124 884 2202 speratur
899 2113 992 2180 brevi
1007 2115 1130 2181 reditus
1152 2137 1263 2182 eorum
1286 2126 1318 2179 et
1338 2135 1431 2178 mora
1451 2116 1549 2200 pauci

123 2215 283 2302 temporis
297 2212 528 2300 promovendis
542 2215 673 2279 minime
687 2224 773 2280 esset
787 2215 913 2278 nociva.
946 2213 1088 2302 Reputat
1109 2226 1217 2280 autem
1238 2214 1388 2301 praefata
1409 2212 1548 2278 facultas

122 2312 266 2378 nedum²
293 2313 378 2377 hunc
412 2312 575 2378 doctorem
605 2323 680 2378 actu
710 2322 890 2398 regentem,
918 2315 973 2400 qui
999 2312 1129 2401 publice
1155 2314 1189 2378 in
1214 2312 1311 2378 scolis
1337 2311 1474 2398 legendo
1496 2312 1590 2378 velit

122 2413 227 2477 eciam
243 2410 455 2499 practicando
469 2411 607 2495 laborat,
631 2411 805 2477 sedeciam
821 2410 922 2494 illum,
945 2413 1036 2500 quia
1056 2411 1174 2478 talibus
1197 2414 1338 2478 cessavit
1359 2423 1391 2476 11
1413 2422 1548 2499 propter

125 2521 275 2595 aetatem,
297 2533 380 2600 quae
401 2533 554 2576 acervum
577 2511 794 2599 periculorum
815 2509 957 2594 adducit,
979 2522 1077 2576 vacat
1097 2522 1129 2576 et
1150 2513 1297 2600 quiescit

122 2744 292 2812 Statuta
312 2745 608 2810 concernencia
635 2742 1013 2811 baccalauriandos
1037 2747 1078 2809 in
1098 2744 1327 2828 medicinis,
1355 2767 1460 2832 quae
1489 2745 1551 2808 eis

323 2844 409 2930 legi
433 2843 603 2927 debent,
625 2844 716 2909 dum
737 2846 900 2909 instant
926 2865 998 2930 pro
1020 2843 1351 2910 baccalauriatu.

334 3033 383 3092 11.
411 3043 745 3093 succumbamus
773 3044 889 3091 DEBll'l'
917 3044 998 3092 11881]
1022 3043 1339 3092 111ΜΑΤ1110111111Τ118.
1558 3033 1593 3090 20

204 3173 320 3240 Nullus
348 3185 578 3262 promoveatur
606 3176 648 3242 ad
677 3175 815 3263 aliquem
845 3173 984 3261 gradum
1012 3175 1175 3240 facultatis
1205 3171 1263 3262 [db]
1296 3175 1458 3256 medicae,
1487 3175 1549 3238 nisi

120 3279 213 3364 prius
236 3274 427 3342 matriculae
448 3286 579 3341 nostrae
602 3277 824 3340 universitatis
847 3278 889 3340 sit
908 3277 1085 3362 inscriptus
1115 3285 1146 3340 st
1175 3277 1333 3361 integram
1357 3275 1549 3360 peccuniam

120 3376 205 3442 solvi
228 3384 414 3440 consuetam
438 3377 643 3440 universitati
666 3373 806 3456 dederit,
834 3373 895 3438 boc
924 3385 973 3439 est
1000 3374 1110 3439 decem
1140 3395 1283 3460 grossos.
1326 3373 1422 3454 Quod
1446 3375 1548 3437 eciam

120 3473 314 3561 intelligitur
336 3474 376 3538 de
398 3476 563 3539 extraneis
590 3473 793 3539 assumendis
822 3485 854 3538 et
882 3473 1112 3561 promovendis
1133 3497 1191 3562 por
1213 3473 1407 3540 facultatem.
1450 3471 1494 3536 llt
1513 3474 1546 3536 in

120 3576 183 3642 hoc
206 3583 384 3663 paupertas
404 3575 565 3640 neminem
587 3571 768 3639 excusabit.
1554 3579 1589 3635 25

253 3781 300 3842 12.
329 3789 662 3840 BACCALAURIANDUS
682 3791 824 3838 IURABI'P
844 3790 998 3839 SERVARE
1021 3791 1180 3840 STATU'I'A
1202 3787 1426 3840 succursum.

205 3905 322 3974 Nullus
356 3916 585 3995 promoveatur
615 3908 650 3971 in
676 3904 916 3970 baccalaurium
949 3907 982 3971 in
1016 3906 1206 3991 medicinis,
1237 3908 1301 3971 nisi
1327 3907 1420 3992 prius
1441 3925 1550 3969 coram

123 4008 249 4074 decano
271 4017 302 4072 et
322 4016 391 4072 tota
412 4005 565 4072 facultate
591 4006 748 4071 iuraverit
775 4003 858 4071 velle
888 4005 1023 4070 firmiter
1056 4028 1189 4071 servare
1223 4013 1344 4071 statuta
1375 4003 1549 4086 facultatis,

124 4127 211 4194 quae
227 4116 302 4172 sunt
316 4115 453 4172 cterunt
470 4127 530 4192 pro
548 4102 633 4170 bono
655 4104 818 4170 facultatis
840 4114 872 4169 et
893 4126 953 4192 per
974 4102 1108 4170 eandem
1129 4105 1282 4172 conclusa
1303 4116 1335 4168 et
1356 4101 1549 4191 approbata

192 4313 240 4374 13.
271 4321 606 4372 arcanissimus
633 4322 726 4370 ANTE
753 4321 808 4370 SUI
834 4319 1088 4368 Paouocroruatt
1110 4320 1274 4370 TENETUR
1295 4319 1490 4370 DOC'l'ORUM
1557 4311 1592 4366 30

220 4423 415 4472 anemonas
434 4405 669 4470 01111111111111118
690 4417 871 4469 AUDIVISSE
891 4421 937 4468 ΕΤ
959 4419 1158 4468 FRACTIOAM
1179 4421 1458 4482 FREQUENTASSE.

215 4539 362 4620 Quilibet
372 4538 485 4606 volens
501 4538 686 4625 promoveri
705 4539 739 4602 in
758 4535 999 4601 baccalaurium
1019 4535 1055 4600 in
1074 4534 1244 4620 medicina,
1265 4535 1426 4602 tenebitur
1447 4537 1548 4623 prius,

125 4642 154 4706 si
179 4641 336 4727 magister
357 4639 440 4723 eat,⁴
462 4646 537 4704 ante
564 4634 843 4702 baccalauriatum
871 4633 1020 4701 adminus
1047 4657 1106 4723 per
1133 4634 1314 4720 biennium,
1342 4637 1370 4702 si
1397 4657 1461 4700 non
1482 4657 1548 4699 ma-

216 4911 228 4962 1
248 4904 434 4963 Geschricben
453 4903 527 4962 111111
542 4903 634 4962 mato.

213 4995 229 5046 1
247 4989 340 5047 Ueber
356 4992 453 5045 amdam
470 5011 505 5040 =
523 5007 578 5045 rou
593 4989 681 5046 aalma
697 4989 753 5062 vgl.
772 4988 843 5045 oben
861 4987 888 5044 S.
909 4993 937 5044 11
958 4987 1040 5043 Anm.
1059 4991 1083 5042 2.

214 5080 229 5131 3
250 5073 398 5144 dalipmter
414 5075 451 5130 iat
468 5093 513 5130 am
531 5074 628 5129 Raude
647 5074 861 5145 uachgetragen.

211 5165 227 5215 4
246 5158 301 5214 Dia
319 5157 415 5215 Worte
432 5159 459 5214 si
477 5159 607 5229 moyam
622 5165 661 5213 est
679 5159 741 5214 sind
760 5161 852 5229 1111111
868 5155 977 5230 getitgt.
