3794 6060
337 475 376 542 36
588 471 669 524 Lehr·
690 473 742 524 und
760 471 942 538 Stundcnplan
962 475 1002 524 tiir
1019 476 1071 526 alle
1089 473 1241 526 Facultates
1261 489 1321 526 roni
1340 469 1421 525 Jahre
1442 477 1505 524 1519

337 679 410 722 mus
441 657 611 742 prinecps,
647 655 715 720 dux
747 655 971 742 Georgius,
1003 701 1160 723 ...........
1174 660 1183 699 ¹
1213 656 1449 722 Germanorum
1485 657 1617 740 ingenia
1648 657 1758 742 inepta

338 756 484 822 discendi
511 755 713 844 docendique
734 758 859 821 ratione
881 765 1019 828 aetatem
1041 766 1073 821 et
1093 767 1221 844 tempus
1250 756 1324 844 plus
1351 777 1454 842 aequo
1483 755 1622 842 perdere
1644 776 1760 841 eogno-

338 861 455 939 visset,
485 867 612 920 maturo
635 856 769 921 consilio
791 858 929 942 optimas
950 855 1080 943 legendi
1101 855 1303 943 docendique
1324 857 1468 921 rationes
1494 856 1528 919 in
1555 855 1691 941 singulis
1712 854 1758 919 fa·

339 955 513 1022 cultatibue
533 957 691 1038 instituit,
714 967 749 1021 ut
771 955 938 1042 sigillatim
958 957 1045 1021 iulia
1067 956 1314 1043 explicabimus.

313 1132 328 1186 5
834 1138 1013 1188 arcuatas
1036 1139 1270 1189 rnuouoalca.

421 1255 487 1321 Sed
507 1254 592 1319 unde
613 1255 811 1340 auspicatius
833 1276 929 1338 quam
951 1278 971 1319 a
992 1276 1086 1320 sacra
1112 1256 1277 1342 theologia
1307 1255 1486 1336 ordiemur,
1516 1275 1599 1340 quae
1626 1275 1686 1340 per
1713 1263 1759 1317 to·

337 1367 405 1420 tum
425 1355 587 1420 hominem
608 1354 783 1418 fiduciam²
812 1363 943 1419 sanctae
966 1357 1035 1442 spei
1057 1355 1234 1439 refocillat,
1262 1378 1355 1420 sacro
1378 1354 1546 1419 eharitatis
1567 1355 1643 1440 igne
1663 1353 1762 1434 fovet,

340 1455 404 1520 tide
426 1453 619 1520 confirmat?
639 1453 733 1518 Haec
755 1454 1088 1541 contemplacionem³
1109 1456 1251 1544 inclytae
1275 1456 1431 1520 trinitatis
1450 1452 1611 1518 mentibus
1633 1453 1762 1538 ingerit,

336 1555 418 1620 haec
441 1565 490 1619 est
512 1555 601 1620 scala
622 1553 749 1636 Iacobi,
772 1577 837 1642 qua
858 1554 965 1620 coelos
986 1576 1087 1641 usque
1109 1556 1331 1620 contendimus
1357 1567 1389 1620 et
1410 1577 1474 1641 qua
1494 1552 1557 1618 ad⁴
1578 1551 1762 1616 Ezechielis

296 1664 328 1720 10
337 1653 532 1720 animalibus
555 1665 587 1720 et
606 1655 688 1718 rotis
706 1653 791 1718 ultra
812 1664 934 1719 terram
961 1653 1124 1719 elevamur
1150 1657 1357 1743 internasque
1380 1677 1458 1743 opes
1478 1653 1680 1740 inspicimus.
1722 1650 1762 1716 ll-

337 1755 399 1819 lius
424 1755 552 1841 singula
574 1753 677 1820 verba
699 1763 953 1836 sacramentum,
974 1754 1091 1842 quibus
1113 1757 1222 1820 anima
1246 1755 1290 1819 ad
1311 1755 1406 1819 deum
1427 1753 1590 1835 volatura,
1610 1761 1646 1816 ut
1666 1749 1761 1815 Plato

336 1857 397 1937 ait,
419 1854 489 1919 alas
510 1862 690 1941 recuperet.
732 1853 780 1916 Ne
801 1851 885 1916 hanc
918 1855 1119 1939 ignoremus,
1149 1853 1385 1919 illustrissimus
1412 1853 1480 1917 dux
1502 1851 1665 1936 Georgius
1689 1849 1762 1914 effe-

336 1957 434 2020 citet
456 1954 640 2035 ordinavit,
673 1964 711 2019 ut
727 1953 761 2016 in
782 1953 885 2017 vetari
907 1960 940 2016 et
959 1975 1044 2018 novo
1073 1963 1282 2037 testamento,
1311 1955 1387 2018 item
1414 1950 1582 2018 autoribus
1610 1949 1761 2016 ecclesia·

337 2056 426 2118 sticis
448 2077 487 2119 ao
508 2052 711 2118 scholasticis
734 2050 847 2116 ordine
869 2051 1051 2140 subscripto
1074 2053 1211 2139 singulis
1233 2055 1326 2118 annis
1347 2054 1524 2140 legeretur,
1547 2051 1687 2137 primum

299 2167 330 2221 15
382 2153 475 2219 Hora
504 2154 567 2218 Vll
586 2175 681 2216 mane
701 2153 735 2216 in
757 2161 821 2216 vet
841 2160 929 2234 test,
950 2152 1012 2218 hac
1033 2163 1157 2218 aestate
1178 2176 1198 2218 a
1219 2153 1304 2219 libro
1323 2152 1487 2218 Geneseos
1509 2149 1719 2237 auspicando.

503 2253 581 2318 VllI
601 2274 696 2318 mane
716 2250 841 2336 legetur
863 2251 897 2314 in
918 2251 961 2316 D.
988 2251 1172 2338 Augustino
1198 2262 1230 2318 et
1251 2253 1468 2340 Hieronymo,
1495 2265 1527 2315 et
1554 2250 1616 2316 hac
1637 2260 1761 2316 aestate

629 2376 648 2416 a
669 2352 762 2417 libris
782 2351 826 2415 D.
846 2349 1019 2436 Augustini
1042 2351 1082 2416 de
1104 2354 1249 2419 trinitate
1268 2352 1320 2417 dei
1342 2352 1537 2417 exordietur.

565 2452 731 2538 llegatur
752 2451 875 2536 primus
897 2449 980 2514 liber
1002 2454 1245 2518 sententiarum.

550 2553 582 2616 II
602 2551 730 2636 legatur
763 2551 797 2614 in
831 2549 1034 2614 scholasticis
1062 2575 1175 2616 sacrae
1203 2555 1342 2640 paginae
1370 2549 1604 2638 scriptoribus,
1635 2559 1668 2614 et
1698 2548 1760 2614 hoc

631 2652 753 2715 aestivo
776 2650 923 2715 semestri
944 2651 978 2713 in
1000 2649 1152 2736 oporibus
1172 2650 1260 2716 beati
1283 2651 1437 2717 Thomas.

536 2751 583 2816 IV
606 2772 706 2836 opera
726 2753 802 2815 novi
822 2751 1006 2815 testamenti
1026 2751 1295 2834 enucleabuntur,
1317 2765 1348 2816 et
1371 2750 1433 2816 hae
1457 2759 1579 2816 aestate
1601 2749 1643 2814 ab
1662 2772 1757 2814 evan·

629 2849 714 2936 gelio
736 2849 950 2914 inchoabitur.

419 2951 503 3018 (lum
532 2951 600 3014 sine
633 2951 845 3014 exercitiis
877 2949 966 3014 nulla
992 2971 1045 3014 ars
1075 2962 1214 3034 constet,
1247 2952 1382 3038 singulis
1406 2953 1572 3018 mensibus
1594 2952 1754 3017 ordinarii

335 3054 484 3118 doctores
514 3049 727 3138 disputabunt
750 3061 781 3114 et
802 3048 946 3134 qualibet
968 3051 1019 3116 die
1039 3051 1173 3117 Veneris
1194 3051 1411 3117 hebdomatim
1435 3053 1576 3118 decanus
1600 3052 1755 3138 theologi·

293 3155 383 3219 tisis
406 3149 684 3239 disputacionibus
707 3149 976 3215 extraordinariis
1006 3151 1215 3238 praesidebit.
1260 3153 1327 3217 Nec
1349 3152 1467 3218 desunt
1488 3156 1759 3219 concionatu-

334 3256 393 3319 ris
415 3253 503 3335 loca,
528 3250 644 3338 quibus
668 3271 702 3314 se
723 3257 906 3315 exerceant

799 3435 977 3483 FACULTAS
999 3435 1164 3484 lUlllDlCA.

414 3555 518 3619 Nemo
539 3564 603 3635 est,
626 3549 763 3616 candide
784 3549 904 3632 lector,
927 3553 981 3638 qui
1003 3553 1146 3636 ignorat,
1168 3550 1433 3616 iurisconsultum
1452 3553 1594 3617 iustitiae
1616 3563 1753 3620 asserto-

334 3677 402 3719 rern
425 3675 496 3718 esse
519 3655 612 3742 quasi
634 3649 831 3736 Delphicum
861 3650 960 3715 totius
988 3651 1129 3716 civitatis
1159 3649 1339 3727 oraculum,
1367 3654 1422 3737 qui
1450 3652 1689 3718 consultoribus
1716 3677 1756 3720 ao

292 3765 326 3820 30
338 3753 507 3818 clientibus
529 3755 562 3816 in
582 3751 680 3816 rebus
703 3751 832 3814 atllictis
855 3772 949 3836 opem
971 3751 1034 3814 fert
1056 3760 1096 3832 ot,
1119 3761 1154 3814 ut
1175 3751 1256 3815 alter
1270 3749 1399 3837 Apollo,
1422 3753 1591 3817 consilium
1615 3777 1755 3819 eommu-

332 3856 431 3934 nicat,
454 3853 523 3916 sinc
545 3873 607 3936 quo
630 3851 772 3914 humana
795 3851 987 3914 commercia
1008 3861 1039 3914 et
1058 3849 1262 3938 respublicae
1291 3862 1439 3916 constare
1455 3857 1653 3938 nequeunt.⁵
1685 3854 1758 3919 Hoc

335 3953 579 4018 fundamentum
607 3950 790 4032 libertatis,
821 3948 898 4012 hic⁰
925 3949 995 4013 fons
1024 3952 1211 4036 aequitatis3
1245 3973 1336 4016 inens
1363 3974 1490 4039 quoque
1518 3962 1550 4017 et
1572 3957 1700 4020 animus
1725 3965 1757 4019 et

336 4053 505 4118 eonsilium
533 4061 565 4115 et
593 4052 751 4116 sententia
781 4049 922 4112 civitatis
953 4051 1058 4135 posita
1088 4061 1137 4115 cst
1164 4053 1197 4114 in
1225 4050 1362 4136 legibus.
1405 4052 1450 4116 Ut
1476 4075 1516 4116 cx
1546 4053 1607 4118 hoc
1628 4078 1756 4142 quoque

334 4153 506 4242 gymnasio
529 4173 639 4215 rerum
668 4148 874 4236 publicarum
904 4150 1124 4214 moderatores
1152 4161 1184 4216 et
1214 4152 1356 4216 iustitiae
1382 4151 1567 4218 defensores
1601 4157 1757 4238 oriantur,

291 4253 574 4320 35illustrissimus
595 4251 748 4337 princeps
771 4249 937 4312 constituit
958 4261 990 4314 et
1005 4249 1177 4335 ordinavit,
1199 4261 1235 4316 ut
1250 4251 1463 4338 quadriennio
1484 4254 1627 4340 perfecta
1641 4257 1758 4320 utrius-

335 4377 397 4442 que
417 4353 497 4417 iuris
522 4351 639 4438 peritia
660 4348 744 4414 hoel
763 4350 888 4414 ratione
910 4349 1103 4415 traderetur.

408 4660 417 4710 1
440 4653 540 4722 Einige
558 4669 629 4723 gana
650 4646 831 4704 unleserliehe
851 4647 957 4704 Worte.
1059 4651 1191 4718 2firluea'e
1208 4650 1305 4720 Vogel.
1406 4653 1505 4708 ³Hor
1521 4657 1761 4728 emttonploos'oas.

409 4745 423 4794 1
444 4738 592 4792 Entweder
609 4734 680 4790 fehlt
696 4735 740 4789 ein
759 4733 855 4800 Wort,
880 4739 951 4788 etwa
967 4736 1078 4788 modium
1095 4735 1162 4806 (rgl.
1180 4735 1312 4790 Hesekiel
1332 4739 1356 4804 1,
1374 4743 1390 4791 5
1406 4736 1445 4808 fg.
1470 4742 1501 4808 3,
1522 4747 1551 4797 11
1568 4740 1621 4812 fg.)
1639 4741 1706 4798 oder
1721 4745 1762 4798 ad

334 4825 370 4878 iet
388 4841 423 4877 zu
439 4822 543 4876 iindcrn
563 4821 592 4873 iu
607 4827 644 4874 ut.

411 4905 563 4977 treepnbl.
594 4905 604 4974 ΙΙ
632 4903 733 4972 arrpuit.

412 4999 427 5048 b
445 4993 507 5058 loc,
525 4991 576 5045 dae
594 4988 723 5059 t'olgende
734 4986 815 5041 wore
831 4987 869 5042 iet
886 4987 949 5042 sehr
965 4988 1126 5044 undeutlich
1143 4989 1330 5061 geeohrieben‚
1346 5009 1409 5048 man
1427 4993 1531 5048 hiinute
1545 4996 1616 5050 auch
1631 4995 1761 5052 versucht

335 5076 406 5144 eoin,
416 5082 517 5146 forum
530 5092 563 5128 zu
579 5075 660 5127 lesen.
684 5069 767 5124 Auch
779 5072 806 5125 in
818 5073 871 5126 den
885 5073 961 5126 dann
976 5072 1123 5144 folgenden
1135 5075 1251 5130 Worten
1267 5075 1303 5129 ist
1313 5077 1472 5133 schwerlieh
1484 5079 1562 5134 Alles
1573 5081 1602 5134 in
1617 5079 1760 5153 Ordnung.

413 5167 425 5216 1
447 5159 537 5232 Vogel
557 5155 678 5213 schreibt
691 5155 813 5226 peritiae
831 5159 881 5212 ina.
