3748 6070
334 461 394 528 334
825 457 876 508 Dis
898 453 1117 522 philosophiam
1136 455 1263 508 memus

333 661 407 706 rum
431 661 491 726 per
519 637 677 704 decanum
698 635 871 704 facultatis
908 636 963 706 Ad
984 659 1065 726 ques
1087 636 1228 704 decenus
1248 645 1280 702 et
1300 637 1540 702 examinatores
1559 633 1758 718 transibunt,

334 749 366 804 et
390 737 503 804 volens
530 737 668 824 aliquem
698 736 868 803 admittere
895 747 994 824 ponat
1021 739 1091 802 sine
1116 736 1190 803 dolo
1217 748 1250 803 et
1275 735 1390 802 frande
1418 737 1525 823 pisum
1552 734 1597 800 ad
1623 736 1758 800 mitram

335 840 449 927 ipsius,
475 836 588 902 volens
614 846 721 901 numm
740 837 864 902 reicere
892 844 993 922 ponat
1018 836 1131 902 eodem
1152 834 1248 904 modo
1268 833 1431 922 lapillum3
1461 857 1526 923 qua
1543 835 1759 922 imposicione

335 959 396 1025 pro
423 935 572 1002 omnibus
599 957 700 1024 usquo
727 935 771 1001 ad
799 935 896 1000 finem
923 933 1094 1021 completa,
1119 933 1179 1000 fiat
1201 935 1392 1000 scrutinium
1417 935 1585 999 mitrarum
1605 934 1640 997 in
1661 954 1758 1020 prae
1856 1021 1857 1026 ἵ

293 1047 311 1102 5
337 1038 441 1103 sentia
462 1035 577 1101 deceni
598 1044 630 1099 et
655 1035 912 1100 examinatorum
934 1035 1086 1117 omnium,
1113 1033 1294 1101 inchoando
1316 1056 1337 1098 a
1357 1034 1530 1121 principio.
1571 1033 1617 1098 Et
1639 1033 1757 1098 nitria
1856 1029 1857 1080 1

334 1138 410 1224 pisa
428 1137 463 1200 in
480 1135 576 1199 mitra
597 1133 733 1199 alieuius
753 1131 966 1221 promovendi
987 1131 1030 1198 nd
1049 1134 1155 1198 minus
1181 1134 1315 1198 inventa
1340 1133 1469 1215 fuerint,
1498 1134 1541 1198 sit
1572 1131 1757 1214 admissns3

334 1236 364 1300 si
385 1243 490 1300 autem
511 1244 577 1299 tres
599 1231 702 1320 lapilli
723 1233 766 1298 ad
785 1234 891 1298 minus
912 1231 958 1298 ibi
979 1233 1101 1298 inventi
1121 1233 1250 1315 fuerim,
1273 1234 1315 1298 sit
1335 1235 1484 1317 reiectus,
1504 1231 1631 1322 absque
1646 1231 1758 1320 eliqua

332 1334 479 1400 ulteriori
508 1333 615 1399 vocali
643 1332 842 1399 inducciona
882 1330 926 1396 Et
957 1331 1062 1398 nullm
1094 1333 1323 1420 magistrorum
1353 1331 1413 1398 sub
1445 1353 1506 1398 sua
1538 1331 1757 1412 consciencia,

343 1431 421 1522 quid
441 1435 640 1520 imposuerit,
662 1432 759 1498 debet
779 1430 876 1496 alicui
897 1431 1069 1498 revelarc¹

296 1643 327 1700 10
430 1639 479 1699 47.
510 1649 557 1698 nn
579 1647 872 1697 nusrousrorusos
892 1647 1013 1696 cuncta
1033 1649 1101 1697 nnn
1122 1648 1290 1697 occasune
1309 1649 1557 1698 enouovmmrs
1577 1648 1652 1699 sort

926 1746 1159 1798 sseresmnrs.

414 1880 498 1947 Item
519 1879 659 1946 decanus
681 1879 741 1946 sub
762 1903 867 1968 poena
886 1881 1020 1968 periurii
1040 1879 1119 1945 nulli
1141 1878 1360 1967 promovendo
1377 1903 1437 1968 per
1453 1902 1489 1945 ss
1500 1879 1553 1946 vel
1575 1903 1635 1969 per
1653 1879 1756 1946 alium

335 1990 456 2047 certam
483 1981 727 2067 responsionem
753 1979 849 2044 debet
875 1981 1052 2066 assignare,
1081 2001 1141 2044 nec
1168 1979 1271 2046 eciam
1297 1979 1581 2046 vicecancellarius
1609 1981 1755 2046 existens

337 2081 377 2147 de
400 2080 552 2147 facultate
573 2081 706 2162 arcium,
728 2078 787 2145 sub
811 2077 924 2144 eadem
944 2100 1059 2166 poena.

297 2290 327 2346 15
365 2285 416 2348 48.
436 2295 484 2344 ns
505 2295 620 2346 nonus
641 2294 910 2344 uonnsrsscrmr
928 2295 1196 2346 numerosus
1215 2296 1261 2344 nr
1283 2297 1330 2345 nn
1350 2297 1570 2348 sssmrmcrs
1589 2297 1714 2347 racun-

913 2395 1014 2443 rsrrs
1034 2395 1173 2444 unone,

911 2531 971 2594 vo.
992 2544 1017 2584 a
1035 2529 1074 2584 Sa
1093 2530 1134 2598 ²¹1,
1152 2533 1175 2585 t.

418 2663 500 2730 Item
519 2661 624 2728 nullus
646 2663 777 2728 accione
797 2661 849 2728 vel
869 2661 1004 2745 ulcione,
1026 2685 1085 2750 per
1106 2685 1141 2728 se
1160 2663 1212 2730 vel
1241 2687 1301 2753 per
1321 2663 1430 2750 alium,
1451 2665 1575 2732 directe
1595 2664 1650 2732 vel
1671 2665 1754 2732 indi-

338 2773 436 2847 recte,
463 2761 564 2828 verbo
589 2760 642 2826 vel
666 2761 753 2827 facto
776 2760 828 2827 vel
853 2783 1045 2849 quocunque
1070 2759 1134 2828 alio
1162 2763 1259 2831 modo
1284 2766 1419 2852 impetat
1444 2765 1499 2832 vel
1524 2765 1674 2832 molestet
1697 2764 1753 2830 ali-

298 2875 436 2951 mquam
464 2859 505 2926 de
531 2861 696 2947 magistris
721 2859 773 2926 vel
804 2859 1078 2927 examinatoribus
1103 2885 1163 2948 pro
1191 2886 1238 2948 eo,
1268 2865 1354 2952 quod
1381 2865 1520 2954 aliquem
1549 2864 1591 2931 de
1618 2867 1685 2932 suis
1710 2865 1753 2930 ad

339 2962 476 3051 gradum
504 2960 683 3047 magisterii
704 2958 755 3024 vel
784 2959 1021 3026 baccalariatus
1049 2981 1090 3024 ex
1116 2983 1215 3028 causa
1242 2963 1432 3030 racionabili
1458 2988 1524 3031 non
1549 2965 1683 3031 admisit
1701 2964 1752 3030 vel

339 3065 443 3128 eciam
463 3058 600 3125 eundem
625 3061 718 3124 iuxta
742 3059 978 3125 conscienciam
1000 3082 1093 3125 suam
1111 3073 1146 3126 et
1164 3063 1379 3128 iuramentum
1399 3076 1565 3153 tamquam
1585 3065 1753 3153 indignum

337 3161 455 3227 reiecit
494 3159 700 3225 Conbamum
720 3159 842 3225 faciens
861 3159 947 3226 ultra
968 3171 1093 3226 reatum
1114 3161 1258 3248 periurii,
1284 3162 1372 3250 quod
1397 3164 1469 3252 ipso
1496 3164 1583 3230 facto
1609 3165 1752 3245 incurrit,

338 3271 371 3326 et
392 3269 518 3326 centum
538 3258 734 3324 florenorum
761 3281 906 3346 poenam,
933 3283 1069 3348 quorum
1095 3259 1250 3325 medietas
1279 3259 1374 3326 cedat
1399 3259 1447 3326 illi
1472 3262 1525 3328 vel
1553 3263 1630 3347 illis,
1659 3285 1752 3348 quem

298 3359 393 3425 tirel
415 3381 495 3446 quos
515 3359 563 3423 sic
582 3359 709 3444 impetit
729 3357 780 3424 vel
801 3357 960 3441 molestat,
983 3355 1067 3446 [6οθ]
1089 3359 1155 3424 aba
1173 3359 1329 3426 medietas
1352 3360 1448 3427 cedat
1465 3361 1621 3445 facultati,
1653 3363 1752 3428 eciam

338 3467 494 3546 perpetue
519 3480 540 3523 a
569 3455 721 3523 facultate
747 3460 870 3523 arcimn
895 3461 937 3525 sit
964 3457 1123 3524 exclusus.
1164 3457 1305 3524 Tenetur
1331 3461 1434 3526 eciam
1461 3459 1601 3527 facultas
1629 3459 1676 3526 illi
1701 3449 1751 3527 vel

339 3557 414 3641 illis,
442 3557 498 3645 qui
519 3557 566 3621 sic
590 3557 755 3644 impetitur
776 3555 827 3620 vel
852 3559 1058 3644 impetuntur,
1085 3556 1273 3623 molestatur
1292 3558 1345 3624 vel
1372 3559 1595 3644 molestantur,
1625 3559 1751 3626 realiter

339 3679 413 3722 cum
434 3657 549 3722 effectu
571 3656 723 3720 assistere
743 3665 789 3739 et,
817 3657 946 3744 siopus
967 3657 1078 3738 fuerit,
1106 3659 1209 3722 eciam
1230 3657 1290 3722 sub
1311 3660 1463 3746 expensis
1489 3659 1653 3725 facultatis
1677 3681 1750 3748 pro-

338 3757 421 3845 priis
443 3753 580 3820 eundem
601 3753 652 3820 vel
673 3753 811 3837 eosdem,
839 3757 940 3821 oeiem
965 3776 985 3819 a
1005 3755 1257 3844 quibuscunque,
1282 3759 1358 3824 totis
1378 3757 1504 3824 viribus
1524 3757 1692 3826 defensare
1711 3767 1750 3840 et,

299 3863 498 3944 :loquantum
516 3853 550 3917 in
569 3875 609 3918 ea
627 3853 733 3938 brerit,
754 3877 941 3922 assecurare
961 3877 1021 3922 nec
1041 3877 1106 3922 non
1125 3856 1267 3922 totaliter
1287 3856 1487 3943 exbrigare.²

390 4058 442 4121 49.
465 4068 559 4132 quor
582 4069 703 4120 enossr
726 4070 888 4121 remens
908 4071 1072 4122 nxsunus
1092 4072 1114 4121 s
1134 4069 1381 4123 reorovmmrs
1401 4073 1516 4123 nncnr
1537 4073 1699 4124 eossnrr.

911 4207 1174 4278 masma

425 4339 507 4406 Item
526 4361 586 4405 nec
606 4337 747 4406 decanus
771 4361 831 4405 nec
858 4340 976 4429 aliquis
1002 4341 1259 4406 examinatorum
1285 4362 1307 4404 c
1333 4339 1583 4411 becealariando
1608 4355 1747 4432 ternpore

342 4441 501 4507 examinis
523 4440 631 4526 capiat
650 4440 703 4506 vel
732 4441 830 4506 faciat
856 4441 931 4528 capi
957 4439 1043 4505 ultre
1064 4461 1123 4504 sex
1147 4462 1289 4526 grossos,
1315 4450 1348 4506 et
1374 4462 1395 4507 a
1420 4442 1642 4528 magistrando
1666 4443 1746 4508 ultra

301 4538 674 4707 ttqlprcprpqeqptlppoena
694 4541 839 4627 periurii,
860 4539 998 4627 demptis
1019 4549 1126 4604 tamen
1146 4540 1301 4626 pecuniis,
1322 4561 1403 4627 quas
1424 4563 1485 4628 pro
1506 4542 1587 4611 loeis
1606 4555 1745 4612 tenentm

421 4910 433 4961 1
453 4901 600 4959 Bcscbluss
615 4921 678 4959 vom
694 4907 734 4960 et.
751 4904 863 4978 August
881 4909 952 4962 1436.

418 4993 433 5046 2
452 4986 599 5044 Beocblnss
616 5004 678 5045 vom
696 4994 734 5044 12
752 4987 872 5044 October
892 4993 963 5044 1436.
