3748 6070
826 475 876 524 Dic
895 475 1114 538 philosophische
1130 477 1259 528 Facultitt.

824 694 875 758 83.
896 707 944 756 nn
966 695 1259 760 nxacurosmua¹

418 825 500 890 Item
527 823 622 912 qnod,
649 823 737 888 facta
758 823 919 890 eleccione
946 824 1071 908 decani,
1093 825 1287 914 deputentur
1315 826 1380 892 duo
1401 828 1545 893 seniores
1567 825 1609 892 de
1629 825 1759 892 consilio

335 925 509 1006 facidtatis,
537 925 591 1008 qui
612 945 677 988 una
698 945 770 988 cum
791 923 913 990 decano
936 924 1108 992 sollicitam
1134 925 1312 993 adhibeant
1339 925 1556 1013 diligenciam,
1584 935 1621 992 ut
1647 925 1759 992 leccio

335 1047 392 1089 nes
415 1033 448 1089 et
469 1024 630 1089 exercicia
659 1021 767 1088 debito
788 1024 868 1088 fiant
888 1047 949 1090 nec
974 1049 1040 1091 non
1068 1025 1134 1092 alis
1162 1035 1283 1093 statuta
1309 1026 1472 1092 facilitatis
1495 1035 1666 1094 servantur
1686 1048 1759 1092 cum

293 1136 309 1189 5
336 1125 457 1190 effectu

397 1281 444 1344 84.
474 1293 519 1338 DE
542 1291 707 1338 STATUTIS
729 1289 943 1339 FACULTATIS
965 1293 1032 1340 PER
1053 1293 1220 1342 nucinum
1239 1293 1468 1342 Pussmcsnnls
1490 1293 1554 1341 SUB
1575 1293 1700 1342 POEM-

418 1409 510 1490 Item,
534 1407 610 1494 quia
632 1429 749 1493 parum
775 1416 826 1472 est
846 1415 967 1472 statiua
987 1407 1039 1473 vel
1058 1410 1131 1474 iura
1152 1409 1299 1490 condere,
1326 1411 1391 1474 nisi
1412 1409 1600 1474 exconcioni
1618 1405 1760 1473 debitae²

338 1509 588 1589 demandentur,
618 1507 757 1588 idcirce,
791 1529 833 1572 nc
862 1508 934 1594 quis
963 1509 997 1572 in
1026 1517 1122 1573 antea
1150 1531 1210 1596 per
1236 1511 1461 1594 ignoranciam
1487 1517 1679 1574 statutorum
1705 1507 1759 1572 ali·

341 1633 403 1698 quo
425 1607 521 1674 modo
549 1627 584 1672 se
609 1605 718 1670 valeat
745 1629 912 1689 excusare,
941 1605 1082 1672 decanus
1108 1631 1170 1695 pro
1195 1617 1342 1696 tempore
1362 1611 1505 1674 existens
1533 1607 1584 1674 bis
1613 1610 1648 1674 in
1669 1608 1759 1673 deca·

300 1719 419 1774 tonate
443 1731 500 1772 suo
530 1715 651 1772 statuta
678 1705 841 1770 facultatis
869 1708 1002 1789 arcium,
1030 1707 1173 1773 eiusdem
1194 1709 1356 1774 facultatis
1378 1711 1548 1796 supposita
1569 1731 1758 1774 concemen-

336 1811 403 1891 cia,
440 1806 499 1871 sub
528 1829 634 1893 poena
660 1807 758 1869 trium
787 1805 997 1889 florenorum,
1024 1807 1170 1873 facultati
1199 1811 1322 1874 arcium
1347 1807 1615 1874 irremissibiliter
1641 1807 1758 1895 persol-

334 1907 527 1987 vendorum,
564 1914 690 1969 tenetur
721 1904 891 1991 publicare
923 1917 955 1970 et
987 1905 1197 1972 excedentem
1228 1908 1280 1972 vel
1313 1907 1507 1973 excedentes
1539 1917 1654 1973 contra
1688 1909 1758 1994 ipsa

335 2016 472 2088 statuta,
504 2004 544 2069 de
576 2026 640 2092 quo
668 2002 719 2068 vel
752 2002 792 2067 dc
823 2003 939 2091 quibus
969 2004 1031 2070 sibi
1063 2017 1204 2090 constat,
1237 2006 1297 2073 sub
1328 2009 1509 2072 iuramento
1544 2029 1602 2072 suo
1631 2006 1758 2072 realiter

334 2105 510 2172 secundum
538 2114 683 2169 tenorem
714 2112 905 2169 statutorum
932 2107 1062 2192 punire,
1091 2106 1125 2170 in
1154 2128 1216 2193 quo
1247 2108 1350 2172 eciam
1379 2106 1517 2172 facultas
1547 2107 1672 2172 arcium
1699 2105 1757 2171 sibi

294 2207 488 2272 nanciscere
508 2213 633 2268 tenetur
656 2226 727 2268 cum
750 2204 873 2268 effectu

417 2545 457 2603 So
477 2542 545 2600 weit
565 2544 619 2601 iat
645 2541 769 2599 dieaelbe
789 2543 886 2600 Hand
904 2543 1109 2618 peccbriebcm
1135 2545 1191 2604 dar
1213 2545 1372 2622 Folpcndc,
1393 2549 1498 2621 apd'ter
1518 2543 1630 2604 wieder
1658 2562 1756 2620 curpe-

336 2643 475 2714 stricbcn,
497 2643 535 2700 ist
557 2661 614 2700 von
634 2643 774 2699 andcrcr.

849 2811 899 2874 85·
927 2824 1009 2873 Vom
1027 2825 1129 2874 Jahrc
1152 2825 1237 2876 14³7.

416 2957 497 3020 Item
525 2952 661 3038 quilibet
689 2955 934 3039 magistrorum,
962 2954 1072 3042 legens
1099 2956 1152 3022 vel
1181 2955 1352 3044 disputans
1381 2957 1521 3042 aliquem
1549 2955 1670 3022 librum
1700 2980 1754 3044 pro

291 3054 439 3142 20gradu
460 3053 698 3118 baccalariatus
719 3055 771 3118 vcl
801 3057 980 3140 magisterii
1005 3058 1039 3120 in
1062 3056 1196 3138 artibus,
1225 3067 1298 3142 post
1324 3056 1420 3122 tinem
1447 3055 1571 3122 laboris
1598 3059 1649 3122 sui
1675 3057 1755 3121 infra

333 3154 528 3242 quindenam
551 3152 593 3216 ad
620 3153 797 3218 maximum
820 3156 879 3220 sub
901 3177 1007 3244 poena
1036 3157 1204 3220 carenciae
1230 3165 1343 3241 pastus
1372 3179 1491 3220 annum
1520 3157 1754 3222 incarnacionis

333 3255 454 3319 domini
475 3263 507 3317 et
532 3252 627 3334 diem,
656 3253 690 3316 in
711 3275 774 3337 quo
795 3255 917 3341 incepit
940 3264 973 3318 et
999 3253 1112 3336 finivit,
1141 3263 1172 3318 ct
1196 3258 1328 3320 nomina
1355 3255 1493 3336 illorum,
1523 3257 1580 3340 qui
1609 3256 1672 3322 sibi
1699 3255 1754 3320 sub

332 3365 478 3440 tempore
508 3352 629 3417 laboris
655 3373 713 3438 per
740 3357 924 3439 pecuniam,
958 3357 1076 3440 pignus
1108 3354 1271 3420 sufficiens
1298 3353 1350 3419 vel
1381 3356 1564 3419 cautionem
1591 3355 1754 3422 fideiusso-

332 3457 415 3520 riam
441 3454 533 3516 iuxta
562 3461 707 3532 tenorem
736 3456 846 3518 statuti
874 3455 1099 3518 satisfecerunt
1118 3453 1170 3518 vel
1198 3477 1271 3518 cum
1296 3453 1336 3518 dc
1367 3475 1425 3518 sua
1452 3463 1647 3540 paupertate
1674 3454 1754 3520 suffi-

290 3557 455 3621 25cienter
476 3552 741 3633 informaverunt,
760 3552 898 3618 fideliter
920 3555 989 3618 sine
1010 3551 1084 3616 dolo
1107 3563 1139 3616 ct
1155 3553 1269 3618 fraude
1291 3553 1333 3618 ad
1354 3552 1474 3618 librum
1495 3555 1678 3640 papireum,
1699 3577 1754 3642 per

332 3653 520 3720 facultatem
543 3651 666 3714 arcium
689 3650 731 3716 ad
754 3651 815 3716 hoc
837 3651 1022 3740 specialiter
1044 3652 1260 3738 deputatum³,
1287 3675 1385 3718 mann
1410 3655 1545 3740 propria
1565 3653 1754 3720 conscribat

333 3753 399 3832 Qui
421 3752 469 3814 sic
490 3750 640 3834 inscripti
662 3749 704 3813 ad
727 3771 863 3814 examen
885 3751 937 3815 vel
959 3761 1158 3837 temptamen
1179 3751 1400 3836 admittantur,
1422 3751 1477 3818 alii
1498 3774 1577 3817 vero
1599 3775 1675 3835 non,
1696 3754 1753 3816 nisi

332 3851 430 3914 talem
451 3847 626 3912 leccionem
649 3847 700 3910 vel
729 3850 923 3913 exercicium
945 3851 1060 3914 iterato
1083 3851 1228 3932 audiant,
1256 3860 1323 3915 tam
1343 3855 1448 3940 primo
1476 3851 1596 3938 legenti
1620 3852 1672 3918 vel
1693 3852 1753 3916 dis·

333 3949 457 4037 putanti
488 3967 584 4034 quam
615 3948 717 4012 eciam
746 3949 887 4014 secundo
911 3971 971 4035 pro
999 3953 1065 4014 suis
1094 3949 1261 4016 laboribus
1289 3953 1496 4034 satisfacturi,
1523 3953 1588 4016 nisi
1615 3953 1752 4017 cumeis

410 4218 420 4266 t
443 4212 526 4268 Diesc
544 4212 734 4270 Uebcrschrift
751 4212 788 4266 ist
805 4215 897 4282 spiter
914 4213 1121 4286 nachgetrageu
1139 4214 1195 4268 und
1212 4231 1285 4270 zuar
1305 4213 1357 4270 mit
1374 4213 1527 4294 pcbwarzer
1544 4216 1638 4272 Tinte.

409 4301 424 4351 2
443 4295 629 4352 Geschrieben
647 4299 752 4366 richila·
771 4296 909 4352 vielleicht
928 4298 965 4352 ist
981 4316 1010 4352 es
1027 4299 1079 4353 das
1094 4297 1215 4352 Adverb.

408 4385 423 4435 3
445 4381 542 4435 Dieser
561 4383 630 4435 tiber
646 4384 779 4452 papiscus
801 4380 849 4434 hat
868 4381 927 4436 sich
944 4382 1077 4437 erhalten.
1113 4382 1153 4436 Er
1174 4381 1290 4450 beginut
1314 4382 1365 4436 mit
1386 4383 1448 4438 dem
1473 4387 1496 4438 2.
1514 4383 1572 4439 Mai
1593 4389 1665 4441 1437.
1693 4383 1751 4454 Vgl.

332 4465 467 4521 Urknndl.
488 4465 603 4530 Quellen
623 4466 649 4519 S.
670 4472 725 4522 853.
763 4466 840 4520 Kurz
858 4467 956 4522 vorhcr
974 4467 1040 4520 wind
1058 4483 1141 4521 unser
1155 4465 1302 4522 Beschluss
1322 4466 1427 4538 gelasst
1444 4469 1555 4524 worden
1572 4469 1641 4526 scin.
1675 4467 1751 4524 Aucb

331 4551 451 4604 erkenne
474 4548 520 4603 ich
541 4550 612 4618 jetat
629 4549 752 4604 deutlich
768 4549 813 4604 die
833 4551 916 4605 Hand
939 4551 987 4605 des
1005 4548 1192 4604 Christoforus
1216 4551 1250 4605 de
1268 4551 1384 4622 Holmis‚
1407 4553 1456 4608 der
1476 4559 1559 4610 isos·
1579 4555 1678 4610 Decan
1700 4571 1752 4608 aar

331 4635 388 4690 und
406 4634 454 4688 der
471 4633 564 4688 diesen
576 4633 723 4687 Bescblusa
741 4633 925 4708 eigenhitndig
939 4635 1119 4706 cingetragen
1137 4633 1193 4689 hat.
1221 4633 1321 4706 Spiter
1338 4635 1374 4689 ist
1390 4653 1420 4692 er
1432 4636 1532 4693 wieder
1548 4637 1751 4694 durchstrichen

330 4719 447 4786 worden,
467 4717 525 4771 und
542 4733 577 4771 an
596 4717 651 4772 den
668 4717 748 4770 Rand
767 4718 802 4772 ist
819 4719 998 4789 geachrieben
1017 4727 1106 4772 vacat.
1126 4718 1206 4772 Auch
1224 4717 1325 4773 furdie
1336 4719 1404 4789 Zeu,
1421 4737 1502 4775 nanu
1519 4723 1578 4778 dies
1595 4722 1751 4795 geschehen,

332 4801 416 4857 bietct
429 4803 509 4872 jenes
526 4799 606 4856 Bucb
626 4799 763 4855 vielleioht
779 4803 858 4856 einen
876 4803 989 4872 Anhalt,
1006 4804 1043 4858 da
1061 4819 1090 4856 cs
1110 4801 1187 4856 nicht
1207 4803 1303 4876 linger
1317 4803 1488 4876 fortgefiibrt
1504 4807 1541 4860 ist
1564 4809 1606 4863 als
1628 4809 1671 4865 bis
1693 4825 1750 4864 sum

329 4885 416 4942 dabre
435 4891 506 4942 1440.

408 4971 461 5024 Mit
480 4968 636 5024 Sicherheit
658 4967 725 5040 geht
749 4967 859 5026 bioraus
878 4971 985 5040 berver,
1007 4971 1072 5025 dass
1094 4969 1138 5026 dic
1158 4971 1376 5028 comustehendc
1393 4989 1464 5029 neue
1481 4973 1750 5035 Statutenredaction

330 5071 379 5108 vor
404 5054 456 5110 den
476 5055 585 5126 Beginn
609 5052 658 5108 des
683 5051 948 5112 Summersemcsters
975 5060 1036 5110 1437
1061 5054 1130 5110 faut
1166 5055 1250 5110 Auch
1274 5055 1383 5114 scheint
1406 5057 1450 5114 die
1473 5059 1566 5132 Hand,
1590 5063 1693 5120 welche
1714 5062 1750 5117 sic

329 5137 538 5209 niedcrschricb,
555 5140 599 5194 die
618 5137 666 5192 des
684 5137 825 5192 Hermann
843 5139 877 5196 dc
894 5139 1036 5210 Heltpurg
1052 5157 1087 5196 au
1106 5139 1172 5210 sein,
1192 5140 1241 5196 der
1260 5145 1345 5198 14³6b
1363 5143 1463 5198 Decau
1480 5159 1544 5200 war.
