3794 6066
685 501 805 556 Libellus
823 501 982 557 tumularis.
1488 502 1546 568 113

226 691 277 752 54.
309 701 507 750 muron
528 701 576 750 nu
597 701 771 750 minume
790 702 933 750 emron
952 701 1180 752 snrsrorsnrs
1200 701 1274 752 rou
1295 701 1521 750 ruesnmrms

709 801 777 850 vnn
795 801 1050 852 onrnunssms.

204 915 344 982 Mandat
365 915 513 983 omnibus
536 926 612 983 etc:
644 928 802 1005 quatenus
830 917 974 982 crastina
998 917 1069 983 luce
1090 929 1165 1005 post
1185 926 1293 983 actum
1309 918 1548 986 recommenda-

129 1018 222 1082 tionis
252 1017 460 1082 dominorum
485 1016 781 1102 maffl'strandorum
809 1015 844 1080 in
867 1013 1011 1102 collegiis
1032 1038 1071 1081 ac
1091 1015 1198 1082 bursis
1223 1041 1354 1083 suarum
1374 1018 1548 1085 habitatio·

128 1140 201 1182 num
230 1118 302 1182 sive
330 1118 526 1180 stantiarum
553 1138 623 1182 sese
652 1115 850 1198 contineant,
879 1137 940 1180 nec
969 1118 1124 1182 convivas
1152 1115 1283 1202 prandii
1303 1118 1488 1185 Aristotelis
1511 1130 1575 1184 act

128 1219 271 1304 ipsorum
291 1216 461 1282 ministros
481 1216 516 1280 in
536 1215 589 1281 vel
610 1223 705 1282 extra
723 1213 841 1299 locum,
863 1214 920 1280 ubi
942 1213 1064 1282 dictum
1083 1213 1256 1281 habebitur
1267 1218 1451 1304 prandium,
1473 1241 1549 1304 quo-

129 1318 177 1381 vis
195 1315 293 1382 modo
315 1315 513 1402 impediant,
541 1315 724 1396 molestent,
753 1314 961 1397 conturbent,
992 1337 1051 1381 seu
1071 1313 1181 1380 verbis
1203 1326 1259 1380 aut
1277 1316 1372 1382 factis
1394 1319 1549 1383 iniuriose

131 1413 372 1504 quomodolibet
403 1413 581 1497 offendant,
618 1437 678 1480 uec
705 1415 803 1479 etism
830 1413 925 1478 dictis
957 1415 1115 1480 ministris
1142 1416 1227 1479 inter
1251 1416 1491 1503 apportandum
1518 1429 1550 1483 et

130 1512 365 1602 deportandum
392 1513 518 1579 mbaria
545 1524 577 1579 et
605 1517 740 1600 patagia
767 1513 890 1602 ahquid
918 1537 936 1580 e
963 1513 1131 1596 menibus,
1164 1515 1304 1580 scutellis
1340 1539 1398 1581 seu
1424 1515 1550 1604 poculis

130 1613 285 1680 violenter
307 1612 421 1679 tollere
442 1635 624 1702 rapereque
645 1621 862 1700 praesumant
905 1611 974 1678 Sub
994 1635 1100 1701 poena
1120 1616 1214 1679 unius
1234 1614 1350 1680 flor-eui
1371 1625 1431 1682 etc.
1561 1627 1593 1683 10

173 1820 222 1881 55.
254 1829 454 1879 munerun
472 1831 520 1878 nu
540 1829 612 1880 sou
634 1831 871 1880 osnnunnuoo
894 1831 1063 1880 couvrvss
1085 1832 1154 1880 sur
1176 1830 1297 1880 nonus
1317 1833 1502 1882 um1srn0s

679 1930 768 1979 ross
791 1929 988 1979 vssrsums.

208 2043 273 2134 [Bl.
290 2042 366 2133 24⁸]
399 2043 536 2111 Mandat
557 2045 705 2111 omnibus
728 2055 806 2111 eta:
841 2055 999 2133 quatenus
1027 2044 1090 2110 hoc
1118 2047 1248 2133 vesperi
1269 2057 1344 2135 post
1365 2059 1472 2115 actum
1496 2075 1550 2118 ve·

129 2148 325 2233 sper-iarum,
356 2168 416 2232 pro
446 2145 586 2232 dominis
613 2167 725 2210 sacrae
753 2145 935 2232 theologiae
963 2145 1142 2209 hcenciatis
1162 2145 1197 2210 iu
1216 2144 1350 2213 lectorio
1371 2149 1551 2216 ordinaria-

128 2269 197 2310 rum
218 2246 480 2332 disputationum
503 2245 629 2332 collegii
650 2267 689 2309 .n.
711 2247 845 2310 iamiam
866 2243 1111 2326 celebrandum,
1137 2243 1181 2308 ad
1201 2245 1338 2333 collegia
1359 2249 1411 2314 vel
1432 2249 1549 2316 bursas
1562 2263 1592 2317 t5

129 2369 258 2412 suanum
285 2343 523 2411 habitationum
554 2347 623 2410 sive
651 2347 842 2409 stantiarum
870 2367 941 2410 sese
972 2344 1134 2430 recipiant
1159 2355 1190 2408 et
1218 2345 1340 2412 ibidem
1360 2371 1431 2414 sese
1452 2353 1550 2416 conti-

127 2456 236 2530 neant,
258 2467 321 2511 nec
341 2446 533 2531 magistros,
563 2443 711 2510 doctores
733 2443 877 2529 aliosque
898 2428 1052 2534 hmpites,
1082 2442 1125 2508 ad
1147 2442 1307 2510 dictarum
1326 2451 1551 2534 vesperiarum

129 2545 334 2611 collationem
357 2545 520 2627 invitatos,
542 2545 576 2607 in
597 2542 650 2607 vel
671 2553 764 2608 extra
786 2542 914 2609 stubam
938 2566 987 2626 .n.,
1015 2541 1071 2608 ubi
1097 2542 1172 2608 telis
1194 2543 1322 2610 collatio
1344 2547 1396 2612 vel
1416 2549 1549 2615 refectio

129 2645 315 2726 habebitur,
339 2646 453 2732 quovis
476 2642 572 2708 modo
595 2643 789 2730 impediant,
812 2640 983 2707 molestent
1003 2663 1061 2707 seu
1080 2643 1260 2728 offendant,
1290 2668 1351 2710 nec
1373 2648 1471 2712 etiam
1492 2650 1549 2714 mi·

129 2745 237 2810 nistris
266 2743 442 2809 eortmdem
468 2742 634 2829 hospitum
655 2745 738 2808 inter
761 2741 1000 2830 apportandum
1022 2751 1055 2807 et
1075 2741 1312 2830 deportandum
1334 2747 1593 2816 conlectiones20

130 2853 160 2908 et
184 2844 319 2932 potegia
346 2840 469 2930 aliquid
500 2864 517 2906 e
545 2839 691 2906 lancibus
718 2841 770 2908 vel
796 2841 922 2929 poculis
950 2840 1064 2907 tollere
1088 2863 1145 2906 seu
1166 2865 1282 2930 rapere
1303 2845 1356 2912 vel
1378 2848 1551 2935 quomodo-

130 2943 206 3008 libet
226 2943 376 3008 iuiuriari
399 2950 617 3029 praesumant
658 2940 727 3007 Sub
749 2964 855 3029 poena
875 2941 971 3006 unius
992 2940 1108 3006 floreni
1131 2951 1191 3006 eto.

215 3132 264 3196 56.
296 3143 491 3192 mnarum
512 3142 559 3190 Du
581 3142 654 3191 NON
674 3142 913 3192 GONDUCENDO
936 3141 1007 3190 CUM
1028 3143 1131 3192 ARMIS
1150 3143 1218 3190 VEL
1240 3143 1460 3194 annuemus

720 3240 956 3291 RECEDENTES.

209 3359 349 3424 Mandat
381 3357 529 3424 omuibus
559 3369 632 3424 eta:
664 3367 821 3446 quatenus
854 3357 977 3423 nullum
1009 3359 1154 3445 ipsorum
1188 3358 1341 3446 deinceps
1370 3359 1593 3430 studentemtt

132 3458 182 3524 vel
204 3457 385 3541 studentes,
408 3481 449 3523 ex
470 3458 532 3524 hoc
553 3458 674 3546 oppido
696 3458 900 3544 repatriandi
918 3456 971 3522 vel
991 3455 1057 3524 alia
1077 3481 1178 3524 eausa
1198 3459 1401 3524 recedentem
1427 3485 1484 3528 seu
1503 3487 1552 3529 re·

133 3559 297 3641 cedentes,
325 3581 399 3622 cum
420 3557 555 3644 gladiis,
583 3557 772 3645 cuspidibus
795 3556 909 3624 aliisve
930 3559 1045 3640 artms,
1073 3580 1263 3647 quocunque
1283 3561 1414 3626 nomine
1434 3585 1474 3628 ea
1495 3587 1552 3652 ap·

134 3657 247 3744 pellari
267 3657 452 3744 contigerit,
474 3665 530 3723 aut
549 3657 658 3723 velata
678 3657 763 3722 facie
785 3656 964 3722 conducere
984 3656 1038 3722 vel
1061 3659 1146 3722 inter
1170 3657 1414 3728 conducendum
1437 3663 1552 3732 clamo·

132 3779 182 3823 rea
202 3755 376 3823 horribiles
398 3759 541 3822 excitare
563 3780 621 3822 seu
640 3755 818 3822 cantilenas
837 3756 1024 3822 inhonestas
1038 3779 1097 3844 per
1110 3760 1202 3824 vicos
1215 3770 1247 3824 et
1260 3759 1385 3847 plateas
1399 3763 1551 3850 vagando

133 3855 320 3939 decantare,
352 3855 405 3922 vel
438 3879 648 3944 quaecunque
678 3855 743 3922 alia
773 3853 984 3945 illi[24b]eiu
1013 3856 1259 3946 indecentiaque
1292 3869 1411 3927 extunc
1438 3875 1596 3952 perpe-30

132 3965 216 4022 trare
238 3967 436 4043 praesumat.
478 3955 546 4022 Sub
567 3977 674 4044 poena
694 3957 790 4022 unius
811 3978 994 4043 sexagenas
1015 3979 1121 4024 novae
1143 3968 1200 4024 etc

441 4145 490 4206 57.
522 4157 640 4205 sonna
653 4155 855 4241 scrumosus
877 4155 1036 4207 autentos
1059 4157 1248 4208 russos1r1.

213 4273 283 4338 Nos
306 4271 354 4337 ‚ll
376 4281 483 4340 rector
505 4283 616 4340 tenore
637 4273 857 4361 praesentium
878 4270 1008 4360 publice
1032 4272 1227 4361 requirimus
1250 4284 1347 4363 atque
1369 4291 1552 4368 perempto·

133 4373 179 4438 rie
202 4375 341 4438 citamus
363 4371 411 4438 ll.
431 4382 464 4436 et
484 4373 550 4457 .N.,
572 4371 679 4438 dietae
698 4383 830 4439 nostrae
850 4372 1070 4438 universitatis
1092 4373 1270 4458 studentes,
1293 4387 1452 4464 quatenus
1468 4381 1554 4446 intra

132 4481 196 4538 tres
218 4471 306 4554 dies,
339 4469 523 4536 huiusmodi
543 4480 673 4538 nostrae
693 4472 894 4560 requisitioni
914 4493 954 4536 ae
973 4471 1117 4536 citationi
1138 4475 1299 4558 parendo,
1326 4497 1437 4544 coram
1457 4478 1594 4546 nobitas

131 4573 316 4657 nostrisque
337 4570 532 4637 consiliariis
553 4582 585 4637 et
606 4571 826 4638 assessoribus
848 4573 882 4636 in
907 4579 1039 4636 nostrae
1058 4569 1172 4636 solitae
1193 4573 1388 4642 residentiae
1410 4588 1466 4644 aut
1488 4578 1551 4645 alio

132 4674 178 4738 eis
199 4668 399 4757 assignando
422 4669 494 4736 loco
515 4671 728 4760 persouahter
750 4679 974 4759 compareant,
996 4669 1187 4738 obiiciendis
1208 4695 1267 4760 per
1287 4698 1347 4744 uos
1372 4699 1412 4742 ac
1431 4699 1551 4764 propo-

131 4771 246 4838 nendis
267 4769 417 4836 veritatis
437 4771 621 4838 interventu
641 4773 846 4859 responsuri,
877 4792 912 4836 se
933 4791 1061 4858 quoque
1083 4769 1123 4836 de
1142 4780 1175 4836 et
1196 4795 1294 4860 super
1315 4775 1476 4842 nonnullis
1498 4799 1552 4842 ex-

133 4869 278 4938 cessibus
306 4892 366 4957 per
396 4892 451 4936 eos
473 4871 535 4948 (uti
557 4871 763 4938 vehementer
783 4869 1001 4958 praesumitur
1022 4879 1054 4934 et
1076 4872 1271 4957 suspicatur)
1292 4878 1487 4962 perpetratis
1508 4875 1551 4940 le·

134 4973 244 5057 gitime
265 4991 306 5036 ac
328 4971 482 5035 canonice
503 4973 732 5057 expurgaturi,
753 4981 808 5037 aut
828 4991 960 5057 poenas,
983 4971 1011 5034 si
1033 4992 1067 5034 se
1089 4993 1186 5057 super
1208 4971 1391 5039 huiusmodi
1410 4977 1593 5041 excessi-tt)

134 5069 193 5136 bus
221 5069 414 5136 obiiciendis
433 5069 576 5156 legitime
597 5091 662 5134 non
682 5070 896 5157 purgaverint
917 5079 973 5134 aut
991 5091 1133 5156 purgare
1154 5073 1376 5159 nequiverint,
1402 5074 1550 5140 effectua-

136 5167 207 5234 liter
227 5168 432 5257 persoluturi.
473 5169 626 5257 Alioquin
656 5167 742 5234 dicto
771 5169 938 5234 eitaeionis
965 5171 1100 5236 termino
1128 5169 1248 5237 effluxo
1274 5171 1317 5236 ad
1339 5193 1450 5238 eorum
1471 5173 1552 5240 rele-

201 5285 421 5325 anruraasnon
438 5285 496 5322 naa
513 5287 587 5323 us1v.
604 5285 725 5323 usmaro.
1364 5277 1383 5340 8
