3768 6072
347 461 409 524 240
925 459 980 510 Dea
997 459 1086 510 kteine
1103 459 1207 523 Colles.

352 661 421 704 sem
442 659 509 704 non
528 638 652 706 hebens
674 662 735 726 pro
757 639 901 727 qualibet
927 643 1110 728 septimane
1131 663 1230 706 unum
1251 661 1400 724 grossum
1422 637 1637 706 effectualiter
1657 637 1773 725 persol-

348 761 425 803 vere
445 737 616 804 tenebitur.

437 843 484 903 13.
505 838 585 902 Item
600 849 775 904 conventor
789 850 915 904 tenetur
935 849 967 904 et
989 838 1085 904 debet
1108 838 1243 924 singulis
1266 838 1496 905 mutationibus
1519 861 1645 926 poenas
1665 849 1774 904 contra

352 935 554 1024 praedictum
575 948 730 1004 statutum
753 938 978 1004 excedentium
1000 937 1154 1024 colligere
1182 959 1221 1003 ac
1242 961 1392 1004 emouere
1417 939 1469 1006 vel
1499 961 1575 1026 per,
1589 937 1774 1004 collectores

315 1048 331 1101 5
357 1036 402 1102 ad
431 1036 494 1102 hoc
525 1035 696 1122 deputatos
728 1039 837 1106 facere
866 1038 975 1126 colligi
1004 1061 1043 1102 ac
1075 1040 1235 1119 emoneri,
1274 1048 1306 1102 et
1336 1038 1420 1104 duas
1450 1049 1561 1124 portes
1592 1038 1774 1104 huiusmodi

353 1159 532 1223 poenarum
561 1159 621 1223 pro
643 1136 759 1202 solatio
782 1149 813 1202 et
839 1140 1012 1204 refectione
1034 1139 1285 1224 suppositorum,
1314 1140 1348 1202 in
1369 1137 1430 1204 hoc
1452 1136 1588 1222 collegio
1609 1141 1684 1204 iure
1704 1137 1775 1202 bur-

352 1235 468 1330 saljpm
489 1236 686 1318 facientium,
699 1237 837 1302 fideliter
857 1259 1002 1323 erogare,
1025 1235 1083 1302 sed
1103 1238 1231 1302 tertiam
1253 1247 1380 1324 partem
1401 1237 1576 1302 earumdem
1598 1259 1775 1324 poenarum

354 1361 412 1424 pro
435 1346 597 1400 structura
621 1348 652 1399 et
670 1337 861 1402 utensilibus
882 1337 1037 1423 coquinae
1058 1335 1304 1422 expendendum
1327 1339 1515 1426 praeposito
1536 1337 1668 1424 collegii
1687 1339 1776 1404 iuxta

349 1438 516 1522 antiquam
536 1435 800 1502 consuetudinem
822 1446 1043 1524 praesentare.

883 1641 1215 1650 ———--——-

312 1799 342 1855 10
434 1792 492 1850 Die
512 1793 677 1868 folgenden
707 1791 809 1850 beiden
835 1793 1058 1868 Peragrcpben
1085 1791 1155 1850 sind
1180 1811 1236 1848 eon
1264 1793 1395 1848 codem
1421 1791 1518 1850 Hand
1545 1793 1774 1868 nacbpetraqea,

348 1895 421 1951 obeo
443 1891 616 1966 Beistt'yunp
638 1889 721 1948 einer
740 1889 940 1960 Jabreseabl5
969 1891 1041 1949 decb
1064 1893 1115 1950 bat
1137 1891 1186 1950 Bt.
1208 1891 1248 1952 2ss
1268 1890 1392 1948 dissolbe
1410 1891 1507 1950 Hand
1526 1889 1707 1950 Beecblt‘isee
1727 1893 1775 1948 des

346 1992 459 2051 Jobres
484 1991 562 2053 1537
583 1989 781 2066 eiopetraqeo.

435 2146 482 2205 14.
511 2133 572 2222 ffll·
596 2132 664 2220 w]
692 2135 774 2200 ltem
806 2135 929 2222 placet,
960 2135 1047 2222 quod
1073 2135 1179 2201 nullus
1208 2135 1471 2202 scholasticorum
1499 2139 1534 2201 in
1561 2137 1700 2223 collegio
1727 2137 1774 2202 vel

349 2242 442 2305 iuxta
460 2235 631 2320 collegium
658 2234 837 2300 scurriliter
865 2235 1009 2317 incedat,
1037 2245 1116 2322 puta
1136 2237 1169 2300 in
1195 2235 1340 2322 diploide
1363 2246 1394 2300 et
1414 2235 1583 2302 tibialibus
1605 2236 1773 2318 duntaxat,

310 2342 420 2404 ttsin'e
443 2335 605 2417 tunicella,
633 2339 666 2398 in
689 2334 830 2399 dedecus
851 2335 978 2420 collegii
1007 2345 1039 2398 et
1061 2334 1249 2400 scandalum
1270 2337 1435 2420 virginum
1457 2347 1489 2399 et
1511 2335 1686 2401 mulierum
1705 2359 1772 2400 nec·

348 2461 414 2503 uon
433 2447 612 2502 ceterorum
634 2435 840 2499 honestorum
862 2433 1027 2500 hominum
1048 2436 1236 2500 intrantium
1258 2446 1290 2499 et
1311 2436 1497 2501 exeuntium
1513 2435 1697 2521 collegium,
1717 2434 1772 2500 sub

349 2559 454 2623 poena
475 2536 616 2622 quinque
637 2555 832 2618 grossorum.

435 2643 482 2700 15.
513 2635 592 2699 Item
621 2632 743 2719 placet,
772 2632 857 2719 quod
879 2631 985 2698 nullus
1007 2633 1271 2699 scholasticos-mn
1294 2635 1379 2698 intra
1399 2633 1452 2697 vel
1480 2657 1584 2721 prope
1606 2634 1772 2720 collegium

352 2745 503 2800 exerceat
525 2755 732 2821 quoscunque
760 2730 854 2796 ludos
877 2730 1064 2818 prophauos
1086 2743 1142 2797 aut
1163 2732 1330 2797 discursus
1353 2732 1561 2798 immodestos
1582 2755 1643 2796 seu
1662 2733 1772 2798 boatus

309 2835 430 2901 toedet
449 2833 646 2912 horrisonos,
668 2831 884 2896 studiosorum
905 2829 1152 2896 interturbando
1173 2835 1312 2918 negotia,
1333 2834 1367 2896 iu
1388 2834 1438 2896 sui
1458 2841 1556 2920 atque
1570 2833 1671 2896 totius
1693 2855 1771 2896 com·

350 2935 515 3000 munitatis
528 2929 743 3017 dispendium,
766 2929 825 2994 sub
848 2953 954 3016 poena
976 2941 1099 3016 septem
1121 2955 1317 3016 grossorum,
1340 2931 1476 3016 collegio
1498 2929 1771 3010 irremissibiliter,

350 3036 604 3122 quotiescunque
625 3029 765 3114 aliquem
780 3029 938 3094 excedere
959 3031 1140 3116 contigerit,
1163 3029 1459 3118 persolvendorum,
1480 3041 1516 3096 ut
1532 3031 1579 3094 sic
1594 3039 1663 3118 ptx
1680 3040 1772 3114 atque

352 3135 531 3200 animorum
560 3128 786 3217 tranquillitas,
814 3127 930 3215 quibus
959 3132 1100 3194 maxime
1123 3129 1281 3196 bonarum
1310 3131 1429 3196 artium
1457 3128 1672 3196 sectatoribus
1695 3153 1771 3216 opus

349 3243 407 3314 cst,
428 3231 524 3316 longe
545 3229 675 3316 lateque
697 3239 904 3316 propagetur.

306 3613 338 3670 25
434 3607 489 3664 Die
510 3603 668 3664 Rttebseite
690 3605 753 3662 und
773 3603 822 3660 ΒΖ.
847 3601 965 3666 18-20
994 3599 1062 3658 incl.
1092 3601 1162 3658 siud
1189 3601 1250 3658 leer
1269 3599 1423 3676 gettieben.
1466 3599 1560 3658 Denn
1587 3603 1708 3678 begine!
1728 3601 1771 3660 dir

349 3707 440 3766 dritte
461 3704 636 3778 Attteitooy
645 3701 662 3772 ¹,
682 3700 839 3760 wiederum
861 3719 917 3758 von
937 3700 1006 3758 Jot.
1027 3698 1125 3756 Fabri
1146 3701 1233 3758 selbot
1255 3703 1452 3776 eopesanpen.

355 3860 553 3954 1.[Bl.21·]
590 3881 692 3929 corn
719 3879 957 3928 mensunusum
984 3879 1308 3927 nscouommmoms
1335 3878 1499 3927 noemam
1521 3880 1625 3928 esum
1645 3881 1769 3928 emmo

629 3980 701 4028 cun
723 3978 905 4026 mersurus
927 3979 1156 4028 consecraris
1178 3979 1282 4026 umus
1304 3978 1477 4028 cotenon.

434 4099 472 4164 ln
492 4099 621 4162 nomine
642 4095 763 4160 domini
778 4095 891 4159 Amen,
914 4094 1045 4160 Annoa
1069 4095 1239 4160 nativitate
1261 4093 1404 4158 eiusdem
1426 4093 1597 4159 millesimo
1619 4094 1769 4181 quadrin-

310 4213 344 4267 30
354 4200 531 4287 gentesimo
544 4196 793 4285 quadragesimo
804 4196 916 4282 quinto
930 4194 983 4258 die
996 4196 1083 4260 lovis
1099 4196 1207 4282 prims
1217 4195 1337 4258 mensis
1347 4193 1474 4280 Aprilis
1483 4197 1579 4275 (1445
1587 4201 1616 4259 ἀ,
1627 4199 1770 4276 mpetu,

351 4299 526 4365 indictione
548 4307 673 4380 octava,
693 4294 774 4362 hora
796 4316 1004 4382 vesperorum
1026 4294 1078 4359 vel
1099 4295 1202 4381 quasi,
1224 4295 1257 4358 in
1278 4293 1449 4358 reverendi
1470 4291 1648 4360 inOhristo
1671 4297 1771 4382 patris

349 4409 384 4464 et
403 4397 536 4480 domini,
559 4395 854 4477 dominilohunnis,
876 4394 1022 4481 episcopi
1032 4392 1322 4480 Merseburgensis,
1346 4414 1385 4458 ao
1405 4395 1480 4475 mei,
1501 4394 1620 4458 notarii
1641 4393 1771 4483 publici,

349 4499 543 4584 testiumque
561 4497 843 4583 infrascriptomm
865 4495 1051 4581 praesentia
1072 4493 1285 4579 personeliter
1305 4493 1469 4557 constituti
1487 4491 1696 4558 honorabiles
1711 4496 1771 4558 viri

350 4609 383 4664 et
408 4598 558 4683 magistri
583 4595 757 4660 Heinricus
787 4593 962 4660 Steinbach
989 4614 1029 4658 ac
1049 4591 1223 4657 Heinricus
1244 4591 1427 4658 Hiltermau
1453 4594 1584 4658 nomine
1603 4593 1771 4660 venerabi·

308 4701 432 4768 ttlium
460 4698 605 4762 vuormn
637 4694 838 4762 dominorum
872 4695 1102 4780 magistrorum
1134 4700 1167 4756 et
1197 4690 1440 4776 collegiatorum
1474 4691 1605 4778 collegii
1637 4694 1771 4760 minoris

348 4797 569 4866 universitatis
598 4794 698 4860 studii
718 4795 903 4883 Liptsensis
930 4803 1023 4880 parte
1053 4815 1095 4856 ex
1121 4815 1187 4857 una
1208 4803 1240 4856 et
1261 4791 1376 4856 Petrus
1399 4789 1517 4858 Piruer
1535 4795 1668 4858 nominc
1697 4815 1771 4881 pro·

423 5071 436 5120 t
454 5064 494 5120 Es
511 5060 606 5117 »chien
624 5060 676 5114 mir
691 5059 744 5114 das
762 5057 935 5125 Passendste,
958 5057 1034 5112 dieas
1051 5056 1136 5112 dritte
1151 5055 1327 5127 Abthcilung
1348 5054 1427 5112 nicht
1448 5073 1484 5111 su
1504 5056 1689 5128 eemtiickelm
1711 5075 1769 5112 son·

345 5151 413 5208 dere
429 5145 598 5218 volutunmg
614 5143 657 5200 ins
675 5142 878 5202 sementum
896 5140 1106 5196 aulzuuchmeu.
