3748 6070
620 333 670 384 Die
689 333 807 386 statutus
826 349 886 386 rom
903 335 985 387 Jahra
1007 334 1079 387 1513.
1496 341 1557 406 295

148 523 235 601 punt
274 511 408 580 Dabunt
428 513 529 600 igitur
550 517 698 602 magistri
720 537 863 604 operam,
889 525 925 582 ut
951 517 998 581 ita
1026 483 1382 604 educenturdiscipuli,
1410 541 1451 584 ne
1477 518 1556 585 mul-

145 625 210 680 tum
232 614 411 704 loquantur,
438 621 472 678 ut
499 613 641 699 garritus
667 625 698 680 et
718 613 931 702 loquacitates
951 616 1035 680 iuter
1054 616 1144 704 ipsos
1167 625 1425 703 compensentur,
1447 641 1557 685 coram

32 719 33 736 ²
146 736 277 780 vercae
304 721 400 802 atque
421 713 494 778 aliie
513 712 627 796 doctis,
656 737 676 780 a
703 713 819 802 quibus
847 725 956 782 errata
984 716 1017 779 in
1044 714 1204 804 loquendo
1226 715 1391 782 emendari
1419 719 1556 805 possint,

30 871 31 888 ,
144 813 242 878 latina
261 812 371 900 lingua
393 814 439 880 uti
460 821 583 900 cogent.
605 814 643 881 Iu
665 814 795 904 reliquis
816 813 940 879 dabunt
962 837 1105 902 operam,
1127 824 1162 880 ut
1183 825 1382 901 compertum
1404 816 1557 901 babeant,

29 966 30 976 ,
143 935 205 978 non
238 911 334 978 modo
364 913 442 999 quid
476 921 575 999 agant
607 911 664 978 sed
698 915 797 978 etiam
829 913 907 1001 quid
939 913 1110 1003 loquantur
1148 912 1309 1002 discipuli.
1348 915 1597 981 Potissimum5

28 1066 29 1122 ,
143 1013 393 1178 ffipprpqque
413 1011 593 1100 produntur
614 1013 753 1098 ingenia.
796 1011 869 1094 Quo
891 1015 994 1080 maior
1015 1036 1095 1082 cura
1116 1023 1150 1080 et
1176 1016 1310 1080 attentio
1331 1014 1406 1080 huic
1431 1016 1478 1082 rei
1500 1013 1557 1080 ad·

769 1230 878 1294 Caput
895 1231 946 1282 Xi.

222 1362 258 1430 Si
278 1363 507 1449 magistrorum
527 1371 664 1450 quatuor
685 1363 824 1446 monitis,
847 1363 1053 1449 oasbgationi
1072 1373 1105 1428 et
1126 1363 1402 1430 animadversioni
1425 1385 1555 1430 conoes-

140 1485 193 1528 sae
222 1462 402 1548 refragatus
422 1461 539 1547 aliquis
560 1461 666 1544 fuerit,
693 1464 723 1528 is
743 1473 912 1528 accusator
932 1462 1021 1550 apud
1048 1463 1233 1551 praesidem
1260 1465 1454 1550 primarium
1483 1475 1598 1530 con-10

139 1561 277 1628 tubemii
298 1572 330 1630 et
356 1563 509 1648 puniatur
529 1548 663 1628 arbitrio
683 1561 778 1628 illius.
821 1563 857 1628 Si
884 1571 994 1628 tamen
1021 1565 1156 1650 gravari
1178 1585 1212 1628 aa
1235 1563 1364 1648 putarit,
1394 1563 1493 1630 bceat
1513 1565 1556 1630 ad

139 1663 273 1728 rectoris
308 1661 495 1728 academiae
529 1662 744 1747 cognitionem
773 1683 969 1750 provocare,
1005 1663 1095 1728 ciuus
1124 1672 1193 1728 tum
1224 1665 1382 1728 sententia
1414 1663 1455 1730 lis
1487 1673 1556 1730 tota

139 1761 332 1827 concidetur.

744 1881 853 1945 Caput
870 1880 939 1932 x11.

216 2011 368 2097 Magistri
388 2013 484 2078 etiam
508 2021 645 2100 quatuor
667 2012 744 2078 deut
764 2034 907 2100 operam,
933 2020 968 2077 ut
994 2033 1118 2078 morum
1144 2011 1344 2078 honestatem
1371 2022 1404 2078 et
1424 2014 1595 2101 elegen-¹5

136 2113 230 2194 tiam,
264 2113 406 2176 maxime
436 2111 512 2176 dum
540 2111 631 2178 cibus
659 2113 796 2198 capitur,
829 2113 944 2200 utque¹
972 2113 1080 2198 ipsum
1106 2133 1200 2177 auum
1226 2111 1389 2198 quoddam
1420 2137 1550 2180 mensae

135 2209 287 2276 decorum
309 2232 419 2276 omues
438 2219 575 2277 servent.
599 2212 763 2299 Imprimis
781 2210 939 2276 clamores
960 2210 1114 2276 aberunt²
1135 2220 1167 2276 et
1186 2211 1450 2278 tumultuationes
1472 2215 1554 2278 vita·

135 2308 260 2374 buntur.
301 2309 370 2397 Ipsi
392 2312 487 2375 etiam
516 2311 674 2396 magistri,
702 2312 870 2398 imperitos
892 2308 969 2396 quid
991 2309 1105 2376 deceat
1126 2309 1281 2392 docendo,
1310 2333 1373 2377 non
1396 2312 1554 2378 facientes

136 2407 337 2494 castigando,
368 2410 533 2496 improbos
561 2420 594 2475 et
622 2410 836 2476 detrectantes
864 2409 1059 2493 mulctando,
1084 2419 1290 2476 contumaces
1316 2411 1404 2498 apud
1433 2412 1555 2498 praesi-

135 2507 207 2574 dem
230 2509 431 2576 oontubernii
453 2509 662 2576 nouandoa
1563 2519 1598 2576 20

741 2663 849 2727 Caput
865 2662 955 2714 xln.

215 2790 366 2875 Muletae,
399 2814 482 2879 quae
512 2817 532 2858 a
560 2795 761 2862 contubernii
789 2795 903 2862 incolis
931 2795 975 2861 ob
1002 2794 1120 2861 delicta
1147 2794 1392 2862 contubernalia
1419 2804 1554 2862 exactae

135 2891 269 2975 fuerint,
291 2915 346 2957 eas
369 2894 517 2982 magistri
539 2906 675 2983 quatuor
699 2894 836 2980 singulis
857 2896 951 2960 aunis
970 2897 1055 2960 inter
1077 2917 1113 2960 se
1134 2895 1250 2981 partiri
1271 2905 1431 2982 poterunt.

747 3097 858 3161 Caput
874 3095 956 3150 XIV.

217 3227 254 3292 Si
276 3226 354 3314 quid
375 3227 588 3310 statuendum,
610 3226 839 3312 mandandum,
860 3226 1050 3293 edicendum
1072 3234 1200 3314 praeter
1220 3249 1268 3309 ea,
1289 3247 1372 3314 quae
1392 3226 1453 3292 hoc
1472 3234 1594 3293 tem-25

134 3349 213 3414 pore
235 3335 365 3409 statuta,
395 3328 558 3411 mandata
579 3327 684 3392 edicta
705 3336 788 3411 sunt,
810 3329 915 3392 visum
935 3326 1041 3410 fucrit,
1068 3327 1103 3392 in
1124 3349 1160 3392 eo
1183 3349 1293 3391 omnes
1315 3324 1457 3391 debitam
1478 3325 1552 3392 obe-

135 3427 288 3492 dientiam
310 3428 528 3514 praestabunt.
555 3427 641 3493 Nihil
664 3437 770 3492 autem
790 3427 842 3493 vel
863 3425 1012 3492 addendo
1033 3425 1086 3491 vel
1107 3425 1304 3490 detrahendo
1325 3425 1375 3490 vel
1398 3426 1552 3494 mutando

134 3526 317 3610 novabitur,
345 3529 407 3594 m'si
429 3526 469 3594 dc
491 3527 650 3593 communi
672 3527 806 3594 coneilio
826 3527 962 3594 rectoris
983 3527 1203 3592 universitatis
1224 3533 1353 3592 nostrae
1375 3535 1407 3590 et
1428 3525 1552 3591 decem-

134 3627 278 3694 virorum
300 3635 332 3692 et
353 3630 580 3716 magistrorum
602 3637 738 3714 quatuor
759 3625 996 3715 praefectorum
1017 3624 1290 3693 administrationi
1313 3625 1525 3714 contubernii.

748 3829 857 3894 Caput
877 3829 941 3882 XV.
1562 3835 1597 3892 30

214 3959 251 4025 Si
272 3960 327 4047 qui
348 3959 389 4026 dc
408 3961 572 4046 magistris
593 3969 730 4046 quatuor
752 3960 912 4028 communi
932 3981 1044 4026 mensa
1064 3961 1111 4026 uti
1133 3959 1302 4040 voluerint,
1330 3961 1496 4046 superiore
1518 3959 1553 4024 in

132 4060 202 4126 loco
224 4059 272 4124 illi
299 4059 444 4124 assidere
465 4071 497 4124 et
518 4060 667 4148 exemplo
693 4083 750 4126 suo
777 4058 820 4125 ad
849 4059 1042 4146 elegantiam
1062 4083 1187 4125 morum
1209 4057 1385 4146 discipulos
1415 4061 1553 4124 invitare

132 4159 259 4224 debant
302 4157 408 4245 Atque
428 4168 496 4224 tum
519 4182 557 4225 eo
577 4159 660 4241 cib0,
682 4161 737 4247 qui
761 4159 834 4223 aliis
856 4156 997 4239 dabitur,
1019 4161 1160 4224 contenti
1185 4167 1287 4240 erunt,
1309 4160 1371 4222 uisi
1393 4159 1475 4224 forte
1496 4159 1552 4224 ali-

130 4259 224 4324 cuius
246 4255 398 4323 valetudo
426 4269 554 4344 poscat,
584 4269 619 4323 ut
648 4258 776 4326 diverso
805 4257 878 4324 cibo
905 4266 1028 4324 utatur:
1059 4259 1223 4322 comeriis
1251 4257 1408 4324 sumtibus
1439 4280 1553 4346 parere

130 4358 261 4444 poterit
304 4356 340 4421 Si
370 4356 498 4444 quaudo
531 4359 629 4424 etiam
659 4357 710 4422 vel
746 4369 913 4424 externum
942 4354 995 4421 vel
1032 4355 1131 4422 alium
1162 4356 1330 4422 honestum
1367 4366 1399 4422 et
1432 4357 1594 4424 bonumtt

129 4458 239 4523 virum
270 4455 473 4522 invitandum
499 4455 629 4524 illorum
656 4456 772 4546 aliquis
799 4455 941 4546 putavit,
971 4455 1097 4539 licebit,
1127 4465 1163 4521 ut
1192 4466 1286 4521 extra
1313 4455 1456 4522 ordinem
1486 4459 1552 4522 arria

136 4552 298 4622 sumtibus
321 4554 445 4642 aliquid
466 4565 556 4622 curet
575 4580 596 4623 a
617 4557 802 4644 praeposito
822 4553 1055 4644 apparandum.

217 4760 228 4810 1
248 4751 436 4811 Gcschrieben
453 4751 527 4808 steht
541 4760 572 4808 ut
588 4771 665 4824 qaue.

214 4844 230 4894 2
247 4837 435 4895 Gaachriebau
452 4835 526 4892 seht
541 4839 655 4894 chariat¹

213 4927 229 4977 ³
248 4919 380 4978 Offenbar
396 4920 466 4978 fehlt
483 4928 569 4978 etwas
585 4921 652 4978 oder
671 4938 700 4976 es
717 4920 754 4974 ist
769 4921 813 4977 eiu
831 4920 929 4978 Pohlar
942 4918 1107 4976 verbanden.
1137 4921 1248 4993 Vogcl's
1264 4921 1408 4978 Abscbrift
1428 4921 1464 4976 ist
1483 4919 1539 4977 t'aat

127 5005 341 5080 dutchgebauds
353 5005 550 5078 unbegreiflich
567 5005 677 5062 sinulos.
696 5003 745 5061 oft
761 5005 810 5062 bat
822 5005 900 5078 jedes
910 5005 992 5064 Wort
1009 5019 1063 5060 von
1075 5004 1127 5060 mir
1144 5005 1293 5062 restituiert
1304 5007 1412 5064 werden
1422 5008 1541 5066 utinen.
