3762 6074
512 487 597 544 Acbte
616 487 878 548 sutursursdssttom
894 503 955 542 rom
973 485 1056 542 dabre
1078 483 1148 542 1558.
1481 473 1540 540 523

117 673 224 758 stitui,
243 672 290 742 ita
306 681 417 742 tanum
436 683 474 742 ut
493 675 646 760 idoneus,
667 695 764 762 quem
785 673 957 742 admodum
979 671 1100 738 dictum
1127 681 1191 753 est,
1220 665 1440 734 substituatur.
1488 655 1542 726 De

118 797 180 864 quo
202 775 231 840 si
251 775 334 840 forte
357 785 541 864 quaeratur,
562 777 819 862 surrogationem
840 775 968 862 longius
990 777 1088 842 etiam
1110 771 1234 838 differri
1254 768 1360 834 liceat

201 873 268 954 Qui
288 884 424 940 mortem
446 875 580 958 obeunt,
604 875 756 963 qnoniam
778 897 837 941 sua
857 884 973 961 sponte
993 897 1057 940 uon
1082 871 1241 937 decedunt
1261 887 1363 954 neque
1385 863 1468 928 ultro
1489 883 1538 926 re·

115 971 267 1059 linquunt
284 971 392 1038 locum
413 995 520 1057 suurn,
542 973 583 1040 de
603 977 650 1040 eis
679 973 809 1059 publica
834 974 1066 1040 deliberatione
1096 971 1322 1048 coustituetur,
1352 963 1446 1052 quid,
1476 981 1538 1046 quo

115 1081 214 1159 pacto
228 1068 294 1159 [17]
311 1093 372 1158 pro
390 1072 520 1138 fortuna
536 1085 568 1139 ct
582 1073 765 1140 conditione
785 1075 940 1161 cuiusque
960 1070 1154 1138 haeredibus
1174 1069 1313 1152 benigne
1334 1063 1405 1128 fieri
1420 1084 1440 1124 a
1453 1083 1538 1126 eom·
1565 1065 1582 1122 5

115 1172 273 1236 munitate
301 1179 389 1236 recte
419 1195 515 1259 posse
534 1173 691 1240 videatur.
733 1173 883 1260 Aequum
913 1181 1021 1238 autem
1051 1179 1113 1252 est,
1144 1170 1178 1234 in
1208 1164 1435 1232 communitate
1462 1182 1540 1226 uua-

116 1291 245 1358 quaque
262 1270 407 1356 singulos
421 1282 576 1358 tanquam
590 1273 737 1340 membra
755 1275 901 1360 corporis
918 1275 1013 1337 unius
1034 1271 1137 1336 foveri
1160 1272 1357 1354 praesentes,
1380 1271 1411 1325 et
1432 1259 1540 1324 adern-

116 1371 159 1437 tis
181 1391 255 1434 cum
276 1369 448 1436 effecdone
476 1371 720 1440 benevolentias
747 1373 848 1440 offitia
873 1373 1003 1460 pietatis
1032 1369 1208 1458 praestari3
1238 1363 1335 1451 idque
1365 1365 1399 1430 in
1427 1369 1540 1425 nostra

117 1469 350 1534 communitate
356 1519 366 1552 ,
397 1472 487 1536 cuius
517 1483 566 1537 est
591 1473 803 1540 humanitatis
831 1482 863 1538 et
890 1472 1048 1538 bonarum
1072 1470 1188 1536 artium
1212 1465 1346 1556 propria
1368 1459 1538 1552 professio,

120 1567 297 1634 studiosius
319 1570 416 1635 etiam
438 1583 470 1636 et
490 1571 649 1659 prolixius
672 1573 742 1638 fieri
766 1595 827 1660 par
849 1581 898 1638 est
919 1595 958 1639 ac
981 1571 1082 1637 dccet.
1550 1565 1581 1622 ¹⁰

326 1755 373 1801 DE
395 1753 553 1805 rusulum
575 1756 891 1806 DISPUTATIONIBUS
918 1757 964 1804 ΕΤ
990 1750 1329 1804 Ducnsusrlouluus

731 1875 835 1940 Caput
859 1877 919 1927 vn.

199 1987 415 2054 Necessariae
436 1991 564 2055 suntin
586 1990 785 2056 scholasticis
814 1989 1120 2078 congregationibus
1150 1987 1193 2054 ad
1221 2008 1312 2074 spem
1341 1982 1540 2071 progressio-

116 2109 193 2152 num
217 2088 466 2154 exercitationes
489 2088 679 2156 dialecticac
701 2101 732 2156 et
751 2090 947 2173 rhetoricae,
975 2113 1057 2178 quae
1080 2097 1153 2154 sunt
1181 2085 1374 2175 praecipue¹
1395 2082 1539 2168 disputa·

117 2187 240 2252 tionum
263 2195 296 2251 et
317 2209 435 2268 rerum,
456 2209 538 2274 quas
558 2191 773 2272 nominarunt,
796 2189 1057 2257 declamationes.
1091 2188 1253 2268 Quoniam
1276 2195 1382 2250 autem
1404 2179 1581 2266 singulistt

116 2285 327 2352 semestribus
357 2285 498 2352 decanus
526 2298 683 2371 mutatur,
713 2311 778 2354 non
805 2293 955 2356 convenit
976 2291 1071 2356 huius
1098 2288 1257 2354 curationi
1285 2287 1472 2348 uuiversum
1491 2302 1540 2344 rc·

117 2395 264 2472 spectum
287 2384 542 2474 disputationum
565 2390 739 2472 committi3
771 2391 805 2454 in
836 2392 938 2456 nimia
970 2391 1066 2454 etiam
1100 2391 1270 2474 minusque
1302 2391 1456 2448 accurata
1478 2381 1539 2444 fre-

117 2487 250 2570 quentia
271 2484 528 2573 disputationum
556 2510 608 2554 res
639 2487 734 2553 facile
765 2491 928 2576 corrumpi
952 2489 1040 2556 solet.
1083 2487 1280 2554 Ordiuariae
1307 2484 1407 2568 igitur
1429 2480 1539 2566 dispu-

115 2586 255 2650 tationes
276 2583 413 2672 singulis
431 2585 596 2652 mensibus
612 2585 695 2652 duae
711 2589 917 2654 instituentur
932 2588 972 2655 de
991 2589 1150 2654 sententia
1166 2585 1282 2652 decani
1298 2591 1329 2648 ct
1340 2579 1540 2646 Aristotelici

115 2683 401 2771 mathematicique
423 2695 456 2749 et
476 2685 603 2772 physici
625 2686 825 2772 professoris.
869 2688 914 2752 Hi
936 2690 1019 2754 enirn
1038 2686 1221 2774 gubernare
1244 2681 1408 2747 debebunt
1430 2678 1583 2766 dispu-20

115 2785 275 2850 tationem
296 2793 479 2848 tractatum.
521 2784 617 2850 Prius
640 2787 750 2870 itaque
771 2809 868 2874 quam
889 2789 997 2876 capita
1025 2786 1280 2874 disputationum
1309 2790 1540 2870 proponantur,

117 2879 184 2972 [18]
208 2882 339 2968 cognita
359 2882 416 2948 illa
437 2894 493 2949 aut
515 2883 701 2971 probabunt
722 2895 778 2950 ant
799 2885 1036 2973 improbabrmt.

200 2981 345 3048 Dabitur
374 2991 481 3048 autem
507 2985 685 3070 praemium
708 2985 852 3070 praesidi
875 2985 1101 3072 disputationis
1130 2985 1270 3072 quinque
1297 2981 1421 3066 grossi,
1453 2975 1540 3065 (pro-

116 3081 237 3146 fessori
259 3081 446 3169 quinque,)²
466 3083 634 3170 magistris
657 3081 896 3168 disputantibus
919 3084 1055 3170 singulis
1078 3085 1184 3170 grossi
1207 3081 1286 3163 duo,
1318 3080 1369 3143 cui
1393 3090 1499 3143 autem
1523 3099 1543 3142 a

116 3179 242 3246 decano
279 3180 509 3270 disputationis
542 3205 657 3248 munus
691 3181 879 3249 mandatum
914 3185 1011 3248 fuerit
1041 3181 1263 3260 (mandabitur
1290 3189 1395 3243 autem
1428 3179 1583 3263 cuiquezt

116 3279 234 3346 diebus
255 3303 320 3346 non
341 3280 549 3367 paucioribus
566 3299 642 3346 xun
664 3291 738 3346 ante
759 3281 845 3348 diem
866 3281 1119 3368 disputationis),
1142 3283 1171 3346 ei
1193 3301 1297 3368 neque
1317 3278 1415 3342 licere
1438 3275 1542 3355 debet,

114 3389 300 3462 utrecuset,
323 3389 356 3445 et
373 3380 448 3462 dici,
471 3389 507 3444 ut
529 3382 639 3468 capita
663 3380 828 3468 descripta
849 3380 970 3448 decano
991 3383 1106 3447 offerat
1124 3381 1211 3446 intra
1232 3378 1302 3444 dics
1324 3397 1356 3460 v,
1378 3386 1411 3440 ut
1433 3374 1541 3460 cogni-

113 3477 159 3546 tio
183 3477 225 3544 de
247 3477 310 3543 illis
333 3487 495 3565 oportuna
514 3479 585 3546 fieri
605 3483 719 3568 possit.

198 3577 287 3644 Inter
316 3576 548 3664 disputandum
577 3601 640 3644 non
668 3591 835 3645 consumet
860 3579 1001 3646 decanus
1031 3579 1143 3660 (multo
1169 3579 1276 3644 minus
1305 3599 1347 3640 ex
1374 3573 1447 3638 aliis
1474 3595 1539 3636 ma·

113 3679 227 3764 gistris
239 3678 414 3765 quisqiam)
433 3675 572 3744 verbose
589 3679 845 3765 argumentando
863 3679 1000 3746 multum
1019 3679 1186 3765 temporis,
1207 3686 1239 3742 et
1258 3684 1327 3740 tam
1348 3676 1419 3760 ipse
1442 3679 1581 3760 qusm3⁰

115 3777 238 3842 caeteri
255 3787 420 3864 opponent
441 3798 500 3840 sua
523 3789 714 3863 argumenta
735 3777 912 3860 dialectice,
933 3803 998 3844 non
1020 3779 1187 3864 implicata
1207 3773 1400 3860 ambagibus
1422 3772 1538 3858 longae

114 3877 282 3958 orationis,
294 3885 331 3940 ut
350 3885 381 3940 et
399 3877 562 3961 cognosci,
576 3875 653 3963 quid
674 3877 810 3960 dicatur,
832 3889 862 3942 et
883 3877 1074 3966 responderi
1094 3877 1265 3964 perspicue
1285 3875 1397 3961 possit.
1427 3873 1539 3957 Iurgia

113 3985 222 4042 autem
243 3977 390 4040 rixarum
412 3984 489 4040 tuuc
510 3979 662 4064 usurpari
685 3977 773 4042 nullo
794 3977 890 4043 modo
913 3980 1063 4064 patietur.

197 4073 272 4138 Erit
295 4076 394 4138 etiam
416 4072 539 4140 decano
562 4085 593 4142 et
614 4075 736 4142 eisdem
757 4076 996 4164 professoribus
1019 4098 1133 4158 curae,
1154 4085 1189 4140 ut
1207 4073 1386 4161 respiciant
1408 4093 1537 4158 vesper·

113 4173 200 4238 tinas
222 4195 349 4260 quoque
363 4171 610 4260 disputationes,
633 4173 787 4242 adhibitis
807 4177 858 4258 iis,
881 4199 1018 4263 quorum
1039 4178 1072 4240 in
1088 4173 1232 4260 collegiis
1254 4171 1327 4236 illas
1348 4169 1538 4236 instituendi
1547 4177 1580 4233 ³5

114 4275 239 4338 curatio
262 4283 320 4356 cst,
341 4295 383 4338 ne
403 4273 618 4358 frequentatio
639 4273 754 4341 harum
775 4299 839 4340 non
858 4274 955 4340 modo
976 4298 1042 4340 non
1063 4275 1167 4362 prosit
1188 4269 1246 4337 sed
1264 4279 1381 4336 noceat
1402 4273 1509 4336 etiam.

199 4371 282 4439 Cum
301 4372 444 4459 placeat,
466 4371 518 4436 bis
547 4374 709 4460 disputari
736 4374 864 4461 publice
891 4396 1000 4439 mense
1029 4395 1108 4455 uno,
1131 4371 1229 4437 semel
1253 4392 1380 4460 quoque
1407 4367 1539 4436 manda·

115 4472 204 4537 bitur
236 4470 384 4538 bimestri
415 4471 530 4555 alicui,
564 4483 600 4538 ut
628 4471 828 4556 declamitet,
862 4474 897 4538 id
925 4483 974 4538 est
1000 4474 1170 4537 materiam
1196 4470 1338 4556 aliquam
1368 4470 1478 4534 utilem
1508 4477 1540 4532 et

113 4571 235 4637 bonam
256 4571 394 4638 dicendo
416 4571 547 4660 publice
568 4572 718 4660 explicet.
761 4573 848 4654 Quid
874 4583 982 4638 autem
1004 4583 1036 4637 et
1058 4568 1122 4658 [19]
1146 4571 1186 4635 de
1209 4593 1272 4658 quo
1293 4591 1420 4657 quoque
1441 4567 1536 4632 modo

115 4670 180 4737 dici
201 4670 335 4753 debeat,
364 4693 461 4737 curae
483 4672 545 4736 erit
567 4671 690 4736 decano
713 4683 745 4738 et
766 4673 946 4738 enarratori
976 4681 1124 4736 autorum
1152 4673 1319 4758 utriusque
1347 4668 1477 4754 liuguae
1504 4677 1578 4731 etto

115 4771 277 4836 rhetorico
301 4781 399 4860 atque
420 4770 546 4857 poetico
567 4771 753 4857 professori.
796 4771 1008 4838 Ourabuntur
1026 4769 1190 4835 interdum
1213 4781 1244 4834 et
1263 4791 1376 4834 versus
1399 4767 1538 4848 recitari,

114 4873 197 4936 utin
212 4881 352 4958 utraque
369 4869 522 4934 facultate
547 4868 671 4934 solutae
693 4873 849 4935 orationis
875 4879 971 4956 atque
992 4869 1145 4934 metricae
1167 4871 1316 4934 iuventus
1340 4875 1538 4932 exerceatur.

115 4971 150 5037 Si
180 4995 223 5038 ex
252 4971 483 5056 magistrorum
512 4989 646 5034 numero
676 4967 886 5034 declamitare
919 4969 1035 5056 aliquis
1064 4967 1218 5050 voluerit,
1249 4968 1301 5032 hic
1333 4966 1538 5053 praeferatur

196 5175 207 5230 l
228 5165 418 5228 amaneum
434 5166 509 5224 steht
521 5167 701 5239 proruperat.
737 5174 847 5240 tpros.
866 5171 983 5240 metuque
1004 5171 1096 5238 opiter
1112 5167 1328 5239 nacbgetragen.
