3762 6074
335 457 395 525 536
535 471 542 487 ·
832 457 883 510 Dls
901 457 1122 525 pbilcscpbiscbs
1139 455 1266 510 metat

333 643 468 730 quisque
488 636 611 705 decano
633 639 757 722 offeret,
780 650 812 706 et
833 639 875 706 ab
896 639 953 706 illo
974 639 1190 729 approbatam
1211 642 1259 706 ita
1286 640 1437 728 proximo
1467 649 1544 706 ante
1570 637 1748 728 disputabo·

334 747 407 805 nem
436 739 488 804 die
514 737 643 826 publice
669 751 838 828 proponet
880 741 992 806 Tertio
1024 751 1172 806 tenentur
1203 740 1362 807 bacularii
1395 741 1477 806 inssi
1504 741 1540 806 in
1565 743 1749 828 vesperb'nis
1847 737 1848 752 ¹

333 841 431 906 etiam
454 839 726 925 disputationibus
749 841 945 927 praesidere.
988 839 1081 921 Quae
1102 863 1155 906 res
1182 842 1364 908 curantium
1394 841 1430 906 in
1450 839 1588 906 aedibus
1610 839 1750 925 collegio·

332 963 405 1004 rum
428 961 485 1004 seu
506 943 736 1004 conventorum
758 939 928 1026 diligentia
949 939 1241 1006 administrabitur.
1273 940 1507 1006 Contumacias
1530 948 1639 1004 autem
1659 939 1751 1004 multa

291 1049 308 1103 5
337 1038 511 1102 constituta
532 1048 581 1102 est
607 1039 708 1102 triens
735 1038 829 1104 taleri
846 1039 863 1103 ¹.
905 1037 1097 1104 Bacularius
1127 1040 1241 1122 etiam,
1284 1039 1340 1126 qui
1371 1061 1428 1104 suo
1455 1036 1527 1103 loco
1557 1037 1749 1126 praesidebit

335 1136 548 1224 disputationi
562 1135 614 1202 dis
636 1135 815 1220 dominico,¹
828 1140 932 1204 veteri
954 1137 1209 1204 consuetudinc²
1229 1137 1349 1204 tribuet
1370 1135 1554 1226 quindecim
1569 1138 1581 1178 ³
1603 1147 1709 1202 aetate
1725 1148 1752 1202 st

332 1236 404 1302 loco
427 1238 562 1302 coeteris
585 1235 751 1324 prioribus
773 1236 964 1318 baculariis,
993 1236 1050 1302 ubi
1076 1247 1267 1324 argumenta
1298 1235 1339 1304 de
1367 1237 1539 1325 proposita
1564 1235 1700 1325 abipso
1719 1259 1750 1302 re

333 1357 392 1400 sua
413 1333 662 1421 explicaverint,
684 1335 895 1426 praemiolpm
918 1335 1156 1402 nummulorum
1178 1337 1271 1402 sexl.
1311 1334 1409 1417 Quod
1439 1337 1468 1400 si
1494 1336 1603 1401 facere
1631 1357 1751 1400 recma·

332 1437 425 1516 verit,
449 1435 478 1498 ei
501 1435 647 1500 similiter
678 1435 820 1502 decanus
847 1435 979 1518 multam
1012 1435 1099 1502 dicet
1130 1435 1279 1500 trientem
1312 1435 1437 1502 thaleri.
1480 1433 1516 1500 si
1543 1443 1654 1500 tamen
1674 1435 1751 1500 forte

293 1545 325 1600 to
336 1533 501 1618 acciderit,
532 1529 568 1599 u‘t
590 1556 687 1600 onere
709 1535 772 1599 isto
793 1536 927 1620 gravari
954 1557 988 1600 ss
1015 1534 1132 1622 aliquis
1154 1530 1219 1622 [ts]
1242 1545 1392 1622 oportere
1423 1557 1487 1600 non
1522 1535 1701 1615 existimet,
1729 1536 1753 1598 is
1848 1601 1849 1616 ,

333 1655 464 1700 causam
485 1635 698 1700 recusationis
719 1634 842 1720 decano
863 1643 1012 1721 exponet
1060 1632 1124 1714 Qui
1146 1635 1174 1700 si
1193 1635 1314 1700 iustam
1343 1657 1416 1700 esse
1438 1634 1640 1720 cognoverit,
1669 1633 1752 1700 dabit

333 1755 477 1821 operam,
498 1741 534 1796 ut
554 1725 710 1821 impensis
732 1731 788 1800 ille
808 1733 858 1798 his
880 1732 1046 1798 liberetur.

560 1905 588 1966 9.
616 1917 663 1965 DE
685 1917 964 1966 Pnosssssotusus
984 1915 1151 1965 sonsum!
1173 1915 1307 1964 aarum
1327 1916 1363 1964 IN
1386 1917 1533 1964 GENERE.

414 2046 479 2128 Qui
500 2048 666 2116 ordinario
688 2048 855 2116 doctrinae
879 2049 1030 2137 publicae
1057 2069 1191 2114 munere
1218 2049 1412 2134 funguntur,
1445 2051 1469 2114 ii
1497 2051 1655 2115 nimirum
1688 2071 1752 2114 eam

292 2149 491 2215 tinctionem
526 2149 703 2216 servabunt
729 2160 761 2214 et
787 2147 934 2216 ordinem
966 2159 1154 2236 sequentur,
1192 2149 1247 2234 qui
1281 2157 1331 2212 est
1351 2151 1585 2236 praescriptus.
1628 2149 1751 2216 Caeteri

331 2247 480 2334 magistri
504 2245 661 2314 bonarum
683 2253 801 2314 artium
824 2251 851 2314 si
873 2248 952 2336 quid
973 2247 1101 2334 publice
1123 2246 1240 2312 docere
1263 2246 1380 2330 volent,
1402 2246 1505 2312 ideis
1533 2249 1644 2314 facere
1672 2247 1750 2328 licat,

325 2355 364 2411 'et
383 2345 500 2434 quibus
521 2346 593 2414 illos
615 2347 768 2413 docentes
789 2346 903 2413 audire
924 2346 1102 2435 placuerit,
1134 2369 1244 2412 corum
1269 2345 1377 2412 studia
1407 2346 1497 2412 nulla
1518 2347 1681 2414 edictione
1699 2351 1750 2413 im·

334 2445 519 2534 pediuntnr.
562 2445 697 2510 Sciunt³
718 2457 824 2512 autem
846 2448 994 2532 magistri
1015 2446 1173 2511 bonarum
1197 2447 1330 2534 artium,
1351 2445 1432 2510 nibil
1452 2469 1507 2511 eos
1531 2447 1677 2533 profiteri
1706 2447 1751 2512 de·

334 2544 413 2609 bere
429 2567 463 2608 se
485 2543 614 2632 publice
636 2543 788 2612 docturos
809 2569 880 2610 esse
901 2547 942 2611 iis
964 2547 1063 2628 boris,
1084 2547 1212 2631 inques
1225 2543 1343 2612 collata
1353 2553 1404 2610 est
1414 2544 1583 2612 ordinaria
1598 2546 1752 2626 doctrina,

287 2652 406 2709 tticum
427 2643 511 2708 hanc
532 2643 681 2729 inprimis
703 2645 902 2730 frequentari
924 2649 1105 2711 conveniat.
1137 2644 1181 2711 Et
1202 2645 1257 2733 qui
1279 2643 1367 2710 illam
1388 2643 1567 2731 negligrmt,
1588 2648 1622 2728 ii,
1644 2648 1751 2712 sicon-

330 2751 477 2807 temnunt
502 2743 722 2828 professorum
748 2743 961 2826 industriam,
991 2746 1087 2810 nimis
1117 2755 1191 2809 sunt
1218 2743 1368 2830 superbi,
1399 2743 1581 2832 horumque
1608 2745 1752 2832 improba

338 2841 525 2928 pervicacia
546 2839 719 2928 aliquando
741 2845 838 2908 ctiam
859 2843 1150 2926 animadvertetur3
1183 2847 1233 2908 sin
1264 2845 1329 2908 ista
1360 2842 1512 2908 socordia
1541 2853 1592 2908 est
1612 2847 1751 2927 inertiae,

331 2941 460 3006 omnino
485 2939 577 3004 dabit
598 2943 820 3030 unusquisque
841 2943 913 3032 ipse
935 2944 998 3008 sibi
1024 2942 1238 3032 supplicium,
1272 2963 1344 3008 cum
1377 2967 1450 3010 sero
1479 2965 1552 3008 eum
1581 2943 1752 3032 poenitebit

329 3039 468 3127 turpiter
489 3040 629 3106 amissae
651 3043 841 3124 occasionis,
864 3054 1036 3129 postquam
1058 3043 1115 3108 illa
1136 3043 1286 3108 revocari
1306 3065 1371 3108 non
1392 3045 1522 3129 poterit.
1546 3043 1751 3131 Quapropter
1849 3063 1850 3090 ¹

286 3139 480 3204 asvolumus
501 3148 534 3202 et
551 3138 710 3222 iubemus,
731 3140 895 3226 publicam
917 3153 948 3207 et
968 3142 1167 3207 ordinariam
1187 3141 1369 3207 doctrinam
1391 3142 1433 3207 ab
1455 3142 1606 3210 omnibus
1628 3145 1750 3232 potissi·
1849 3127 1850 3156 ¹

328 3261 418 3304 mum
438 3238 656 3324 frequentari,
680 3236 743 3326 [49]
766 3251 798 3305 et
825 3241 1002 3306 secundum
1030 3242 1115 3308 hanc
1143 3239 1216 3306 aliis
1244 3239 1374 3328 publice
1396 3241 1593 3328 privatimve
1613 3243 1748 3309 docenti·

329 3337 389 3402 bus
412 3337 485 3402 dari
506 3360 650 3425 operam.
695 3337 730 3404 Si
757 3342 829 3428 quis
856 3353 1029 3423 externus,
1070 3343 1124 3427 qui
1151 3341 1184 3404 in
1212 3349 1344 3406 nostrae
1372 3344 1616 3408 communitatis
1638 3363 1750 3428 corpus

330 3435 472 3503 nondum
494 3435 616 3502 relatus
644 3448 707 3520 est,
739 3439 886 3524 profiteri
913 3440 1095 3505 doctrinam
1121 3439 1290 3506 liberalem
1320 3440 1450 3526 publice
1476 3440 1581 3524 volet,
1615 3443 1645 3506 is
1665 3443 1750 3520 sciat,

327 3537 390 3601 nisi
412 3537 574 3621 permissu
594 3534 720 3619 decani,
738 3537 774 3602 id
794 3540 904 3604 facere
925 3540 988 3605 sibi
1010 3561 1074 3605 non
1095 3539 1203 3606 licere.
1230 3539 1327 3621 Quod
1355 3541 1383 3604 si
1405 3541 1490 3627 quis,
1513 3539 1566 3604 vel
1586 3563 1653 3606 non
1676 3539 1750 3604 indi-

286 3643 404 3700 :locato
426 3633 559 3700 consilio
583 3658 639 3700 suo
664 3635 715 3700 vel
738 3649 851 3703 contra
879 3639 1072 3704 sententiam
1105 3638 1236 3719 decani,
1265 3638 1399 3704 audebit
1430 3638 1597 3704 doctrinae
1624 3661 1750 3705 munere

329 3733 458 3822 publice
482 3735 583 3820 fungi,
606 3733 646 3799 de
665 3734 752 3800 illius
777 3737 918 3802 audacia
939 3736 1143 3802 cohercenda
1165 3737 1307 3803 decanus
1327 3739 1485 3804 rationem
1515 3740 1629 3822 inibit,
1650 3749 1699 3821 st,
1726 3740 1749 3802 si

329 3856 412 3920 opus
433 3833 540 3917 luerit,
561 3833 603 3900 ad
625 3835 834 3920 magnificum
859 3849 1017 3902 rectorem
1038 3859 1155 3902 nomen
1177 3837 1293 3902 bacin
1315 3848 1411 3925 parte
1439 3840 1641 3904 conmmacis
1669 3839 1748 3904 defe-

328 3941 386 3996 ret.
431 3932 531 3998 (luius
553 3935 790 4000 constitutionis
810 3934 1039 4001 honestissima
1060 3958 1161 4002 causa
1185 3947 1234 4002 est
1253 3939 1406 4004 nimirum
1434 3940 1641 4004 conservatio
1670 3937 1748 4004 ordi·

329 4031 380 4096 nis
400 4041 432 4096 et
453 4031 571 4116 quietis
593 4032 681 4120 apud
702 4057 771 4118 nos,
792 4035 883 4100 cuius
905 4034 1089 4102 turbandae
1110 4058 1221 4102 omncs
1242 4039 1430 4104 occasiones
1448 4061 1575 4104 summa
1585 4037 1749 4124 diligentia

285 4139 320 4196 35
330 4129 569 4217 praecidendae
584 4143 666 4198 sunt

937 4267 1141 4318 conensem.

412 4377 505 4444 Haec
526 4379 719 4446 mediocrem
743 4381 890 4449 ordinem
913 4394 944 4449 et
964 4405 1030 4448 non
1050 4405 1239 4470 perversam
1261 4386 1420 4450 rationem
1435 4386 1687 4474 complectentia
1709 4386 1747 4451 ad

329 4479 569 4544 communitatis
591 4491 722 4546 nostrae
743 4483 977 4548 incrementum
1000 4493 1096 4571 atque
1118 4482 1328 4550 stabilitatem
1344 4494 1515 4551 etveatrae
1536 4487 1684 4553 utilitatis
1703 4509 1747 4551 rc·

329 4587 476 4666 spectum
498 4577 561 4642 hoc
581 4587 726 4666 tempore
748 4581 792 4647 ad
820 4583 916 4648 istam
939 4584 1079 4649 formam
1106 4581 1246 4648 describi
1276 4583 1419 4670 placuit:
1464 4585 1642 4652 secundum
1670 4607 1747 4675 qnae

287 4715 621 4726 —————-—

414 4801 425 4852 1
446 4793 539 4851 Dafrir
555 4797 648 4866 operer
667 4797 826 4852 constitum
842 4804 882 4851 ert
896 4797 1008 4852 tolenea.

411 4885 427 4936 2
445 4879 537 4936 Dafitr
554 4883 647 4950 opiter
663 4880 709 4934 dic
725 4880 797 4934 dom,
815 4888 864 4934 out
875 4879 994 4934 &amr
1008 4889 1166 4936 eccoonrst

412 4967 428 5020 3
446 4961 754 5035 Dariibergescbrieben
773 4963 893 5034 amangs
908 4973 1016 5035 septen
1034 4965 1139 5021 darauf
1147 4967 1298 5022 ἀιωᾰεσίηι,

413 5054 429 5105 l
447 5047 576 5102 Dariiber
593 5045 772 5118 geschrieben
788 5049 869 5102 antro
884 5049 985 5118 prorsa

415 5139 430 5188 5
446 5129 532 5188 wohl
543 5133 640 5188 recu.
