<?xml version="1.0" encoding="UTF-8"?>
<!DOCTYPE html PUBLIC "-//W3C//DTD XHTML 1.0 Transitional//EN"
    "http://www.w3.org/TR/xhtml1/DTD/xhtml1-transitional.dtd">
<html xmlns="http://www.w3.org/1999/xhtml" xml:lang="en" lang="en">
 <head>
  <title>
</title>
<meta http-equiv="Content-Type" content="text/html;charset=utf-8" />
  <meta name='ocr-system' content='tesseract 3.04.00' />
  <meta name='ocr-capabilities' content='ocr_page ocr_carea ocr_par ocr_line ocrx_word'/>
</head>
<body>
  <div class='ocr_page' id='page_1' title='image "./diestatutenbche00leipgoog_0223.png"; bbox 0 0 3768 6072; ppageno 0'>
   <div class='ocr_carea' id='block_1_1' title="bbox 338 423 1205 494">
    <p class='ocr_par' dir='ltr' id='par_1_1' title="bbox 338 423 1205 494">
     <span class='ocr_line' id='line_1_1' title="bbox 338 423 1205 494; baseline 0.007 -18"><span class='ocrx_word' id='word_1_1' title='bbox 338 423 400 490; x_wconf 71' lang='lat'><strong>20²</strong></span> <span class='ocrx_word' id='word_1_2' title='bbox 911 427 966 478; x_wconf 79' lang='lat' dir='ltr'><strong>llas</strong></span> <span class='ocrx_word' id='word_1_3' title='bbox 985 443 1079 493; x_wconf 62' lang='lat' dir='ltr'><strong>posse</strong></span> <span class='ocrx_word' id='word_1_4' title='bbox 1099 429 1205 494; x_wconf 75' lang='lat' dir='ltr'><strong>colleg.</strong></span> 
     </span>
    </p>
   </div>
   <div class='ocr_carea' id='block_1_2' title="bbox 297 603 1771 2273">
    <p class='ocr_par' dir='ltr' id='par_1_2' title="bbox 338 603 1770 993">
     <span class='ocr_line' id='line_1_2' title="bbox 338 603 1770 696; baseline 0.005 -29"><span class='ocrx_word' id='word_1_5' title='bbox 338 611 405 668; x_wconf 89' lang='lat' dir='ltr'><strong>tum</strong></span> <span class='ocrx_word' id='word_1_6' title='bbox 436 612 467 668; x_wconf 90' lang='lat' dir='ltr'><strong>et</strong></span> <span class='ocrx_word' id='word_1_7' title='bbox 496 603 682 672; x_wconf 89' lang='lat' dir='ltr'><strong>conclusum</strong></span> <span class='ocrx_word' id='word_1_8' title='bbox 715 615 765 670; x_wconf 88' lang='lat' dir='ltr'><strong>est</strong></span> <span class='ocrx_word' id='word_1_9' title='bbox 798 607 1011 692; x_wconf 87' lang='lat' dir='ltr'><strong>concorditer,</strong></span> <span class='ocrx_word' id='word_1_10' title='bbox 1044 609 1130 696; x_wconf 90' lang='lat' dir='ltr'><strong>quod</strong></span> <span class='ocrx_word' id='word_1_11' title='bbox 1159 607 1201 674; x_wconf 89' lang='lat' dir='ltr'><strong>de</strong></span> <span class='ocrx_word' id='word_1_12' title='bbox 1231 631 1316 673; x_wconf 84' lang='lat' dir='ltr'><strong>novo</strong></span> <span class='ocrx_word' id='word_1_13' title='bbox 1345 606 1517 695; x_wconf 74' lang='lat' dir='ltr'>collegium</span> <span class='ocrx_word' id='word_1_14' title='bbox 1548 609 1710 676; x_wconf 72' lang='lat' dir='ltr'><strong>intrantes</strong></span> <span class='ocrx_word' id='word_1_15' title='bbox 1740 620 1770 675; x_wconf 88' lang='lat' dir='ltr'><strong>st</strong></span> 
     </span>
     <span class='ocr_line' id='line_1_3' title="bbox 339 701 1769 796; baseline 0.006 -30"><span class='ocrx_word' id='word_1_16' title='bbox 339 701 431 767; x_wconf 88' lang='lat' dir='ltr'><strong>electi</strong></span> <span class='ocrx_word' id='word_1_17' title='bbox 458 703 607 768; x_wconf 85' lang='lat' dir='ltr'><strong>similiter</strong></span> <span class='ocrx_word' id='word_1_18' title='bbox 634 705 838 772; x_wconf 78' lang='lat' dir='ltr'><strong>contribuere</strong></span> <span class='ocrx_word' id='word_1_19' title='bbox 860 706 1013 792; x_wconf 86' lang='lat' dir='ltr'><strong>debeant,</strong></span> <span class='ocrx_word' id='word_1_20' title='bbox 1042 710 1149 774; x_wconf 88' lang='lat' dir='ltr'><strong>minus</strong></span> <span class='ocrx_word' id='word_1_21' title='bbox 1175 718 1286 772; x_wconf 79' lang='lat' dir='ltr'><strong>tamen</strong></span> <span class='ocrx_word' id='word_1_22' title='bbox 1313 729 1412 794; x_wconf 88' lang='lat' dir='ltr'><strong>quam</strong></span> <span class='ocrx_word' id='word_1_23' title='bbox 1438 729 1549 773; x_wconf 87' lang='lat' dir='ltr'><strong>eorum</strong></span> <span class='ocrx_word' id='word_1_24' title='bbox 1578 709 1769 796; x_wconf 77' lang='lat' dir='ltr'><strong>praedeces·</strong></span> 
     </span>
     <span class='ocr_line' id='line_1_4' title="bbox 339 805 1768 894; baseline 0.004 -28"><span class='ocrx_word' id='word_1_25' title='bbox 339 823 428 866; x_wconf 86' lang='lat' dir='ltr'><strong>sores</strong></span> <span class='ocrx_word' id='word_1_26' title='bbox 449 825 487 868; x_wconf 92' lang='lat' dir='ltr'><strong>eo</strong></span> <span class='ocrx_word' id='word_1_27' title='bbox 508 812 656 890; x_wconf 91' lang='lat' dir='ltr'><strong>tempore</strong></span> <span class='ocrx_word' id='word_1_28' title='bbox 677 807 935 890; x_wconf 89' lang='lat' dir='ltr'><strong>contribuerunt,</strong></span> <span class='ocrx_word' id='word_1_29' title='bbox 958 829 996 872; x_wconf 92' lang='lat' dir='ltr'><strong>eo</strong></span> <span class='ocrx_word' id='word_1_30' title='bbox 1017 807 1114 872; x_wconf 92' lang='lat' dir='ltr'><strong>modo</strong></span> <span class='ocrx_word' id='word_1_31' title='bbox 1133 807 1220 894; x_wconf 88' lang='lat' dir='ltr'><strong>quod</strong></span> <span class='ocrx_word' id='word_1_32' title='bbox 1243 805 1379 894; x_wconf 80' lang='lat' dir='ltr'><strong>quilibet</strong></span> <span class='ocrx_word' id='word_1_33' title='bbox 1398 807 1438 870; x_wconf 89' lang='lat' dir='ltr'><strong>de</strong></span> <span class='ocrx_word' id='word_1_34' title='bbox 1460 829 1544 872; x_wconf 87' lang='lat' dir='ltr'><strong>novo</strong></span> <span class='ocrx_word' id='word_1_35' title='bbox 1562 809 1598 872; x_wconf 91' lang='lat' dir='ltr'><strong>in</strong></span> <span class='ocrx_word' id='word_1_36' title='bbox 1619 807 1768 893; x_wconf 87' lang='lat' dir='ltr'><strong>collegia-</strong></span> 
     </span>
     <span class='ocr_line' id='line_1_5' title="bbox 338 901 1769 993; baseline 0.006 -29"><span class='ocrx_word' id='word_1_37' title='bbox 338 909 407 964; x_wconf 89' lang='lat' dir='ltr'><strong>tnm</strong></span> <span class='ocrx_word' id='word_1_38' title='bbox 432 901 551 966; x_wconf 87' lang='lat' dir='ltr'><strong>electus</strong></span> <span class='ocrx_word' id='word_1_39' title='bbox 573 911 606 968; x_wconf 91' lang='lat' dir='ltr'><strong>et</strong></span> <span class='ocrx_word' id='word_1_40' title='bbox 626 903 795 991; x_wconf 85' lang='lat' dir='ltr'>collegium</span> <span class='ocrx_word' id='word_1_41' title='bbox 822 907 948 970; x_wconf 88' lang='lat' dir='ltr'><strong>intrans</strong></span> <span class='ocrx_word' id='word_1_42' title='bbox 970 908 1057 970; x_wconf 88' lang='lat' dir='ltr'><strong>intra</strong></span> <span class='ocrx_word' id='word_1_43' title='bbox 1079 907 1219 992; x_wconf 90' lang='lat' dir='ltr'><strong>primum</strong></span> <span class='ocrx_word' id='word_1_44' title='bbox 1240 928 1383 970; x_wconf 89' lang='lat' dir='ltr'><strong>mensem</strong></span> <span class='ocrx_word' id='word_1_45' title='bbox 1406 905 1513 972; x_wconf 84' lang='lat' dir='ltr'><strong>solvat</strong></span> <span class='ocrx_word' id='word_1_46' title='bbox 1533 905 1614 972; x_wconf 87' lang='lat' dir='ltr'><strong>fisco</strong></span> <span class='ocrx_word' id='word_1_47' title='bbox 1640 905 1769 993; x_wconf 92' lang='lat' dir='ltr'><strong>collegii</strong></span> 
     </span>
    </p>

    <p class='ocr_par' dir='ltr' id='par_1_3' title="bbox 297 999 1771 1484">
     <span class='ocr_line' id='line_1_6' title="bbox 297 999 1770 1092; baseline 0.005 -29"><span class='ocrx_word' id='word_1_48' title='bbox 297 1006 313 1063; x_wconf 86' lang='lat'><strong>5</strong></span> <span class='ocrx_word' id='word_1_49' title='bbox 339 999 451 1065; x_wconf 86' lang='lat' dir='ltr'><strong>decem</strong></span> <span class='ocrx_word' id='word_1_50' title='bbox 471 1001 610 1068; x_wconf 87' lang='lat' dir='ltr'><strong>florenos</strong></span> <span class='ocrx_word' id='word_1_51' title='bbox 632 1025 786 1068; x_wconf 89' lang='lat' dir='ltr'><strong>renenses</strong></span> <span class='ocrx_word' id='word_1_52' title='bbox 806 1003 891 1068; x_wconf 90' lang='lat' dir='ltr'><strong>ultra</strong></span> <span class='ocrx_word' id='word_1_53' title='bbox 913 1007 1085 1091; x_wconf 87' lang='lat' dir='ltr'><strong>pecuniam</strong></span> <span class='ocrx_word' id='word_1_54' title='bbox 1107 1027 1165 1070; x_wconf 80' lang='lat' dir='ltr'><strong>sex</strong></span> <span class='ocrx_word' id='word_1_55' title='bbox 1188 1005 1384 1070; x_wconf 90' lang='lat' dir='ltr'><strong>florenorum</strong></span> <span class='ocrx_word' id='word_1_56' title='bbox 1404 1006 1598 1086; x_wconf 80' lang='lat' dir='ltr'><strong>renensium,</strong></span> <span class='ocrx_word' id='word_1_57' title='bbox 1622 1008 1715 1092; x_wconf 89' lang='lat' dir='ltr'><strong>prius</strong></span> <span class='ocrx_word' id='word_1_58' title='bbox 1737 1007 1770 1070; x_wconf 93' lang='lat' dir='ltr'><strong>in</strong></span> 
     </span>
     <span class='ocr_line' id='line_1_7' title="bbox 341 1100 1771 1189; baseline 0.005 -28"><span class='ocrx_word' id='word_1_59' title='bbox 341 1100 469 1164; x_wconf 87' lang='lat' dir='ltr'><strong>statutis</strong></span> <span class='ocrx_word' id='word_1_60' title='bbox 490 1121 563 1166; x_wconf 88' lang='lat' dir='ltr'><strong>cnm</strong></span> <span class='ocrx_word' id='word_1_61' title='bbox 592 1123 697 1189; x_wconf 90' lang='lat' dir='ltr'><strong>poena</strong></span> <span class='ocrx_word' id='word_1_62' title='bbox 726 1124 925 1189; x_wconf 74' lang='lat' dir='ltr'><strong>expressam.</strong></span> <span class='ocrx_word' id='word_1_63' title='bbox 967 1104 1094 1169; x_wconf 78' lang='lat' dir='ltr'><strong>Placuit</strong></span> <span class='ocrx_word' id='word_1_64' title='bbox 1122 1105 1225 1168; x_wconf 83' lang='lat' dir='ltr'><strong>eciam</strong></span> <span class='ocrx_word' id='word_1_65' title='bbox 1255 1103 1401 1188; x_wconf 87' lang='lat' dir='ltr'><strong>collegio,</strong></span> <span class='ocrx_word' id='word_1_66' title='bbox 1433 1103 1519 1189; x_wconf 92' lang='lat' dir='ltr'><strong>quod</strong></span> <span class='ocrx_word' id='word_1_67' title='bbox 1549 1103 1629 1168; x_wconf 90' lang='lat' dir='ltr'><strong>dicti</strong></span> <span class='ocrx_word' id='word_1_68' title='bbox 1660 1103 1771 1168; x_wconf 89' lang='lat' dir='ltr'><strong>decem</strong></span> 
     </span>
     <span class='ocr_line' id='line_1_8' title="bbox 339 1195 1770 1289; baseline 0.003 -28"><span class='ocrx_word' id='word_1_69' title='bbox 339 1195 454 1262; x_wconf 88' lang='lat' dir='ltr'><strong>florcni</strong></span> <span class='ocrx_word' id='word_1_70' title='bbox 483 1221 635 1266; x_wconf 89' lang='lat' dir='ltr'><strong>renenses</strong></span> <span class='ocrx_word' id='word_1_71' title='bbox 661 1225 725 1268; x_wconf 93' lang='lat' dir='ltr'><strong>non</strong></span> <span class='ocrx_word' id='word_1_72' title='bbox 752 1201 920 1268; x_wconf 89' lang='lat' dir='ltr'><strong>solvantur</strong></span> <span class='ocrx_word' id='word_1_73' title='bbox 945 1201 1189 1289; x_wconf 79' lang='lat' dir='ltr'><strong>praedecessori</strong></span> <span class='ocrx_word' id='word_1_74' title='bbox 1211 1224 1269 1267; x_wconf 92' lang='lat' dir='ltr'><strong>suo</strong></span> <span class='ocrx_word' id='word_1_75' title='bbox 1291 1211 1367 1289; x_wconf 87' lang='lat' dir='ltr'><strong>post</strong></span> <span class='ocrx_word' id='word_1_76' title='bbox 1389 1201 1516 1287; x_wconf 88' lang='lat' dir='ltr'><strong>collegii</strong></span> <span class='ocrx_word' id='word_1_77' title='bbox 1537 1202 1770 1284; x_wconf 84' lang='lat' dir='ltr'><strong>dimissionem,</strong></span> 
     </span>
     <span class='ocr_line' id='line_1_9' title="bbox 340 1295 1771 1388; baseline 0.003 -28"><span class='ocrx_word' id='word_1_78' title='bbox 340 1295 397 1360; x_wconf 89' lang='lat' dir='ltr'><strong>sed</strong></span> <span class='ocrx_word' id='word_1_79' title='bbox 427 1309 581 1364; x_wconf 87' lang='lat' dir='ltr'><strong>maneant</strong></span> <span class='ocrx_word' id='word_1_80' title='bbox 610 1301 644 1364; x_wconf 91' lang='lat' dir='ltr'><strong>in</strong></span> <span class='ocrx_word' id='word_1_81' title='bbox 677 1300 756 1366; x_wconf 86' lang='lat' dir='ltr'><strong>lisco</strong></span> <span class='ocrx_word' id='word_1_82' title='bbox 788 1323 849 1388; x_wconf 89' lang='lat' dir='ltr'><strong>pro</strong></span> <span class='ocrx_word' id='word_1_83' title='bbox 880 1300 1008 1386; x_wconf 89' lang='lat' dir='ltr'><strong>collegii</strong></span> <span class='ocrx_word' id='word_1_84' title='bbox 1043 1311 1207 1366; x_wconf 89' lang='lat' dir='ltr'><strong>structura</strong></span> <span class='ocrx_word' id='word_1_85' title='bbox 1239 1312 1270 1365; x_wconf 89' lang='lat' dir='ltr'><strong>ct</strong></span> <span class='ocrx_word' id='word_1_86' title='bbox 1302 1304 1558 1366; x_wconf 84' lang='lat' dir='ltr'><strong>conservatione.</strong></span> <span class='ocrx_word' id='word_1_87' title='bbox 1599 1299 1654 1366; x_wconf 85' lang='lat' dir='ltr'><strong>Ad</strong></span> <span class='ocrx_word' id='word_1_88' title='bbox 1688 1301 1771 1366; x_wconf 89' lang='lat' dir='ltr'><strong>hanc</strong></span> 
     </span>
     <span class='ocr_line' id='line_1_10' title="bbox 341 1397 1768 1484; baseline 0.005 -25"><span class='ocrx_word' id='word_1_89' title='bbox 341 1405 448 1460; x_wconf 87' lang='lat' dir='ltr'><strong>tamen</strong></span> <span class='ocrx_word' id='word_1_90' title='bbox 470 1397 739 1464; x_wconf 90' lang='lat' dir='ltr'><strong>contributionem</strong></span> <span class='ocrx_word' id='word_1_91' title='bbox 762 1398 950 1464; x_wconf 85' lang='lat' dir='ltr'><strong>solvendam</strong></span> <span class='ocrx_word' id='word_1_92' title='bbox 970 1398 1116 1464; x_wconf 90' lang='lat' dir='ltr'><strong>medicus</strong></span> <span class='ocrx_word' id='word_1_93' title='bbox 1138 1399 1179 1464; x_wconf 87' lang='lat' dir='ltr'><strong>de</strong></span> <span class='ocrx_word' id='word_1_94' title='bbox 1200 1422 1285 1464; x_wconf 89' lang='lat' dir='ltr'><strong>novo</strong></span> <span class='ocrx_word' id='word_1_95' title='bbox 1308 1398 1351 1464; x_wconf 89' lang='lat' dir='ltr'><strong>ad</strong></span> <span class='ocrx_word' id='word_1_96' title='bbox 1371 1398 1543 1484; x_wconf 86' lang='lat' dir='ltr'><strong>collegium</strong></span> <span class='ocrx_word' id='word_1_97' title='bbox 1560 1399 1682 1466; x_wconf 85' lang='lat' dir='ltr'><strong>electus</strong></span> <span class='ocrx_word' id='word_1_98' title='bbox 1703 1423 1768 1466; x_wconf 87' lang='lat' dir='ltr'><strong>non</strong></span> 
     </span>
    </p>

    <p class='ocr_par' dir='ltr' id='par_1_4' title="bbox 297 1493 1771 1979">
     <span class='ocr_line' id='line_1_11' title="bbox 297 1493 1769 1584; baseline 0.003 -27"><span class='ocrx_word' id='word_1_99' title='bbox 297 1493 434 1558; x_wconf 77' lang='lat' dir='ltr'><strong>redebet</strong></span> <span class='ocrx_word' id='word_1_100' title='bbox 461 1515 532 1560; x_wconf 89' lang='lat' dir='ltr'><strong>esse</strong></span> <span class='ocrx_word' id='word_1_101' title='bbox 561 1499 723 1581; x_wconf 88' lang='lat' dir='ltr'><strong>astrictus,</strong></span> <span class='ocrx_word' id='word_1_102' title='bbox 752 1500 780 1563; x_wconf 91' lang='lat' dir='ltr'><strong>si</strong></span> <span class='ocrx_word' id='word_1_103' title='bbox 808 1508 902 1564; x_wconf 86' lang='lat' dir='ltr'><strong>extra</strong></span> <span class='ocrx_word' id='word_1_104' title='bbox 929 1497 1099 1584; x_wconf 80' lang='lat' dir='ltr'><strong>collegium</strong></span> <span class='ocrx_word' id='word_1_105' title='bbox 1126 1509 1214 1562; x_wconf 88' lang='lat' dir='ltr'><strong>stare</strong></span> <span class='ocrx_word' id='word_1_106' title='bbox 1239 1499 1418 1584; x_wconf 77' lang='lat' dir='ltr'><strong>optaverit3</strong></span> <span class='ocrx_word' id='word_1_107' title='bbox 1448 1499 1477 1562; x_wconf 91' lang='lat' dir='ltr'><strong>si</strong></span> <span class='ocrx_word' id='word_1_108' title='bbox 1500 1520 1577 1563; x_wconf 86' lang='lat' dir='ltr'><strong>vero</strong></span> <span class='ocrx_word' id='word_1_109' title='bbox 1600 1498 1769 1583; x_wconf 78' lang='lat' dir='ltr'><strong>magistris</strong></span> 
     </span>
     <span class='ocr_line' id='line_1_12' title="bbox 336 1591 1771 1684; baseline 0.003 -28"><span class='ocrx_word' id='word_1_110' title='bbox 336 1592 371 1656; x_wconf 93' lang='lat' dir='ltr'><strong>in</strong></span> <span class='ocrx_word' id='word_1_111' title='bbox 392 1591 527 1679; x_wconf 92' lang='lat' dir='ltr'><strong>collegio</strong></span> <span class='ocrx_word' id='word_1_112' title='bbox 556 1599 750 1662; x_wconf 87' lang='lat' dir='ltr'><strong>commorari</strong></span> <span class='ocrx_word' id='word_1_113' title='bbox 779 1599 957 1684; x_wconf 89' lang='lat' dir='ltr'><strong>optaverit,</strong></span> <span class='ocrx_word' id='word_1_114' title='bbox 984 1595 1149 1682; x_wconf 88' lang='lat' dir='ltr'><strong>obligatus</strong></span> <span class='ocrx_word' id='word_1_115' title='bbox 1171 1619 1242 1662; x_wconf 90' lang='lat' dir='ltr'><strong>esse</strong></span> <span class='ocrx_word' id='word_1_116' title='bbox 1263 1595 1360 1662; x_wconf 89' lang='lat' dir='ltr'><strong>debet</strong></span> <span class='ocrx_word' id='word_1_117' title='bbox 1387 1597 1430 1662; x_wconf 90' lang='lat' dir='ltr'><strong>ad</strong></span> <span class='ocrx_word' id='word_1_118' title='bbox 1457 1595 1643 1662; x_wconf 82' lang='lat' dir='ltr'><strong>sufferenda</strong></span> <span class='ocrx_word' id='word_1_119' title='bbox 1670 1618 1771 1662; x_wconf 87' lang='lat' dir='ltr'><strong>onera</strong></span> 
     </span>
     <span class='ocr_line' id='line_1_13' title="bbox 342 1691 1769 1781; baseline 0.003 -27"><span class='ocrx_word' id='word_1_120' title='bbox 342 1699 374 1754; x_wconf 89' lang='lat' dir='ltr'><strong>et</strong></span> <span class='ocrx_word' id='word_1_121' title='bbox 395 1691 438 1758; x_wconf 85' lang='lat' dir='ltr'><strong>ad</strong></span> <span class='ocrx_word' id='word_1_122' title='bbox 464 1691 620 1758; x_wconf 89' lang='lat' dir='ltr'><strong>solvenda</strong></span> <span class='ocrx_word' id='word_1_123' title='bbox 643 1695 780 1781; x_wconf 88' lang='lat' dir='ltr'><strong>singula,</strong></span> <span class='ocrx_word' id='word_1_124' title='bbox 810 1698 894 1761; x_wconf 89' lang='lat' dir='ltr'><strong>sicut</strong></span> <span class='ocrx_word' id='word_1_125' title='bbox 919 1698 1017 1760; x_wconf 90' lang='lat' dir='ltr'><strong>ceteri</strong></span> <span class='ocrx_word' id='word_1_126' title='bbox 1044 1698 1078 1761; x_wconf 90' lang='lat' dir='ltr'><strong>in</strong></span> <span class='ocrx_word' id='word_1_127' title='bbox 1101 1695 1237 1781; x_wconf 88' lang='lat' dir='ltr'><strong>collegio</strong></span> <span class='ocrx_word' id='word_1_128' title='bbox 1265 1704 1510 1760; x_wconf 83' lang='lat' dir='ltr'><strong>commorantes.</strong></span> <span class='ocrx_word' id='word_1_129' title='bbox 1553 1693 1769 1760; x_wconf 85' lang='lat' dir='ltr'><strong>Nihilominus</strong></span> 
     </span>
     <span class='ocr_line' id='line_1_14' title="bbox 340 1791 1770 1882; baseline 0.003 -29"><span class='ocrx_word' id='word_1_130' title='bbox 340 1799 450 1854; x_wconf 90' lang='lat' dir='ltr'><strong>tamen</strong></span> <span class='ocrx_word' id='word_1_131' title='bbox 472 1791 656 1878; x_wconf 89' lang='lat' dir='ltr'><strong>quindecim</strong></span> <span class='ocrx_word' id='word_1_132' title='bbox 681 1793 795 1860; x_wconf 89' lang='lat' dir='ltr'><strong>floreni</strong></span> <span class='ocrx_word' id='word_1_133' title='bbox 818 1817 970 1859; x_wconf 89' lang='lat' dir='ltr'><strong>renenses</strong></span> <span class='ocrx_word' id='word_1_134' title='bbox 993 1794 1124 1860; x_wconf 88' lang='lat' dir='ltr'><strong>cuilibet</strong></span> <span class='ocrx_word' id='word_1_135' title='bbox 1145 1795 1391 1882; x_wconf 86' lang='lat' dir='ltr'><strong>praedecessori</strong></span> <span class='ocrx_word' id='word_1_136' title='bbox 1412 1804 1487 1880; x_wconf 91' lang='lat' dir='ltr'><strong>post</strong></span> <span class='ocrx_word' id='word_1_137' title='bbox 1508 1791 1639 1880; x_wconf 88' lang='lat' dir='ltr'><strong>collegii</strong></span> <span class='ocrx_word' id='word_1_138' title='bbox 1660 1793 1770 1858; x_wconf 89' lang='lat' dir='ltr'><strong>dimis-</strong></span> 
     </span>
     <span class='ocr_line' id='line_1_15' title="bbox 338 1889 1769 1979; baseline 0.004 -27"><span class='ocrx_word' id='word_1_139' title='bbox 338 1889 463 1954; x_wconf 86' lang='lat' dir='ltr'><strong>sionem</strong></span> <span class='ocrx_word' id='word_1_140' title='bbox 483 1901 519 1954; x_wconf 92' lang='lat' dir='ltr'><strong>ut</strong></span> <span class='ocrx_word' id='word_1_141' title='bbox 541 1894 632 1978; x_wconf 92' lang='lat' dir='ltr'><strong>prius</strong></span> <span class='ocrx_word' id='word_1_142' title='bbox 659 1893 755 1958; x_wconf 83' lang='lat' dir='ltr'><strong>iuxta</strong></span> <span class='ocrx_word' id='word_1_143' title='bbox 778 1892 1041 1958; x_wconf 84' lang='lat' dir='ltr'><strong>consuetudinem</strong></span> <span class='ocrx_word' id='word_1_144' title='bbox 1070 1893 1200 1979; x_wconf 90' lang='lat' dir='ltr'><strong>collegii</strong></span> <span class='ocrx_word' id='word_1_145' title='bbox 1228 1892 1384 1958; x_wconf 83' lang='lat' dir='ltr'><strong>hactenus</strong></span> <span class='ocrx_word' id='word_1_146' title='bbox 1407 1891 1615 1959; x_wconf 87' lang='lat' dir='ltr'><strong>observatam</strong></span> <span class='ocrx_word' id='word_1_147' title='bbox 1635 1902 1669 1958; x_wconf 89' lang='lat' dir='ltr'><strong>et</strong></span> <span class='ocrx_word' id='word_1_148' title='bbox 1690 1893 1769 1958; x_wconf 88' lang='lat' dir='ltr'><strong>anti-</strong></span> 
     </span>
    </p>

    <p class='ocr_par' dir='ltr' id='par_1_5' title="bbox 297 1990 1768 2273">
     <span class='ocr_line' id='line_1_16' title="bbox 297 1990 1768 2078; baseline 0.003 -26"><span class='ocrx_word' id='word_1_149' title='bbox 297 1995 544 2074; x_wconf 63' lang='lat' dir='ltr'><strong>sequestratae</strong></span> <span class='ocrx_word' id='word_1_150' title='bbox 565 2012 663 2078; x_wconf 89' lang='lat' dir='ltr'><strong>super</strong></span> <span class='ocrx_word' id='word_1_151' title='bbox 690 1991 771 2058; x_wconf 89' lang='lat' dir='ltr'><strong>haec</strong></span> <span class='ocrx_word' id='word_1_152' title='bbox 792 1991 879 2058; x_wconf 91' lang='lat' dir='ltr'><strong>edita</strong></span> <span class='ocrx_word' id='word_1_153' title='bbox 907 1991 951 2056; x_wconf 90' lang='lat' dir='ltr'><strong>ad</strong></span> <span class='ocrx_word' id='word_1_154' title='bbox 977 1991 1110 2078; x_wconf 88' lang='lat' dir='ltr'><strong>plenum</strong></span> <span class='ocrx_word' id='word_1_155' title='bbox 1139 1990 1316 2074; x_wconf 88' lang='lat' dir='ltr'><strong>solvantur,</strong></span> <span class='ocrx_word' id='word_1_156' title='bbox 1347 1992 1439 2058; x_wconf 88' lang='lat' dir='ltr'><strong>salva</strong></span> <span class='ocrx_word' id='word_1_157' title='bbox 1470 2003 1579 2056; x_wconf 88' lang='lat' dir='ltr'><strong>tamen</strong></span> <span class='ocrx_word' id='word_1_158' title='bbox 1601 1991 1768 2056; x_wconf 87' lang='lat' dir='ltr'><strong>modifica·</strong></span> 
     </span>
     <span class='ocr_line' id='line_1_17' title="bbox 338 2087 1767 2179; baseline 0.003 -29"><span class='ocrx_word' id='word_1_159' title='bbox 338 2087 430 2151; x_wconf 91' lang='lat' dir='ltr'><strong>cione</strong></span> <span class='ocrx_word' id='word_1_160' title='bbox 449 2108 547 2173; x_wconf 90' lang='lat' dir='ltr'><strong>super</strong></span> <span class='ocrx_word' id='word_1_161' title='bbox 566 2088 648 2154; x_wconf 88' lang='lat' dir='ltr'><strong>baec</strong></span> <span class='ocrx_word' id='word_1_162' title='bbox 668 2089 755 2156; x_wconf 85' lang='lat' dir='ltr'><strong>iacta</strong></span> <span class='ocrx_word' id='word_1_163' title='bbox 775 2091 809 2155; x_wconf 92' lang='lat' dir='ltr'><strong>in</strong></span> <span class='ocrx_word' id='word_1_164' title='bbox 830 2092 959 2156; x_wconf 89' lang='lat' dir='ltr'><strong>statutis</strong></span> <span class='ocrx_word' id='word_1_165' title='bbox 982 2113 1060 2157; x_wconf 88' lang='lat' dir='ltr'><strong>casu</strong></span> <span class='ocrx_word' id='word_1_166' title='bbox 1080 2113 1143 2178; x_wconf 91' lang='lat' dir='ltr'><strong>quo</strong></span> <span class='ocrx_word' id='word_1_167' title='bbox 1166 2090 1281 2179; x_wconf 90' lang='lat' dir='ltr'><strong>aliquis</strong></span> <span class='ocrx_word' id='word_1_168' title='bbox 1300 2089 1472 2176; x_wconf 91' lang='lat' dir='ltr'><strong>collegium</strong></span> <span class='ocrx_word' id='word_1_169' title='bbox 1486 2089 1527 2156; x_wconf 93' lang='lat' dir='ltr'><strong>de</strong></span> <span class='ocrx_word' id='word_1_170' title='bbox 1540 2113 1626 2156; x_wconf 91' lang='lat' dir='ltr'><strong>novo</strong></span> <span class='ocrx_word' id='word_1_171' title='bbox 1641 2091 1767 2154; x_wconf 86' lang='lat' dir='ltr'><strong>intrans</strong></span> 
     </span>
     <span class='ocr_line' id='line_1_18' title="bbox 338 2189 690 2273; baseline 0.006 -23"><span class='ocrx_word' id='word_1_172' title='bbox 338 2208 403 2252; x_wconf 90' lang='lat' dir='ltr'><strong>non</strong></span> <span class='ocrx_word' id='word_1_173' title='bbox 425 2189 690 2273; x_wconf 86' lang='lat' dir='ltr'><strong>praepositasaet.</strong></span> 
     </span>
    </p>
   </div>
   <div class='ocr_carea' id='block_1_3' title="bbox 397 2346 1701 2440">
    <p class='ocr_par' dir='ltr' id='par_1_6' title="bbox 397 2346 1701 2440">
     <span class='ocr_line' id='line_1_19' title="bbox 397 2346 1701 2440; baseline 0.002 -24"><span class='ocrx_word' id='word_1_174' title='bbox 397 2357 446 2419; x_wconf 87' lang='grc'><strong>60.</strong></span> <span class='ocrx_word' id='word_1_175' title='bbox 469 2346 530 2438; x_wconf 91' lang='lat' dir='ltr'><strong>[Bl.</strong></span> <span class='ocrx_word' id='word_1_176' title='bbox 554 2349 979 2440; x_wconf 73' lang='lat' dir='ltr'><strong>14³]nnu1vnnsaourno</strong></span> <span class='ocrx_word' id='word_1_177' title='bbox 1003 2373 1177 2422; x_wconf 78' lang='lat' dir='ltr'><strong>maresco</strong></span> <span class='ocrx_word' id='word_1_178' title='bbox 1201 2373 1329 2420; x_wconf 74' lang='lat' dir='ltr'><strong>learns</strong></span> <span class='ocrx_word' id='word_1_179' title='bbox 1352 2371 1493 2420; x_wconf 78' lang='lat' dir='ltr'><strong>ormena</strong></span> <span class='ocrx_word' id='word_1_180' title='bbox 1517 2370 1701 2420; x_wconf 79' lang='lat' dir='ltr'><strong>sanvnnon</strong></span> 
     </span>
    </p>
   </div>
   <div class='ocr_carea' id='block_1_4' title="bbox 296 2481 1769 4747">
    <p class='ocr_par' dir='ltr' id='par_1_7' title="bbox 296 2481 1769 4747">
     <span class='ocr_line' id='line_1_20' title="bbox 420 2481 1768 2572; baseline 0.004 -26"><span class='ocrx_word' id='word_1_181' title='bbox 420 2481 541 2548; x_wconf 78' lang='lat' dir='ltr'><strong>Stahrit</strong></span> <span class='ocrx_word' id='word_1_182' title='bbox 563 2483 733 2572; x_wconf 85' lang='lat' dir='ltr'><strong>collegium</strong></span> <span class='ocrx_word' id='word_1_183' title='bbox 756 2509 872 2572; x_wconf 83' lang='lat' dir='ltr'><strong>mayus</strong></span> <span class='ocrx_word' id='word_1_184' title='bbox 901 2487 1105 2554; x_wconf 85' lang='lat' dir='ltr'><strong>concorditer</strong></span> <span class='ocrx_word' id='word_1_185' title='bbox 1134 2486 1175 2552; x_wconf 89' lang='lat' dir='ltr'><strong>de</strong></span> <span class='ocrx_word' id='word_1_186' title='bbox 1196 2486 1363 2552; x_wconf 89' lang='lat' dir='ltr'><strong>voluntate</strong></span> <span class='ocrx_word' id='word_1_187' title='bbox 1385 2497 1416 2552; x_wconf 88' lang='lat' dir='ltr'><strong>et</strong></span> <span class='ocrx_word' id='word_1_188' title='bbox 1437 2509 1597 2552; x_wconf 90' lang='lat' dir='ltr'><strong>consensu</strong></span> <span class='ocrx_word' id='word_1_189' title='bbox 1618 2487 1768 2572; x_wconf 85' lang='lat' dir='ltr'><strong>magistri</strong></span> 
     </span>
     <span class='ocr_line' id='line_1_21' title="bbox 296 2579 1767 2672; baseline 0.003 -27"><span class='ocrx_word' id='word_1_190' title='bbox 296 2579 489 2646; x_wconf 77' lang='lat' dir='ltr'><strong>solomonis</strong></span> <span class='ocrx_word' id='word_1_191' title='bbox 509 2583 705 2650; x_wconf 90' lang='lat' dir='ltr'><strong>Hasenfeldt</strong></span> <span class='ocrx_word' id='word_1_192' title='bbox 730 2584 771 2650; x_wconf 94' lang='lat' dir='ltr'><strong>de</strong></span> <span class='ocrx_word' id='word_1_193' title='bbox 793 2585 1041 2669; x_wconf 81' lang='lat' dir='ltr'><strong>Franekfurdis,</strong></span> <span class='ocrx_word' id='word_1_194' title='bbox 1070 2609 1184 2652; x_wconf 88' lang='lat' dir='ltr'><strong>sacrae</strong></span> <span class='ocrx_word' id='word_1_195' title='bbox 1203 2585 1387 2672; x_wconf 88' lang='lat' dir='ltr'><strong>theologiae</strong></span> <span class='ocrx_word' id='word_1_196' title='bbox 1409 2585 1614 2672; x_wconf 76' lang='lat' dir='ltr'><strong>professoris,</strong></span> <span class='ocrx_word' id='word_1_197' title='bbox 1643 2607 1767 2650; x_wconf 88' lang='lat' dir='ltr'><strong>necnon</strong></span> 
     </span>
     <span class='ocr_line' id='line_1_22' title="bbox 338 2679 1767 2771; baseline 0.005 -28"><span class='ocrx_word' id='word_1_198' title='bbox 338 2679 466 2744; x_wconf 86' lang='lat' dir='ltr'><strong>Hinrici</strong></span> <span class='ocrx_word' id='word_1_199' title='bbox 488 2680 620 2747; x_wconf 84' lang='lat' dir='ltr'><strong>Greven</strong></span> <span class='ocrx_word' id='word_1_200' title='bbox 642 2682 682 2748; x_wconf 91' lang='lat' dir='ltr'><strong>de</strong></span> <span class='ocrx_word' id='word_1_201' title='bbox 704 2683 913 2770; x_wconf 87' lang='lat' dir='ltr'><strong>Gottingenn,</strong></span> <span class='ocrx_word' id='word_1_202' title='bbox 941 2684 1069 2770; x_wconf 88' lang='lat' dir='ltr'><strong>collegii</strong></span> <span class='ocrx_word' id='word_1_203' title='bbox 1096 2686 1229 2750; x_wconf 89' lang='lat' dir='ltr'><strong>maioris</strong></span> <span class='ocrx_word' id='word_1_204' title='bbox 1252 2684 1498 2771; x_wconf 89' lang='lat' dir='ltr'><strong>collegiatorum</strong></span> <span class='ocrx_word' id='word_1_205' title='bbox 1522 2693 1555 2748; x_wconf 90' lang='lat' dir='ltr'><strong>et</strong></span> <span class='ocrx_word' id='word_1_206' title='bbox 1581 2683 1767 2750; x_wconf 88' lang='lat' dir='ltr'><strong>huiusmodi</strong></span> 
     </span>
     <span class='ocr_line' id='line_1_23' title="bbox 337 2779 1766 2872; baseline 0.003 -29"><span class='ocrx_word' id='word_1_207' title='bbox 337 2779 465 2864; x_wconf 90' lang='lat' dir='ltr'><strong>negocii</strong></span> <span class='ocrx_word' id='word_1_208' title='bbox 493 2791 723 2866; x_wconf 85' lang='lat' dir='ltr'><strong>promotorum,</strong></span> <span class='ocrx_word' id='word_1_209' title='bbox 753 2793 787 2848; x_wconf 88' lang='lat' dir='ltr'><strong>ut</strong></span> <span class='ocrx_word' id='word_1_210' title='bbox 817 2783 953 2869; x_wconf 89' lang='lat' dir='ltr'><strong>singulis</strong></span> <span class='ocrx_word' id='word_1_211' title='bbox 980 2786 1073 2850; x_wconf 91' lang='lat' dir='ltr'><strong>annis</strong></span> <span class='ocrx_word' id='word_1_212' title='bbox 1101 2786 1134 2848; x_wconf 90' lang='lat' dir='ltr'><strong>in</strong></span> <span class='ocrx_word' id='word_1_213' title='bbox 1164 2787 1346 2872; x_wconf 84' lang='lat' dir='ltr'><strong>septimana</strong></span> <span class='ocrx_word' id='word_1_214' title='bbox 1368 2794 1443 2870; x_wconf 90' lang='lat' dir='ltr'><strong>post</strong></span> <span class='ocrx_word' id='word_1_215' title='bbox 1463 2782 1664 2848; x_wconf 89' lang='lat' dir='ltr'><strong>dominicam</strong></span> <span class='ocrx_word' id='word_1_216' title='bbox 1685 2783 1766 2850; x_wconf 83' lang='lat' dir='ltr'><strong>Can·</strong></span> 
     </span>
     <span class='ocr_line' id='line_1_24' title="bbox 338 2881 1767 2972; baseline 0.004 -30"><span class='ocrx_word' id='word_1_217' title='bbox 338 2885 405 2943; x_wconf 86' lang='lat' dir='ltr'><strong>tate</strong></span> <span class='ocrx_word' id='word_1_218' title='bbox 433 2891 610 2966; x_wconf 86' lang='lat' dir='ltr'><strong>peragatur</strong></span> <span class='ocrx_word' id='word_1_219' title='bbox 641 2883 882 2947; x_wconf 89' lang='lat' dir='ltr'><strong>anniversarius</strong></span> <span class='ocrx_word' id='word_1_220' title='bbox 910 2881 1106 2948; x_wconf 88' lang='lat' dir='ltr'><strong>venerabilis</strong></span> <span class='ocrx_word' id='word_1_221' title='bbox 1134 2884 1297 2972; x_wconf 91' lang='lat' dir='ltr'><strong>quondam</strong></span> <span class='ocrx_word' id='word_1_222' title='bbox 1323 2884 1403 2964; x_wconf 89' lang='lat' dir='ltr'><strong>viri,</strong></span> <span class='ocrx_word' id='word_1_223' title='bbox 1433 2882 1583 2967; x_wconf 84' lang='lat' dir='ltr'><strong>magistri</strong></span> <span class='ocrx_word' id='word_1_224' title='bbox 1613 2881 1767 2948; x_wconf 87' lang='lat' dir='ltr'><strong>Iohannis</strong></span> 
     </span>
     <span class='ocr_line' id='line_1_25' title="bbox 339 2976 1768 3068; baseline 0.003 -27"><span class='ocrx_word' id='word_1_225' title='bbox 339 2976 476 3042; x_wconf 85' lang='lat' dir='ltr'><strong>Liriken</strong></span> <span class='ocrx_word' id='word_1_226' title='bbox 497 2979 538 3043; x_wconf 88' lang='lat' dir='ltr'><strong>de</strong></span> <span class='ocrx_word' id='word_1_227' title='bbox 556 2979 805 3063; x_wconf 80' lang='lat' dir='ltr'><strong>Francklurdis,</strong></span> <span class='ocrx_word' id='word_1_228' title='bbox 826 2983 893 3046; x_wconf 92' lang='lat' dir='ltr'><strong>iam</strong></span> <span class='ocrx_word' id='word_1_229' title='bbox 913 2981 1018 3046; x_wconf 86' lang='lat' dir='ltr'><strong>felicis</strong></span> <span class='ocrx_word' id='word_1_230' title='bbox 1040 2980 1289 3064; x_wconf 87' lang='lat' dir='ltr'><strong>recordacionis,</strong></span> <span class='ocrx_word' id='word_1_231' title='bbox 1311 2981 1399 3068; x_wconf 90' lang='lat' dir='ltr'><strong>apud</strong></span> <span class='ocrx_word' id='word_1_232' title='bbox 1421 2989 1568 3046; x_wconf 87' lang='lat' dir='ltr'><strong>sanctum</strong></span> <span class='ocrx_word' id='word_1_233' title='bbox 1589 2980 1768 3046; x_wconf 90' lang='lat' dir='ltr'><strong>Nicolaum.</strong></span> 
     </span>
     <span class='ocr_line' id='line_1_26' title="bbox 297 3075 1768 3167; baseline 0.005 -28"><span class='ocrx_word' id='word_1_234' title='bbox 297 3085 330 3140; x_wconf 79' lang='lat'><strong>25</strong></span> <span class='ocrx_word' id='word_1_235' title='bbox 339 3075 393 3142; x_wconf 90' lang='lat' dir='ltr'><strong>Ad</strong></span> <span class='ocrx_word' id='word_1_236' title='bbox 413 3099 494 3162; x_wconf 88' lang='lat' dir='ltr'><strong>quas</strong></span> <span class='ocrx_word' id='word_1_237' title='bbox 517 3076 647 3162; x_wconf 92' lang='lat' dir='ltr'><strong>quidem</strong></span> <span class='ocrx_word' id='word_1_238' title='bbox 669 3082 824 3166; x_wconf 88' lang='lat' dir='ltr'><strong>exequias</strong></span> <span class='ocrx_word' id='word_1_239' title='bbox 844 3080 901 3146; x_wconf 85' lang='lat' dir='ltr'><strong>liat</strong></span> <span class='ocrx_word' id='word_1_240' title='bbox 922 3103 1004 3144; x_wconf 88' lang='lat' dir='ltr'><strong>unus</strong></span> <span class='ocrx_word' id='word_1_241' title='bbox 1026 3079 1139 3167; x_wconf 88' lang='lat' dir='ltr'><strong>pulsus</strong></span> <span class='ocrx_word' id='word_1_242' title='bbox 1162 3105 1221 3167; x_wconf 92' lang='lat' dir='ltr'><strong>pro</strong></span> <span class='ocrx_word' id='word_1_243' title='bbox 1244 3080 1367 3166; x_wconf 85' lang='lat' dir='ltr'><strong>vigiliis</strong></span> <span class='ocrx_word' id='word_1_244' title='bbox 1389 3090 1421 3144; x_wconf 90' lang='lat' dir='ltr'><strong>et</strong></span> <span class='ocrx_word' id='word_1_245' title='bbox 1443 3081 1590 3166; x_wconf 89' lang='lat' dir='ltr'><strong>sequenti</strong></span> <span class='ocrx_word' id='word_1_246' title='bbox 1612 3079 1669 3144; x_wconf 89' lang='lat' dir='ltr'><strong>die</strong></span> <span class='ocrx_word' id='word_1_247' title='bbox 1688 3103 1768 3146; x_wconf 90' lang='lat' dir='ltr'><strong>nnus</strong></span> 
     </span>
     <span class='ocr_line' id='line_1_27' title="bbox 339 3173 1769 3266; baseline 0.004 -28"><span class='ocrx_word' id='word_1_248' title='bbox 339 3173 451 3260; x_wconf 87' lang='lat' dir='ltr'><strong>pulsus</strong></span> <span class='ocrx_word' id='word_1_249' title='bbox 471 3197 531 3262; x_wconf 86' lang='lat' dir='ltr'><strong>pro</strong></span> <span class='ocrx_word' id='word_1_250' title='bbox 553 3178 663 3260; x_wconf 89' lang='lat' dir='ltr'><strong>missa,</strong></span> <span class='ocrx_word' id='word_1_251' title='bbox 692 3201 753 3266; x_wconf 94' lang='lat' dir='ltr'><strong>pro</strong></span> <span class='ocrx_word' id='word_1_252' title='bbox 775 3179 893 3265; x_wconf 90' lang='lat' dir='ltr'><strong>quibus</strong></span> <span class='ocrx_word' id='word_1_253' title='bbox 916 3179 1032 3246; x_wconf 89' lang='lat' dir='ltr'><strong>dentur</strong></span> <span class='ocrx_word' id='word_1_254' title='bbox 1055 3177 1258 3266; x_wconf 85' lang='lat' dir='ltr'><strong>pulsantibus</strong></span> <span class='ocrx_word' id='word_1_255' title='bbox 1287 3181 1321 3266; x_wconf 87' lang='lat' dir='ltr'><strong>iij</strong></span> <span class='ocrx_word' id='word_1_256' title='bbox 1343 3195 1394 3263; x_wconf 48' lang='grc' dir='ltr'><strong>φῇ,</strong></span> <span class='ocrx_word' id='word_1_257' title='bbox 1423 3178 1542 3242; x_wconf 88' lang='lat' dir='ltr'><strong>rectori</strong></span> <span class='ocrx_word' id='word_1_258' title='bbox 1571 3175 1769 3244; x_wconf 85' lang='lat' dir='ltr'><strong>scholarium</strong></span> 
     </span>
     <span class='ocr_line' id='line_1_28' title="bbox 340 3277 1769 3366; baseline 0.004 -30"><span class='ocrx_word' id='word_1_259' title='bbox 340 3283 371 3337; x_wconf 90' lang='lat' dir='ltr'><strong>et</strong></span> <span class='ocrx_word' id='word_1_260' title='bbox 393 3278 572 3340; x_wconf 87' lang='lat' dir='ltr'><strong>succentori</strong></span> <span class='ocrx_word' id='word_1_261' title='bbox 595 3279 664 3341; x_wconf 91' lang='lat' dir='ltr'><strong>eius</strong></span> <span class='ocrx_word' id='word_1_262' title='bbox 684 3277 778 3342; x_wconf 88' lang='lat' dir='ltr'><strong>simul</strong></span> <span class='ocrx_word' id='word_1_263' title='bbox 802 3297 822 3341; x_wconf 92' lang='lat' dir='ltr'>v</span> <span class='ocrx_word' id='word_1_264' title='bbox 844 3295 885 3363; x_wconf 64' lang='lat' dir='ltr'><strong>pq.</strong></span> <span class='ocrx_word' id='word_1_265' title='bbox 915 3303 975 3366; x_wconf 93' lang='lat' dir='ltr'><strong>pro</strong></span> <span class='ocrx_word' id='word_1_266' title='bbox 999 3277 1119 3366; x_wconf 86' lang='lat' dir='ltr'><strong>vigiliis</strong></span> <span class='ocrx_word' id='word_1_267' title='bbox 1142 3289 1174 3343; x_wconf 91' lang='lat' dir='ltr'><strong>et</strong></span> <span class='ocrx_word' id='word_1_268' title='bbox 1194 3279 1295 3343; x_wconf 89' lang='lat' dir='ltr'><strong>missa</strong></span> <span class='ocrx_word' id='word_1_269' title='bbox 1316 3277 1540 3342; x_wconf 84' lang='lat' dir='ltr'><strong>delimctornm</strong></span> <span class='ocrx_word' id='word_1_270' title='bbox 1562 3299 1623 3364; x_wconf 88' lang='lat' dir='ltr'><strong>per</strong></span> <span class='ocrx_word' id='word_1_271' title='bbox 1645 3277 1769 3342; x_wconf 92' lang='lat' dir='ltr'><strong>schola·</strong></span> 
     </span>
     <span class='ocr_line' id='line_1_29' title="bbox 339 3371 1769 3466; baseline 0.003 -31"><span class='ocrx_word' id='word_1_272' title='bbox 339 3393 392 3438; x_wconf 88' lang='lat' dir='ltr'><strong>res</strong></span> <span class='ocrx_word' id='word_1_273' title='bbox 414 3371 637 3458; x_wconf 86' lang='lat' dir='ltr'><strong>decantandis,</strong></span> <span class='ocrx_word' id='word_1_274' title='bbox 668 3375 808 3464; x_wconf 89' lang='lat' dir='ltr'><strong>plebano</strong></span> <span class='ocrx_word' id='word_1_275' title='bbox 835 3379 858 3465; x_wconf 91' lang='lat' dir='ltr'><strong>ij</strong></span> <span class='ocrx_word' id='word_1_276' title='bbox 882 3394 932 3462; x_wconf 64' lang='lat' dir='ltr'><strong>pf,</strong></span> <span class='ocrx_word' id='word_1_277' title='bbox 962 3380 1071 3466; x_wconf 88' lang='lat' dir='ltr'><strong>siper</strong></span> <span class='ocrx_word' id='word_1_278' title='bbox 1093 3401 1127 3442; x_wconf 87' lang='lat' dir='ltr'><strong>se</strong></span> <span class='ocrx_word' id='word_1_279' title='bbox 1151 3377 1203 3442; x_wconf 85' lang='lat' dir='ltr'><strong>vel</strong></span> <span class='ocrx_word' id='word_1_280' title='bbox 1223 3376 1321 3442; x_wconf 88' lang='lat' dir='ltr'><strong>alium</strong></span> <span class='ocrx_word' id='word_1_281' title='bbox 1344 3375 1546 3440; x_wconf 89' lang='lat' dir='ltr'><strong>sacerdotem</strong></span> <span class='ocrx_word' id='word_1_282' title='bbox 1570 3377 1622 3442; x_wconf 89' lang='lat' dir='ltr'><strong>sui</strong></span> <span class='ocrx_word' id='word_1_283' title='bbox 1645 3377 1769 3442; x_wconf 87' lang='lat' dir='ltr'><strong>ordinis</strong></span> 
     </span>
     <span class='ocr_line' id='line_1_30' title="bbox 338 3469 1769 3564; baseline 0.004 -29"><span class='ocrx_word' id='word_1_284' title='bbox 338 3469 483 3536; x_wconf 88' lang='lat' dir='ltr'><strong>ultimam</strong></span> <span class='ocrx_word' id='word_1_285' title='bbox 503 3472 673 3540; x_wconf 90' lang='lat' dir='ltr'><strong>lectionem</strong></span> <span class='ocrx_word' id='word_1_286' title='bbox 695 3477 726 3540; x_wconf 90' lang='lat' dir='ltr'><strong>in</strong></span> <span class='ocrx_word' id='word_1_287' title='bbox 750 3475 870 3562; x_wconf 86' lang='lat' dir='ltr'><strong>vigiliis</strong></span> <span class='ocrx_word' id='word_1_288' title='bbox 890 3477 1016 3564; x_wconf 86' lang='lat' dir='ltr'><strong>legerit,</strong></span> <span class='ocrx_word' id='word_1_289' title='bbox 1040 3477 1240 3564; x_wconf 86' lang='lat' dir='ltr'><strong>subplebano</strong></span> <span class='ocrx_word' id='word_1_290' title='bbox 1261 3485 1272 3542; x_wconf 90' lang='lat' dir='ltr'>l</span> <span class='ocrx_word' id='word_1_291' title='bbox 1290 3491 1339 3560; x_wconf 60' lang='lat' dir='ltr'><strong>pp,</strong></span> <span class='ocrx_word' id='word_1_292' title='bbox 1361 3473 1485 3540; x_wconf 88' lang='lat' dir='ltr'><strong>custodi</strong></span> <span class='ocrx_word' id='word_1_293' title='bbox 1507 3472 1668 3540; x_wconf 88' lang='lat' dir='ltr'><strong>ecclesiae</strong></span> <span class='ocrx_word' id='word_1_294' title='bbox 1689 3499 1769 3540; x_wconf 85' lang='lat' dir='ltr'><strong>unns</strong></span> 
     </span>
     <span class='ocr_line' id='line_1_31' title="bbox 297 3571 1769 3662; baseline 0.003 -29"><span class='ocrx_word' id='word_1_295' title='bbox 297 3577 392 3652; x_wconf 67' lang='lat'><strong>³095,</strong></span> <span class='ocrx_word' id='word_1_296' title='bbox 420 3573 468 3636; x_wconf 91' lang='lat' dir='ltr'><strong>sic</strong></span> <span class='ocrx_word' id='word_1_297' title='bbox 488 3581 596 3638; x_wconf 85' lang='lat' dir='ltr'><strong>tamen</strong></span> <span class='ocrx_word' id='word_1_298' title='bbox 617 3574 705 3661; x_wconf 87' lang='lat' dir='ltr'><strong>quod</strong></span> <span class='ocrx_word' id='word_1_299' title='bbox 725 3575 870 3640; x_wconf 90' lang='lat' dir='ltr'><strong>tumbam</strong></span> <span class='ocrx_word' id='word_1_300' title='bbox 891 3600 963 3641; x_wconf 91' lang='lat' dir='ltr'><strong>oum</strong></span> <span class='ocrx_word' id='word_1_301' title='bbox 987 3576 1087 3642; x_wconf 89' lang='lat' dir='ltr'><strong>calice</strong></span> <span class='ocrx_word' id='word_1_302' title='bbox 1114 3587 1146 3642; x_wconf 88' lang='lat' dir='ltr'><strong>et</strong></span> <span class='ocrx_word' id='word_1_303' title='bbox 1174 3575 1257 3641; x_wconf 86' lang='lat' dir='ltr'><strong>stola</strong></span> <span class='ocrx_word' id='word_1_304' title='bbox 1284 3583 1472 3662; x_wconf 88' lang='lat' dir='ltr'><strong>praeparet,</strong></span> <span class='ocrx_word' id='word_1_305' title='bbox 1502 3571 1636 3638; x_wconf 89' lang='lat' dir='ltr'><strong>cuilibet</strong></span> <span class='ocrx_word' id='word_1_306' title='bbox 1657 3575 1769 3640; x_wconf 89' lang='lat' dir='ltr'><strong>chora·</strong></span> 
     </span>
     <span class='ocr_line' id='line_1_32' title="bbox 339 3667 1769 3760; baseline 0.004 -28"><span class='ocrx_word' id='word_1_307' title='bbox 339 3667 417 3732; x_wconf 93' lang='lat' dir='ltr'><strong>linm</strong></span> <span class='ocrx_word' id='word_1_308' title='bbox 446 3675 464 3736; x_wconf 88' lang='grc'>3</span> <span class='ocrx_word' id='word_1_309' title='bbox 491 3674 529 3750; x_wconf 69' lang='lat'><strong>03.</strong></span> <span class='ocrx_word' id='word_1_310' title='bbox 558 3673 658 3758; x_wconf 87' lang='lat' dir='ltr'><strong>antiq.</strong></span> <span class='ocrx_word' id='word_1_311' title='bbox 701 3671 863 3738; x_wconf 84' lang='lat' dir='ltr'><strong>Oandelas</strong></span> <span class='ocrx_word' id='word_1_312' title='bbox 891 3677 1039 3760; x_wconf 86' lang='lat' dir='ltr'><strong>magistri</strong></span> <span class='ocrx_word' id='word_1_313' title='bbox 1067 3675 1232 3760; x_wconf 86' lang='lat' dir='ltr'><strong>Henningi</strong></span> <span class='ocrx_word' id='word_1_314' title='bbox 1262 3673 1403 3738; x_wconf 83' lang='lat' dir='ltr'><strong>dehmcti</strong></span> <span class='ocrx_word' id='word_1_315' title='bbox 1434 3671 1605 3757; x_wconf 88' lang='lat' dir='ltr'><strong>collegium</strong></span> <span class='ocrx_word' id='word_1_316' title='bbox 1638 3672 1683 3737; x_wconf 91' lang='lat' dir='ltr'><strong>ad</strong></span> <span class='ocrx_word' id='word_1_317' title='bbox 1711 3673 1769 3738; x_wconf 92' lang='lat' dir='ltr'><strong>boc</strong></span> 
     </span>
     <span class='ocr_line' id='line_1_33' title="bbox 338 3766 1769 3860; baseline 0.003 -29"><span class='ocrx_word' id='word_1_318' title='bbox 338 3766 439 3848; x_wconf 89' lang='lat' dir='ltr'><strong>locet,</strong></span> <span class='ocrx_word' id='word_1_319' title='bbox 469 3790 529 3854; x_wconf 94' lang='lat' dir='ltr'><strong>pro</strong></span> <span class='ocrx_word' id='word_1_320' title='bbox 558 3793 622 3856; x_wconf 93' lang='lat' dir='ltr'><strong>quo</strong></span> <span class='ocrx_word' id='word_1_321' title='bbox 651 3769 738 3836; x_wconf 90' lang='lat' dir='ltr'><strong>idem</strong></span> <span class='ocrx_word' id='word_1_322' title='bbox 760 3771 952 3860; x_wconf 89' lang='lat' dir='ltr'><strong>Henningus</strong></span> <span class='ocrx_word' id='word_1_323' title='bbox 983 3797 1042 3860; x_wconf 90' lang='lat' dir='ltr'><strong>pro</strong></span> <span class='ocrx_word' id='word_1_324' title='bbox 1070 3773 1305 3840; x_wconf 86' lang='lat' dir='ltr'><strong>restauratione</strong></span> <span class='ocrx_word' id='word_1_325' title='bbox 1330 3779 1344 3836; x_wconf 87' lang='lat'>1</span> <span class='ocrx_word' id='word_1_326' title='bbox 1367 3787 1409 3855; x_wconf 60' lang='grc' dir='ltr'><strong>μς.</strong></span> <span class='ocrx_word' id='word_1_327' title='bbox 1437 3772 1547 3858; x_wconf 88' lang='lat' dir='ltr'><strong>capiat</strong></span> <span class='ocrx_word' id='word_1_328' title='bbox 1578 3768 1639 3858; x_wconf 85' lang='lat' dir='ltr'><strong>[om</strong></span> <span class='ocrx_word' id='word_1_329' title='bbox 1662 3778 1769 3836; x_wconf 74' lang='lat' dir='ltr'><strong>Raude</strong></span> 
     </span>
     <span class='ocr_line' id='line_1_34' title="bbox 340 3867 1767 3956; baseline 0.005 -28"><span class='ocrx_word' id='word_1_330' title='bbox 340 3871 577 3948; x_wconf 72' lang='lat' dir='ltr'><strong>acclqetrapen:</strong></span> <span class='ocrx_word' id='word_1_331' title='bbox 598 3872 675 3949; x_wconf 71' lang='lat'><strong>703·</strong></span> <span class='ocrx_word' id='word_1_332' title='bbox 697 3869 878 3936; x_wconf 87' lang='lat' dir='ltr'><strong>scolaribus</strong></span> <span class='ocrx_word' id='word_1_333' title='bbox 902 3872 1108 3938; x_wconf 85' lang='lat' dir='ltr'><strong>cantantibus</strong></span> <span class='ocrx_word' id='word_1_334' title='bbox 1131 3873 1287 3938; x_wconf 89' lang='lat' dir='ltr'><strong>lectiones</strong></span> <span class='ocrx_word' id='word_1_335' title='bbox 1308 3871 1343 3933; x_wconf 92' lang='lat' dir='ltr'><strong>in</strong></span> <span class='ocrx_word' id='word_1_336' title='bbox 1365 3867 1509 3956; x_wconf 63' lang='lat' dir='ltr'><strong>vigiliis}</strong></span> <span class='ocrx_word' id='word_1_337' title='bbox 1543 3868 1639 3950; x_wconf 77' lang='lat' dir='ltr'><strong>Quae</strong></span> <span class='ocrx_word' id='word_1_338' title='bbox 1660 3873 1767 3937; x_wconf 89' lang='lat' dir='ltr'><strong>omnia</strong></span> 
     </span>
     <span class='ocr_line' id='line_1_35' title="bbox 340 3965 1767 4058; baseline 0.006 -31"><span class='ocrx_word' id='word_1_339' title='bbox 340 3965 374 4028; x_wconf 91' lang='lat' dir='ltr'><strong>in</strong></span> <span class='ocrx_word' id='word_1_340' title='bbox 400 3986 527 4029; x_wconf 89' lang='lat' dir='ltr'><strong>summa</strong></span> <span class='ocrx_word' id='word_1_341' title='bbox 552 3965 676 4030; x_wconf 82' lang='lat' dir='ltr'><strong>faciunt</strong></span> <span class='ocrx_word' id='word_1_342' title='bbox 704 3969 776 4057; x_wconf 87' lang='lat' dir='ltr'><strong>xiiij</strong></span> <span class='ocrx_word' id='word_1_343' title='bbox 806 3987 847 4054; x_wconf 64' lang='lat' dir='ltr'><strong>qt.</strong></span> <span class='ocrx_word' id='word_1_344' title='bbox 874 3981 905 4035; x_wconf 90' lang='lat' dir='ltr'><strong>et</strong></span> <span class='ocrx_word' id='word_1_345' title='bbox 931 3973 966 4058; x_wconf 92' lang='lat' dir='ltr'><strong>iij</strong></span> <span class='ocrx_word' id='word_1_346' title='bbox 989 3976 1027 4052; x_wconf 66' lang='grc'><strong>(3.</strong></span> <span class='ocrx_word' id='word_1_347' title='bbox 1056 3975 1148 4038; x_wconf 86' lang='lat' dir='ltr'><strong>nov.¹</strong></span> <span class='ocrx_word' id='word_1_348' title='bbox 1191 3970 1263 4034; x_wconf 88' lang='lat' dir='ltr'><strong>Has</strong></span> <span class='ocrx_word' id='word_1_349' title='bbox 1291 3970 1462 4055; x_wconf 83' lang='lat' dir='ltr'><strong>exequias,</strong></span> <span class='ocrx_word' id='word_1_350' title='bbox 1492 3990 1555 4054; x_wconf 89' lang='lat' dir='ltr'><strong>quo</strong></span> <span class='ocrx_word' id='word_1_351' title='bbox 1584 3968 1628 4034; x_wconf 87' lang='lat' dir='ltr'><strong>ad</strong></span> <span class='ocrx_word' id='word_1_352' title='bbox 1657 3969 1767 4036; x_wconf 90' lang='lat' dir='ltr'><strong>boram</strong></span> 
     </span>
     <span class='ocr_line' id='line_1_36' title="bbox 299 4062 1767 4156; baseline 0.005 -30"><span class='ocrx_word' id='word_1_353' title='bbox 299 4062 529 4148; x_wconf 73' lang='lat' dir='ltr'><strong>tovigiliarum</strong></span> <span class='ocrx_word' id='word_1_354' title='bbox 550 4072 582 4128; x_wconf 87' lang='lat' dir='ltr'><strong>et</strong></span> <span class='ocrx_word' id='word_1_355' title='bbox 603 4066 785 4150; x_wconf 89' lang='lat' dir='ltr'><strong>missarum,</strong></span> <span class='ocrx_word' id='word_1_356' title='bbox 815 4072 1020 4156; x_wconf 88' lang='lat' dir='ltr'><strong>praepositus</strong></span> <span class='ocrx_word' id='word_1_357' title='bbox 1044 4070 1170 4156; x_wconf 88' lang='lat' dir='ltr'><strong>collegii</strong></span> <span class='ocrx_word' id='word_1_358' title='bbox 1199 4069 1332 4133; x_wconf 89' lang='lat' dir='ltr'><strong>maioris</strong></span> <span class='ocrx_word' id='word_1_359' title='bbox 1359 4089 1419 4153; x_wconf 91' lang='lat' dir='ltr'><strong>pro</strong></span> <span class='ocrx_word' id='word_1_360' title='bbox 1447 4077 1595 4152; x_wconf 89' lang='lat' dir='ltr'><strong>tempore</strong></span> <span class='ocrx_word' id='word_1_361' title='bbox 1625 4071 1767 4134; x_wconf 86' lang='lat' dir='ltr'><strong>existens</strong></span> 
     </span>
     <span class='ocr_line' id='line_1_37' title="bbox 342 4161 1767 4253; baseline 0.003 -28"><span class='ocrx_word' id='word_1_362' title='bbox 342 4161 518 4247; x_wconf 86' lang='lat' dir='ltr'><strong>magistris,</strong></span> <span class='ocrx_word' id='word_1_363' title='bbox 538 4162 578 4228; x_wconf 91' lang='lat' dir='ltr'><strong>de</strong></span> <span class='ocrx_word' id='word_1_364' title='bbox 601 4163 714 4230; x_wconf 89' lang='lat' dir='ltr'><strong>eodem</strong></span> <span class='ocrx_word' id='word_1_365' title='bbox 736 4166 871 4253; x_wconf 91' lang='lat' dir='ltr'><strong>collegio</strong></span> <span class='ocrx_word' id='word_1_366' title='bbox 893 4168 1067 4251; x_wconf 86' lang='lat' dir='ltr'><strong>duntaxat,</strong></span> <span class='ocrx_word' id='word_1_367' title='bbox 1090 4171 1241 4233; x_wconf 85' lang='lat' dir='ltr'><strong>intimare</strong></span> <span class='ocrx_word' id='word_1_368' title='bbox 1261 4165 1358 4231; x_wconf 89' lang='lat' dir='ltr'><strong>debet</strong></span> <span class='ocrx_word' id='word_1_369' title='bbox 1379 4173 1411 4230; x_wconf 91' lang='lat' dir='ltr'><strong>et</strong></span> <span class='ocrx_word' id='word_1_370' title='bbox 1430 4163 1572 4230; x_wconf 87' lang='lat' dir='ltr'><strong>fideliter</strong></span> <span class='ocrx_word' id='word_1_371' title='bbox 1593 4164 1767 4253; x_wconf 88' lang='lat' dir='ltr'><strong>disponere</strong></span> 
     </span>
     <span class='ocr_line' id='line_1_38' title="bbox 342 4258 1767 4350; baseline 0.002 -27"><span class='ocrx_word' id='word_1_372' title='bbox 342 4283 405 4346; x_wconf 90' lang='lat' dir='ltr'><strong>qno</strong></span> <span class='ocrx_word' id='word_1_373' title='bbox 427 4258 469 4325; x_wconf 89' lang='lat' dir='ltr'><strong>ad</strong></span> <span class='ocrx_word' id='word_1_374' title='bbox 495 4261 623 4348; x_wconf 91' lang='lat' dir='ltr'><strong>singula</strong></span> <span class='ocrx_word' id='word_1_375' title='bbox 648 4273 784 4347; x_wconf 90' lang='lat' dir='ltr'><strong>tenetur,</strong></span> <span class='ocrx_word' id='word_1_376' title='bbox 814 4265 996 4332; x_wconf 86' lang='lat' dir='ltr'><strong>huiusmodi</strong></span> <span class='ocrx_word' id='word_1_377' title='bbox 1025 4269 1126 4332; x_wconf 89' lang='lat' dir='ltr'><strong>eciam</strong></span> <span class='ocrx_word' id='word_1_378' title='bbox 1155 4265 1407 4346; x_wconf 88' lang='lat' dir='ltr'><strong>ordinacionem,</strong></span> <span class='ocrx_word' id='word_1_379' title='bbox 1436 4284 1495 4349; x_wconf 90' lang='lat' dir='ltr'><strong>per</strong></span> <span class='ocrx_word' id='word_1_380' title='bbox 1521 4262 1697 4350; x_wconf 87' lang='lat' dir='ltr'><strong>collegium</strong></span> <span class='ocrx_word' id='word_1_381' title='bbox 1725 4265 1767 4329; x_wconf 89' lang='lat' dir='ltr'><strong>sic</strong></span> 
     </span>
     <span class='ocr_line' id='line_1_39' title="bbox 341 4359 1767 4451; baseline 0.003 -29"><span class='ocrx_word' id='word_1_382' title='bbox 341 4359 471 4439; x_wconf 85' lang='lat' dir='ltr'><strong>factam,</strong></span> <span class='ocrx_word' id='word_1_383' title='bbox 493 4381 534 4423; x_wconf 85' lang='lat' dir='ltr'><strong>ex</strong></span> <span class='ocrx_word' id='word_1_384' title='bbox 554 4359 637 4424; x_wconf 91' lang='lat' dir='ltr'><strong>libro</strong></span> <span class='ocrx_word' id='word_1_385' title='bbox 661 4371 852 4429; x_wconf 88' lang='lat' dir='ltr'><strong>statutorum</strong></span> <span class='ocrx_word' id='word_1_386' title='bbox 875 4364 1022 4451; x_wconf 85' lang='lat' dir='ltr'><strong>legendo.</strong></span> <span class='ocrx_word' id='word_1_387' title='bbox 1045 4365 1111 4430; x_wconf 90' lang='lat' dir='ltr'><strong>Ubi</strong></span> <span class='ocrx_word' id='word_1_388' title='bbox 1133 4367 1160 4429; x_wconf 92' lang='lat' dir='ltr'><strong>si</strong></span> <span class='ocrx_word' id='word_1_389' title='bbox 1180 4365 1331 4449; x_wconf 86' lang='lat' dir='ltr'><strong>magistri</strong></span> <span class='ocrx_word' id='word_1_390' title='bbox 1353 4363 1596 4449; x_wconf 87' lang='lat' dir='ltr'><strong>comparuerint</strong></span> <span class='ocrx_word' id='word_1_391' title='bbox 1615 4363 1651 4426; x_wconf 94' lang='lat' dir='ltr'><strong>in</strong></span> <span class='ocrx_word' id='word_1_392' title='bbox 1673 4363 1767 4429; x_wconf 84' lang='lat' dir='ltr'><strong>choro</strong></span> 
     </span>
     <span class='ocr_line' id='line_1_40' title="bbox 342 4455 1767 4550; baseline 0.004 -31"><span class='ocrx_word' id='word_1_393' title='bbox 342 4457 446 4520; x_wconf 89' lang='lat' dir='ltr'><strong>sancti</strong></span> <span class='ocrx_word' id='word_1_394' title='bbox 466 4455 591 4522; x_wconf 85' lang='lat' dir='ltr'><strong>Nicolai</strong></span> <span class='ocrx_word' id='word_1_395' title='bbox 612 4459 645 4522; x_wconf 92' lang='lat' dir='ltr'><strong>in</strong></span> <span class='ocrx_word' id='word_1_396' title='bbox 667 4461 788 4547; x_wconf 89' lang='lat' dir='ltr'><strong>vigiliis</strong></span> <span class='ocrx_word' id='word_1_397' title='bbox 817 4473 891 4527; x_wconf 90' lang='lat' dir='ltr'><strong>ante</strong></span> <span class='ocrx_word' id='word_1_398' title='bbox 919 4465 1016 4529; x_wconf 89' lang='lat' dir='ltr'><strong>finem</strong></span> <span class='ocrx_word' id='word_1_399' title='bbox 1046 4466 1144 4550; x_wconf 90' lang='lat' dir='ltr'><strong>primi</strong></span> <span class='ocrx_word' id='word_1_400' title='bbox 1171 4463 1321 4528; x_wconf 90' lang='lat' dir='ltr'><strong>nocturni</strong></span> <span class='ocrx_word' id='word_1_401' title='bbox 1348 4471 1381 4526; x_wconf 92' lang='lat' dir='ltr'><strong>et</strong></span> <span class='ocrx_word' id='word_1_402' title='bbox 1407 4462 1441 4524; x_wconf 92' lang='lat' dir='ltr'><strong>in</strong></span> <span class='ocrx_word' id='word_1_403' title='bbox 1462 4461 1564 4524; x_wconf 87' lang='lat' dir='ltr'><strong>missa</strong></span> <span class='ocrx_word' id='word_1_404' title='bbox 1594 4461 1767 4548; x_wconf 88' lang='lat' dir='ltr'><strong>principali</strong></span> 
     </span>
     <span class='ocr_line' id='line_1_41' title="bbox 300 4553 1768 4649; baseline 0.003 -30"><span class='ocrx_word' id='word_1_405' title='bbox 300 4553 570 4620; x_wconf 80' lang='lat' dir='ltr'><strong>todefunctorum</strong></span> <span class='ocrx_word' id='word_1_406' title='bbox 587 4566 661 4622; x_wconf 90' lang='lat' dir='ltr'><strong>ante</strong></span> <span class='ocrx_word' id='word_1_407' title='bbox 682 4560 862 4647; x_wconf 89' lang='lat' dir='ltr'><strong>epistolam,</strong></span> <span class='ocrx_word' id='word_1_408' title='bbox 885 4571 917 4627; x_wconf 92' lang='lat' dir='ltr'><strong>et</strong></span> <span class='ocrx_word' id='word_1_409' title='bbox 937 4563 984 4627; x_wconf 91' lang='lat' dir='ltr'><strong>ibi</strong></span> <span class='ocrx_word' id='word_1_410' title='bbox 1006 4563 1254 4649; x_wconf 87' lang='lat' dir='ltr'><strong>permanserint,</strong></span> <span class='ocrx_word' id='word_1_411' title='bbox 1276 4561 1309 4624; x_wconf 92' lang='lat' dir='ltr'><strong>in</strong></span> <span class='ocrx_word' id='word_1_412' title='bbox 1331 4558 1452 4644; x_wconf 85' lang='lat' dir='ltr'><strong>vigiliis</strong></span> <span class='ocrx_word' id='word_1_413' title='bbox 1473 4557 1517 4623; x_wconf 91' lang='lat' dir='ltr'><strong>ad</strong></span> <span class='ocrx_word' id='word_1_414' title='bbox 1538 4561 1645 4624; x_wconf 91' lang='lat' dir='ltr'><strong>minus</strong></span> <span class='ocrx_word' id='word_1_415' title='bbox 1668 4582 1768 4646; x_wconf 89' lang='lat' dir='ltr'><strong>nsque</strong></span> 
     </span>
     <span class='ocr_line' id='line_1_42' title="bbox 342 4651 1768 4747; baseline 0.004 -28"><span class='ocrx_word' id='word_1_416' title='bbox 342 4653 385 4719; x_wconf 86' lang='lat' dir='ltr'><strong>ad</strong></span> <span class='ocrx_word' id='word_1_417' title='bbox 407 4651 531 4734; x_wconf 87' lang='lat' dir='ltr'><strong>laudes,</strong></span> <span class='ocrx_word' id='word_1_418' title='bbox 560 4655 594 4718; x_wconf 93' lang='lat' dir='ltr'><strong>in</strong></span> <span class='ocrx_word' id='word_1_419' title='bbox 614 4658 715 4722; x_wconf 87' lang='lat' dir='ltr'><strong>missa</strong></span> <span class='ocrx_word' id='word_1_420' title='bbox 738 4681 841 4747; x_wconf 90' lang='lat' dir='ltr'><strong>usque</strong></span> <span class='ocrx_word' id='word_1_421' title='bbox 862 4661 905 4726; x_wconf 90' lang='lat' dir='ltr'><strong>ad</strong></span> <span class='ocrx_word' id='word_1_422' title='bbox 933 4661 1095 4726; x_wconf 90' lang='lat' dir='ltr'><strong>silentium</strong></span> <span class='ocrx_word' id='word_1_423' title='bbox 1124 4660 1271 4746; x_wconf 88' lang='lat' dir='ltr'><strong>(dempto</strong></span> <span class='ocrx_word' id='word_1_424' title='bbox 1296 4659 1386 4724; x_wconf 85' lang='lat' dir='ltr'><strong>exitu</strong></span> <span class='ocrx_word' id='word_1_425' title='bbox 1407 4679 1468 4744; x_wconf 90' lang='lat' dir='ltr'><strong>pro</strong></span> <span class='ocrx_word' id='word_1_426' title='bbox 1491 4657 1685 4744; x_wconf 83' lang='lat' dir='ltr'><strong>offertorio),</strong></span> <span class='ocrx_word' id='word_1_427' title='bbox 1715 4659 1768 4726; x_wconf 92' lang='lat' dir='ltr'><strong>ubi</strong></span> 
     </span>
    </p>
   </div>
   <div class='ocr_carea' id='block_1_5' title="bbox 300 4899 1769 5146">
    <p class='ocr_par' dir='ltr' id='par_1_8' title="bbox 300 4899 1769 5146">
     <span class='ocr_line' id='line_1_43' title="bbox 422 4899 1769 4978; baseline 0.001 -21"><span class='ocrx_word' id='word_1_428' title='bbox 422 4907 433 4957; x_wconf 90' lang='lat' dir='ltr'><strong>l</strong></span> <span class='ocrx_word' id='word_1_429' title='bbox 463 4902 510 4957; x_wconf 78' lang='lat' dir='ltr'><strong>An</strong></span> <span class='ocrx_word' id='word_1_430' title='bbox 525 4899 616 4956; x_wconf 87' lang='lat' dir='ltr'><strong>dieser</strong></span> <span class='ocrx_word' id='word_1_431' title='bbox 633 4901 703 4956; x_wconf 87' lang='lat' dir='ltr'><strong>Zahl</strong></span> <span class='ocrx_word' id='word_1_432' title='bbox 721 4903 757 4958; x_wconf 85' lang='lat' dir='ltr'><strong>ist</strong></span> <span class='ocrx_word' id='word_1_433' title='bbox 774 4905 884 4963; x_wconf 83' lang='lat' dir='ltr'><strong>radiert.</strong></span> <span class='ocrx_word' id='word_1_434' title='bbox 920 4903 1053 4961; x_wconf 88' lang='lat' dir='ltr'><strong>Otl&#39;enbar</strong></span> <span class='ocrx_word' id='word_1_435' title='bbox 1070 4905 1152 4958; x_wconf 88' lang='lat' dir='ltr'><strong>stand</strong></span> <span class='ocrx_word' id='word_1_436' title='bbox 1170 4904 1333 4978; x_wconf 73' lang='lat' dir='ltr'><strong>unmoglich</strong></span> <span class='ocrx_word' id='word_1_437' title='bbox 1347 4905 1432 4975; x_wconf 77' lang='lat' dir='ltr'><strong>antiq.</strong></span> <span class='ocrx_word' id='word_1_438' title='bbox 1467 4903 1535 4958; x_wconf 83' lang='lat' dir='ltr'><strong>Man</strong></span> <span class='ocrx_word' id='word_1_439' title='bbox 1552 4905 1707 4961; x_wconf 87' lang='lat' dir='ltr'><strong>reducierte</strong></span> <span class='ocrx_word' id='word_1_440' title='bbox 1725 4904 1769 4959; x_wconf 90' lang='lat' dir='ltr'><strong>die</strong></span> 
     </span>
     <span class='ocr_line' id='line_1_44' title="bbox 342 4985 1768 5062; baseline -0.001 -20"><span class='ocrx_word' id='word_1_441' title='bbox 342 4985 452 5042; x_wconf 79' lang='lat' dir='ltr'><strong>Summe</strong></span> <span class='ocrx_word' id='word_1_442' title='bbox 474 4985 528 5040; x_wconf 87' lang='lat' dir='ltr'><strong>aui</strong></span> <span class='ocrx_word' id='word_1_443' title='bbox 546 5001 617 5040; x_wconf 82' lang='lat' dir='ltr'><strong>neoc</strong></span> <span class='ocrx_word' id='word_1_444' title='bbox 642 4985 783 5059; x_wconf 82' lang='lat' dir='ltr'><strong>Piennigs,</strong></span> <span class='ocrx_word' id='word_1_445' title='bbox 806 4987 933 5062; x_wconf 82' lang='lat' dir='ltr'><strong>angleich</strong></span> <span class='ocrx_word' id='word_1_446' title='bbox 958 4986 1089 5042; x_wconf 85' lang='lat' dir='ltr'><strong>rechnets</strong></span> <span class='ocrx_word' id='word_1_447' title='bbox 1110 5005 1173 5042; x_wconf 90' lang='lat' dir='ltr'><strong>man</strong></span> <span class='ocrx_word' id='word_1_448' title='bbox 1199 4989 1244 5044; x_wconf 84' lang='lat' dir='ltr'><strong>dic</strong></span> <span class='ocrx_word' id='word_1_449' title='bbox 1267 4987 1510 5060; x_wconf 81' lang='lat' dir='ltr'><strong>nachgetragenen</strong></span> <span class='ocrx_word' id='word_1_450' title='bbox 1532 4987 1613 5060; x_wconf 87' lang='lat' dir='ltr'><strong>(und,</strong></span> <span class='ocrx_word' id='word_1_451' title='bbox 1638 4989 1688 5045; x_wconf 85' lang='lat' dir='ltr'><strong>rrie</strong></span> <span class='ocrx_word' id='word_1_452' title='bbox 1711 4987 1768 5044; x_wconf 84' lang='lat' dir='ltr'><strong>sich</strong></span> 
     </span>
     <span class='ocr_line' id='line_1_45' title="bbox 300 5068 1618 5146; baseline 0.002 -21"><span class='ocrx_word' id='word_1_453' title='bbox 300 5071 313 5080; x_wconf 89' lang='lat'>&#39;</span> <span class='ocrx_word' id='word_1_454' title='bbox 341 5076 428 5126; x_wconf 84' lang='lat' dir='ltr'><strong>uoten</strong></span> <span class='ocrx_word' id='word_1_455' title='bbox 445 5069 560 5141; x_wconf 74' lang='lat' dir='ltr'><strong>ugiebt,</strong></span> <span class='ocrx_word' id='word_1_456' title='bbox 576 5068 703 5125; x_wconf 77' lang='lat' dir='ltr'><strong>withlich</strong></span> <span class='ocrx_word' id='word_1_457' title='bbox 719 5076 776 5127; x_wconf 79' lang='lat' dir='ltr'><strong>erat</strong></span> <span class='ocrx_word' id='word_1_458' title='bbox 792 5076 886 5143; x_wconf 84' lang='lat' dir='ltr'><strong>sptiter</strong></span> <span class='ocrx_word' id='word_1_459' title='bbox 903 5071 1127 5146; x_wconf 67' lang='lat' dir='ltr'><strong>beschlouenen)</strong></span> <span class='ocrx_word' id='word_1_460' title='bbox 1145 5078 1160 5128; x_wconf 80' lang='lat'>7</span> <span class='ocrx_word' id='word_1_461' title='bbox 1180 5073 1221 5130; x_wconf 77' lang='lat' dir='ltr'><strong>Pf.</strong></span> <span class='ocrx_word' id='word_1_462' title='bbox 1240 5073 1288 5128; x_wconf 80' lang='lat' dir='ltr'><strong>fiir</strong></span> <span class='ocrx_word' id='word_1_463' title='bbox 1305 5071 1350 5128; x_wconf 87' lang='lat' dir='ltr'><strong>die</strong></span> <span class='ocrx_word' id='word_1_464' title='bbox 1366 5073 1507 5128; x_wconf 72' lang='lat' dir='ltr'><strong>schelmo</strong></span> <span class='ocrx_word' id='word_1_465' title='bbox 1522 5070 1618 5128; x_wconf 77' lang='lat' dir='ltr'><strong>hinnu.</strong></span> 
     </span>
    </p>
   </div>
   <div class='ocr_carea' id='block_1_6' title="bbox 0 0 1889 6072">
    <p class='ocr_par' dir='ltr' id='par_1_9' title="bbox 0 0 1889 6072">
     <span class='ocr_line' id='line_1_46' title="bbox 0 0 1889 6072; baseline 0 0"><span class='ocrx_word' id='word_1_466' title='bbox 0 0 1889 6072; x_wconf 95' lang='lat' dir='ltr'><strong> </strong></span> 
     </span>
    </p>
   </div>
  </div>
 </body>
</html>
