3748 6070
379 505 440 568 350
868 501 917 551 Dic
940 502 1159 566 philosophiscbe
1176 502 1305 552 Facultit.

380 693 412 749 et
441 678 637 748 intrantibus
669 680 777 768 legere
807 691 838 745 ct
865 682 1033 769 publicare
1061 692 1093 746 et
1122 703 1233 747 omnes
1261 691 1407 768 tempore
1434 683 1587 748 introitus
1614 677 1784 766 singillatim

381 785 561 868 requirere,
590 790 625 845 ut
652 781 870 868 unusquisque
901 781 961 847 sub
991 781 1194 848 consciencia
1223 804 1282 846 ana
1309 781 1412 864 dicat,
1445 804 1480 846 se
1508 780 1566 846 illa
1594 801 1735 846 aenaeae
1759 789 1785 842 et

380 903 512 947 servare
532 879 623 944 velle.
1846 875 1847 878 ’

469 1033 664 1094 Unmittclbar
685 1033 792 1092 tiaran
814 1035 949 1094 scilicaet
969 1036 1040 1108 sicli,
1061 1036 1135 1094 noch
1155 1054 1214 1094 nen
1234 1035 1387 1096 deraelben
1405 1035 1504 1094 Hand
1520 1031 1718 1111 perclarieben:

854 1204 900 1264 12.
922 1215 969 1262 os
991 1213 1136 1262 arauris
1157 1199 1326 1262 aluums}

930 1334 990 1396 Vgl.
1009 1335 1154 1396 Hauptstat.
1174 1335 1216 1398 86,
1236 1335 1260 1384 3.

462 1447 542 1512 Item
562 1444 668 1509 nullus
690 1444 829 1531 simplex
851 1445 984 1512 studens
1005 1449 1039 1511 in
1061 1447 1185 1513 artibus
1207 1456 1316 1535 portet
1335 1446 1525 1534 pallinmex
1545 1453 1679 1532 utroque
1698 1443 1785 1508 latere
1846 1459 1847 1518 1

386 1547 437 1612 vel
459 1568 522 1610 nno
543 1555 689 1630 apertum
710 1567 782 1608 cum
803 1545 912 1632 iopula
926 1546 978 1610 vel
998 1547 1160 1630 tunicella,
1183 1570 1265 1635 quae
1284 1570 1347 1611 non
1368 1545 1571 1632 protenditur
1585 1543 1671 1608 ultra
1688 1565 1787 1629 genua

384 1646 449 1727 Qui
471 1647 499 1710 si
521 1645 719 1708 contrarium
740 1643 862 1726 fecerit,
885 1647 917 1708 in
940 1645 1073 1712 dimidio
1094 1647 1215 1712 floreno
1236 1670 1294 1734 per
1316 1645 1475 1710 decanum
1495 1643 1658 1709 facultatis
1679 1645 1785 1706 arcium
1846 1679 1847 1712 r

342 1757 374 1812 10
384 1747 545 1834 puniatur.
586 1742 651 1822 Qui
685 1743 712 1806 si
742 1766 777 1807 se
806 1747 1009 1830 opposuerit,
1039 1747 1081 1811 ad
1109 1745 1249 1834 aliquem
1276 1745 1414 1832 gradum
1441 1747 1473 1810 in
1503 1741 1630 1808 artibus
1654 1765 1715 1808 non
1741 1739 1786 1804 ad·

381 1848 534 1910 mittatur.
1846 1857 1847 1908 1

925 1965 1258 1976 ---———--

464 2084 558 2141 Danu
579 2100 636 2138 von
657 2081 788 2138 andera-
809 2081 920 2139 Hand:

1062 2196 1125 2262 13.²

465 2329 546 2393 Item
568 2325 674 2391 nullus
697 2325 935 2412 promovendus
957 2328 991 2390 in
1017 2327 1141 2392 artibus
1169 2327 1211 2392 ad
1238 2350 1375 2392 examen
1397 2325 1450 2391 vel
1471 2335 1671 2413 temptamen
1691 2323 1787 2390 admit·

344 2439 480 2510 litatur,
508 2428 573 2490 nisi
599 2428 633 2489 in
664 2424 806 2509 collegiis
833 2435 889 2490 aut
916 2424 1023 2490 bursis
1053 2450 1073 2490 a
1103 2428 1255 2492 facultate
1286 2426 1477 2514 approbatis
1503 2447 1606 2513 nsque
1635 2424 1678 2490 ad
1704 2423 1787 2508 magi·
1846 2445 1847 2450 ’

387 2528 521 2593 sterium
552 2523 710 2588 inclusive
732 2526 882 2588 continue
909 2525 1101 2590 immorando
1124 2537 1157 2592 et
1177 2536 1252 2590 actu
1276 2528 1401 2591 steterit
1426 2526 1537 2613 ibique
1564 2527 1599 2590 in
1629 2523 1788 2590 scolasticis

384 2625 511 2693 actibus
542 2623 754 2705 latinisando,
787 2623 967 2708 arguendo,
1004 2625 1230 2712 respondendo
1264 2635 1296 2690 et
1327 2625 1521 2712 opponendo
1550 2621 1788 2711 diligenciusin

384 2726 497 2791 ordine
519 2745 577 2786 suo
605 2725 834 2787 exercitaverit
860 2733 1030 2808 ceteraque
1057 2722 1184 2810 collegii
1214 2735 1270 2789 aut
1296 2724 1414 2789 bursae
1435 2727 1508 2789 iura
1529 2733 1565 2790 ut
1585 2747 1683 2789 verns
1704 2721 1787 2808 inqui·

384 2827 468 2890 linus
491 2845 549 2908 per
571 2845 606 2886 se
625 2823 779 2904 tenuerit3
808 2823 870 2885 nisi
897 2820 1016 2886 ibidem
1043 2823 1280 2888 habitacionem
1302 2847 1323 2888 a
1344 2823 1480 2910 collegio
1503 2833 1559 2888 aut
1584 2821 1685 2888 bursa
1708 2821 1787 2909 priri-

343 2925 539 3009 wlegiatam
572 2921 819 3002 inhabitaverit3
852 2920 974 2984 nullam
1005 2921 1141 3008 denique
1169 2923 1246 2988 alibi
1281 2924 1342 2988 sibi
1372 2946 1563 3012 quacunque
1594 2923 1788 2987 excusacione

386 3047 442 3089 scu
472 3024 641 3088 occasione
668 3021 734 3084 doli
764 3032 820 3084 aut
849 3021 1064 3108 cuiuscunque
1093 3023 1198 3088 malae
1225 3025 1420 3109 suspicionis
1447 3021 1499 3087 vel
1526 3019 1788 3110 interpretacionis

386 3135 480 3188 extra
506 3119 677 3206 collegium
707 3129 762 3183 aut
788 3119 918 3184 bursam
946 3121 1162 3207 approbatam
1185 3123 1422 3188 habitacionem
1445 3122 1609 3205 habuerit,
1638 3124 1701 3186 nisi
1720 3119 1788 3184 filiu

386 3224 527 3288 civitatis
553 3221 696 3285 extiterit
715 3219 766 3282 vel
791 3219 872 3282 adeo
895 3219 1146 3302 habundaverit,
1178 3222 1264 3310 quod
1292 3224 1458 3310 propriam
1485 3221 1614 3286 domum
1643 3233 1675 3286 et
1701 3219 1788 3306 coqui·

385 3347 460 3388 narn
491 3321 530 3385 dc
562 3321 628 3384 suis
658 3317 878 3384 tantummodo
901 3320 1113 3404 proventibus
1141 3345 1213 3386 cum
1244 3346 1301 3386 sno
1325 3323 1481 3408 magistro
1512 3329 1569 3385 aut
1601 3323 1789 3386 informatore

351 3433 494 3489 catenare
515 3422 669 3507 potuerit,
699 3441 755 3482 seu
777 3429 968 3504 paupertate
997 3430 1153 3504 gravatus
1185 3421 1354 3486 serviendo
1382 3420 1460 3485 alibi
1490 3443 1654 3507 expensas
1681 3423 1712 3485 in
1737 3429 1789 3482 toto

387 3524 508 3611 poterit
526 3519 647 3584 habere
669 3519 781 3604 gratis.
822 3517 875 3580 De
897 3539 959 3604 quo
981 3529 1013 3582 et
1033 3519 1169 3604 singulis
1191 3521 1380 3606 praemissis
1401 3519 1523 3585 decano
1545 3519 1709 3585 facultatis
1728 3529 1788 3581 tem-

386 3646 466 3710 pore
495 3643 573 3686 suae
598 3617 856 3704 dispensacionis
882 3627 913 3678 et
941 3619 1090 3681 introitus
1113 3619 1172 3682 sub
1195 3641 1253 3682 suo
1276 3621 1464 3704 iuramento,
1493 3618 1665 3706 praedicta
1684 3621 1790 3701 integre

385 3746 420 3787 ae
440 3719 628 3806 complesse,
650 3717 757 3780 iurare
780 3717 822 3779 sit
842 3713 1015 3800 obligatus,
1035 3715 1117 3781 alias
1139 3716 1181 3783 ad
1204 3740 1339 3783 examen
1357 3718 1410 3783 vel
1431 3729 1641 3804 temptamen‚
1661 3730 1695 3784 ut
1714 3738 1789 3804 praa

384 3822 604 3899 missumst,
631 3817 717 3880 omni
747 3815 960 3878 excusacione
983 3827 1106 3880 semota
1133 3816 1317 3883 nullatenus
1339 3817 1537 3882 admittatur.
1577 3817 1685 3884 Debet
1704 3819 1789 3881 eciam

344 3930 419 3986 30et
439 3927 565 3984 tenetur
587 3914 721 4004 quilibet
742 3915 968 3998 magistrorum
993 3916 1097 3980 sciens
1118 3914 1215 3981 talem
1236 3917 1367 3983 realiter
1383 3927 1414 3981 et
1436 3941 1508 3984 cum
1529 3919 1646 3984 effectu
1666 3931 1789 4002 tempore

389 4041 467 4085 suae
488 4015 744 4102 dispensacionis
767 4027 824 4078 aut
844 4014 994 4078 introitus
1017 4014 1176 4102 impedire
1199 4029 1231 4082 et
1252 4017 1475 4082 denuncciare.

933 4239 1266 4250 --—-—-—--—-—

465 4409 476 4458 1
498 4403 595 4457 Dicser
611 4400 761 4456 Bescbluss
777 4399 877 4472 gchb‘rt
894 4401 1042 4472 allerdiugs
1060 4401 1145 4456 echon
1164 4403 1226 4458 dem
1243 4401 1330 4458 dabre
1350 4407 1414 4460 1436
1432 4419 1467 4456 an
1486 4401 1550 4474 (rgl.
1570 4401 1643 4457 oben
1659 4401 1686 4457 S.
1698 4403 1748 4466 310,
1763 4399 1790 4460 8),

390 4487 461 4544 doch
479 4486 527 4541 bin
545 4485 588 4540 ich
608 4486 721 4556 geneigt
738 4484 935 4552 auzunehmen‚
952 4486 1016 4539 dass
1035 4486 1080 4540 die
1098 4486 1272 4557 vorlicgende
1290 4485 1491 4542 Niederschrift
1510 4492 1566 4541 erst
1584 4486 1707 4558 erfolgte‚
1722 4481 1789 4537 nach·

387 4575 448 4628 dem
475 4571 524 4625 der
545 4569 691 4624 Bescblnsa
715 4569 760 4624 die
784 4569 910 4640 l'aasung
933 4568 1056 4623 erhalten
1079 4569 1165 4634 batte,
1191 4573 1236 4626 die
1259 4589 1290 4626 er
1311 4573 1340 4626 in
1363 4572 1417 4626 den
1439 4571 1575 4624 Znstitsen
1595 4572 1646 4626 der
1666 4571 1791 4626 8111111111-

387 4657 529 4714 redactiou
543 4672 596 4709 von
614 4660 702 4720 rocon
720 4655 794 4723 zeigt
811 4653 875 4723 (vgl.
886 4654 957 4707 oben
970 4657 1028 4719 343,
1040 4655 1090 4720 24).
1117 4654 1162 4708 Da
1183 4675 1240 4710 uun
1257 4656 1307 4710 der
1317 4655 1492 4727 vorlicgende
1502 4655 1615 4710 Artilrel
1625 4656 1686 4727 (12),
1700 4647 1790 4709 obnohl

387 4741 534 4800 scheinbar
551 4739 595 4796 ein
616 4737 725 4806 Zusatz,
742 4737 813 4792 doch
833 4737 957 4792 offeubar
974 4736 1152 4792 unmittclbar
1168 4755 1326 4794 zusammen
1342 4740 1393 4794 mit
1409 4741 1472 4794 dem
1491 4737 1735 4812 Vorhergehendcn
1754 4749 1790 4804 gc

386 4825 528 4882 schricbcn
547 4823 592 4890 ist,
617 4822 666 4874 der
686 4822 786 4876 Zusatz
805 4822 833 4874 in
851 4821 905 4874 ‹lcn
923 4817 1051 4874 Statuten
1070 4822 1121 4890 (bb,
1139 4825 1165 4894 3)
1184 4823 1251 4878 aber
1267 4822 1345 4877 nicht
1363 4842 1413 4878 vor
1430 4825 1493 4878 dem
1509 4822 1634 4880 Sommer
1654 4828 1714 4879 1431
1730 4821 1791 4874 laun

386 4912 488 4982 erfolgt
505 4909 571 4978 sein,
593 4924 624 4961 so
642 4905 679 4958 ist
696 4906 797 4959 dmaus
816 4921 850 4988 zu
868 4903 1025 4972 schlieascn,
1049 4904 1114 4959 dass
1130 4905 1204 4962 dicae
1222 4905 1336 4962 Statuta
1353 4905 1476 4978 legibilia
1492 4907 1645 4964 frithestens
1662 4903 1729 4961 nach
1741 4902 1790 4955 dem

388 4997 510 5051 Somrner
532 4999 592 5048 1431
613 4988 885 5059 niedergeschricben
902 4989 1021 5042 wurden.

465 5085 480 5134 2
500 5079 557 5133 Der
574 5073 723 5131 Beschlues
743 5073 779 5126 ist
794 5091 846 5126 nur
865 5073 931 5140 bier,
954 5071 1033 5126 nicht
1049 5072 1150 5140 (wohin
1167 5091 1197 5128 ar
1213 5073 1285 5129 doch
1303 5079 1395 5130 meret
1411 5074 1511 5147 gehdrt
1528 5074 1616 5150 blitte)
1633 5075 1661 5130 in
1675 5075 1724 5129 den
1742 5069 1790 5124 sa-

387 5169 466 5222 tuten
481 5163 568 5219 selbot
584 5158 799 5230 uacbgetragcu.
