3748 6070
345 458 406 522 320
835 455 886 506 Dis
908 455 1127 520 philosophtsche
1144 454 1272 505 qulttt

344 640 379 704 in
407 633 638 702 collacionibns
666 645 722 700 aut
744 635 903 723 prandiis,
932 635 989 700 ubi
1016 634 1114 700 talem
1138 634 1192 700 vel
1219 631 1301 699 tales
1324 655 1396 700 esse
1424 633 1566 716 sciverit,
1592 632 1702 716 fuerit,
1724 629 1787 696 vel

346 739 380 802 in
400 734 607 802 habitacione
629 758 688 800 sua
713 735 925 800 concubinam
945 734 1076 822 publice
1097 736 1247 816 tenuerit,
1267 732 1321 798 vel
1341 732 1448 798 locum
1469 739 1666 820 suspectum,
1686 729 1787 796 vide·

345 837 421 902 licet
449 833 672 922 prostibulum,
697 835 888 917 visitaverit,
917 844 973 900 aut
999 835 1028 899 si
1058 833 1099 898 de
1120 833 1182 898 hoc
1208 841 1378 920 suspectus
1400 855 1435 898 se
1457 853 1644 918 expurgare
1663 831 1786 918 nequi·

345 935 429 1001 verit
456 932 509 998 vel
541 933 582 998 de
608 933 670 998 hoc
698 935 865 999 convictus
892 933 1005 1017 fuerit,
1036 931 1109 998 talis
1137 933 1180 996 sit
1207 930 1361 996 inhabilis
1391 931 1435 996 ad
1464 941 1556 996 actus
1585 929 1785 996 scolasticos

306 1046 322 1101 5
348 1032 582 1100 exercendum¹
611 1043 642 1098 et
673 1031 716 1098 ad
749 1032 888 1118 aliquem
917 1030 969 1098 vel
1000 1031 1126 1119 aliquos
1156 1031 1411 1118 promovendum
1442 1030 1486 1095 ad
1516 1053 1617 1095 unum
1643 1051 1784 1112 annmn,

346 1156 407 1199 nec
430 1132 473 1197 ad
495 1131 664 1197 consilium
685 1133 862 1214 facultatis,
890 1134 918 1197 si
939 1131 980 1196 de
1002 1131 1089 1196 facto
1110 1131 1144 1194 in
1165 1153 1203 1196 eo
1224 1153 1288 1198 non
1307 1131 1419 1214 fuerit,
1445 1132 1509 1195 nisi
1533 1151 1569 1196 se
1595 1131 1786 1196 correxerit

348 1243 381 1298 et
399 1231 546 1298 facultati
567 1254 666 1319 super
685 1232 747 1298 hoc
767 1231 977 1297 sufficientem
999 1227 1168 1296 emendam
1187 1229 1310 1314 fecerit,
1333 1239 1525 1296 assumatur.

830 1371 859 1430 4.
882 1382 929 1430 na
951 1379 1095 1429 rannus
1116 1379 1272 1428 erasme.

429 1481 512 1547 Item
524 1479 630 1545 nullus
652 1480 883 1566 magistrorum
904 1487 1011 1568 portet
1031 1477 1165 1565 pallium
1187 1501 1230 1543 ex
1240 1488 1376 1565 utroque
1397 1478 1499 1544 latere
1519 1477 1572 1543 vel
1592 1501 1658 1544 uno
1681 1501 1780 1564 aper·

308 1592 416 1648 totum
445 1601 518 1644 cum
547 1577 670 1666 yopula
698 1578 750 1643 vel
777 1579 945 1662 tunicella,
975 1599 1059 1664 quae
1089 1599 1155 1641 non
1191 1577 1395 1664 protenditur
1427 1577 1514 1643 rutra
1549 1601 1667 1664 genua
1709 1575 1780 1658 Qui

347 1684 376 1746 si
397 1679 594 1745 contrarium
614 1678 736 1761 fecerit,
758 1701 817 1766 per
843 1687 909 1742 tres
930 1700 1057 1743 menses
1080 1676 1122 1742 ab
1145 1675 1273 1741 actibus
1303 1677 1484 1742 scolasticis
1505 1687 1537 1742 et
1558 1677 1778 1764 promocioni·

346 1780 408 1847 bns
436 1776 594 1843 faciendis
623 1778 665 1841 sit
696 1799 889 1863 suspensus3
919 1780 946 1842 si
974 1799 1052 1841 vero
1083 1775 1286 1840 baccalarius
1318 1787 1375 1840 aut
1405 1776 1546 1863 simplex
1576 1775 1711 1841 studens
1742 1777 1780 1840 in

348 1879 472 1944 artibus
495 1876 557 1942 hoc
577 1875 699 1958 fecerit,
721 1878 755 1940 in
778 1876 912 1942 dimidio
934 1876 1056 1940 floreno
1078 1897 1137 1961 per
1160 1874 1318 1939 decanum
1340 1874 1504 1941 facultatis
1524 1879 1689 1964 puniatru.
1712 1874 1778 1956 Qui

349 1981 377 2044 si
399 2000 434 2042 se
456 1977 654 2063 opposuerit,
677 1976 721 2041 ad
741 1974 910 2040 ulteriores
930 1974 1154 2062 promociones
1175 1975 1210 2038 in
1231 1971 1356 2040 artibus
1380 1996 1445 2042 non
1466 1975 1665 2042 admittatur.

308 2291 338 2346 15
431 2284 460 2344 5.
488 2273 549 2364 [Bl.
572 2271 645 2362 56²]
675 2276 757 2341 Item
785 2298 881 2358 anno,
911 2301 974 2365 quo
1006 2298 1120 2362 supra,
1150 2274 1203 2340 die
1232 2295 1283 2341 xn
1304 2277 1424 2342 mensis
1445 2275 1598 2342 Octobris
1628 2279 1725 2358 (1436
1746 2283 1775 2340 d

351 2384 397 2446 12,
421 2373 559 2463 October)
589 2384 743 2440 statutum
770 2375 831 2439 fuit
860 2399 918 2462 per
947 2375 1133 2441 facultatem
1162 2374 1365 2440 concorditer
1393 2385 1425 2440 et
1454 2375 1657 2458 conclusum,
1687 2377 1775 2465 quod

349 2476 453 2541 nullus
475 2477 607 2540 accione
626 2472 678 2538 vel
699 2473 835 2558 ulcione,
855 2498 913 2562 per
935 2499 969 2540 se
989 2474 1041 2541 vel
1063 2497 1122 2561 per
1143 2473 1253 2558 alium,
1275 2473 1396 2539 directe
1415 2475 1467 2539 vel
1486 2474 1655 2560 indirecte,
1674 2467 1774 2541 verbo

350 2585 405 2641 aut
425 2575 511 2640 facto
533 2574 586 2640 vel
607 2594 797 2661 quocunque
819 2573 882 2639 alio
904 2574 1000 2640 modo
1022 2577 1159 2661 impetat
1179 2573 1232 2638 vel
1259 2573 1407 2639 molestet
1436 2573 1576 2661 aliquem
1603 2574 1645 2640 de
1672 2578 1773 2662 magi·

350 2677 425 2740 stris
448 2672 501 2738 vel
529 2670 805 2738 examinatoribus
833 2695 893 2758 pro
921 2696 968 2756 eo,
1001 2672 1086 2760 quod
1116 2672 1257 2759 aliquem
1280 2673 1319 2738 de
1347 2673 1415 2737 suis
1442 2672 1486 2738 ad
1512 2673 1653 2759 gradum
1673 2677 1773 2760 magi·

307 2775 442 2840 20sterii
463 2771 516 2837 vel
538 2770 775 2836 baccalariatus
799 2793 840 2836 ex
863 2794 962 2836 causa
982 2772 1169 2838 rationabili
1190 2796 1255 2838 non
1280 2771 1412 2836 admisit
1431 2771 1486 2838 vel
1510 2773 1615 2837 eciam
1637 2774 1772 2839 eundem

348 2875 441 2938 iuxta
462 2872 699 2936 conscienciam
722 2892 813 2936 suam
835 2881 867 2936 et
894 2873 1108 2936 iuramentum
1135 2882 1301 2959 umquam
1330 2870 1500 2956 indignum
1528 2873 1651 2938 reiecit
1692 2873 1773 2941 (lon-

349 2974 484 3038 trarium
507 2971 630 3036 faciens
656 2969 741 3036 ultra
767 2980 892 3034 reatum
920 2971 1065 3057 periurii,
1093 2971 1179 3057 quod
1207 2973 1280 3058 ipso
1301 2971 1387 3035 facto
1414 2973 1566 3056 incurrit,
1595 2982 1628 3038 et
1648 2983 1772 3038 centurn

349 3071 546 3138 florenorum
568 3091 716 3156 poenam,
738 3091 874 3157 quorum
898 3070 1054 3135 medietas
1078 3069 1174 3134 cedat
1194 3069 1243 3135 illi
1264 3069 1316 3134 vel
1337 3067 1413 3152 illis,
1435 3092 1532 3158 quem
1551 3071 1604 3136 vel
1626 3094 1705 3159 quos
1727 3075 1772 3136 sie

349 3171 477 3258 impetit
495 3169 548 3234 vel
576 3167 733 3252 molestat,
762 3170 827 3236 alia
849 3169 1005 3234 medietas
1027 3169 1123 3234 cedat
1144 3169 1303 3252 facultati,
1330 3170 1433 3234 eciam
1454 3181 1612 3256 perpetuo
1635 3170 1770 3236 afacul·

307 3281 417 3338 tttate
443 3270 568 3334 araim
594 3270 636 3334 sit
657 3268 817 3334 exclusus.
858 3269 1000 3334 Tenetur
1022 3269 1124 3334 eciam
1151 3268 1289 3334 facultas
1316 3265 1363 3332 illi
1385 3267 1437 3332 vel
1465 3265 1540 3351 illis,
1567 3271 1623 3358 qni
1648 3272 1695 3336 sic
1716 3271 1769 3334 im·

350 3371 472 3458 petitur
493 3367 545 3434 vel
566 3369 773 3454 impetuntur,
794 3367 982 3434 molestatur
996 3367 1048 3432 vel
1069 3368 1290 3449 molestantur,
1311 3365 1442 3432 realiter
1464 3389 1537 3432 cum
1558 3370 1674 3435 effectu
1694 3372 1769 3434 assi·

350 3480 435 3534 stare
461 3478 509 3550 et,
541 3471 570 3532 si
592 3491 673 3554 opus
694 3467 805 3551 fuerit,
836 3471 939 3533 eciam
961 3467 1020 3533 sub
1045 3469 1198 3554 expensis
1218 3464 1382 3532 facultatis
1401 3469 1544 3554 propriis
1566 3468 1702 3533 eundem
1721 3466 1770 3532 vel

350 3568 491 3648 eosdem,
520 3568 623 3632 mam
645 3589 666 3631 a
690 3567 943 3655 quibuscunque,
972 3569 1049 3634 totis
1070 3565 1195 3632 viribus
1223 3566 1392 3632 defensare
1418 3576 1466 3651 et,
1496 3577 1652 3655 quantum
1678 3569 1711 3632 in
1731 3589 1769 3632 ca

349 3668 455 3750 fuerit,
477 3688 665 3732 assectarare
688 3689 749 3734 neo
771 3690 836 3734 non
854 3667 996 3733 totaliter
1016 3666 1198 3753 exbrigara

704 4023 755 4088 28.
777 4024 942 4100 Sptitsrltin
963 4029 1200 4104 acctqetrcqeae
1220 4018 1421 4084 Bcsctlttsse.²

848 4187 872 4236 a,
890 4188 950 4225 ans
967 4177 1039 4224 dem
1055 4175 1159 4226 Jahre
1176 4174 1265 4226 tcta.

457 4321 649 4371 assumto
670 4322 717 4369 AD
740 4319 928 4371 consumat
948 4322 1162 4372 alemans
1182 4323 1298 4370 DEBET
1319 4321 1401 4372 Essa
1424 4322 1593 4372 daemoes
1613 4316 1673 4372 ebe.

433 4437 515 4502 Item
545 4459 629 4502 anno
659 4437 780 4504 domini
802 4436 855 4502 Ml
876 4436 1103 4505 CCCCXLIII
1131 4439 1166 4504 in
1193 4437 1354 4504 decanatu
1380 4439 1530 4525 magistri
1556 4437 1705 4505 Andrem
1729 4435 1766 4500 de

354 4535 555 4619 Namslavia,
579 4537 666 4602 facta
687 4537 785 4624 plena
805 4539 1063 4624 congregacione
1083 4539 1313 4623 magistrorum
1333 4538 1375 4603 de
1394 4537 1529 4604 consilio
1550 4539 1718 4621 facultatis,
1735 4537 1766 4600 in

433 4710 443 4759 l
464 4702 521 4758 Die
538 4701 660 4772 Endung
677 4702 714 4756 ist
731 4700 892 4774 abgekiirat
915 4699 1002 4757 Sollte
1019 4717 1049 4755 es
1065 4700 1116 4756 das
1132 4702 1274 4760 Gerundiv
1292 4703 1359 4772 sein,
1376 4720 1407 4758 so
1423 4701 1500 4759 blitte
1516 4719 1547 4760 es
1562 4703 1601 4758 im
1617 4699 1765 4774 Folganden

353 4789 461 4845 baiesen
480 4790 591 4840 missen
607 4789 822 4855 promovendas
837 4787 881 4840 vel
893 4786 1104 4856 promovendos.

426 4869 506 4929 isio
523 4869 585 4924 sind
603 4887 658 4924 von
675 4875 691 4924 2
708 4869 862 4938 ihnlicbeu,
887 4868 954 4924 aber
971 4867 1043 4923 doch
1060 4866 1133 4924 wohl
1150 4867 1229 4924 nicht
1251 4870 1421 4926 identischen
1437 4870 1557 4926 Hannon
1580 4869 1644 4928 sebr
1660 4867 1765 4937 tliclttr'g

353 4957 406 5013 auf
419 4957 473 5012 den
498 4956 554 5010 leer
573 4952 752 5026 gebliebenen
771 4955 860 5009 Baum
878 4954 967 5008 dieser
984 4952 1059 5007 Seite
1081 4952 1269 5025 geschrieben,
1296 4973 1331 5010 au
1352 4956 1428 5012 macr
1444 4955 1507 5011 Zeit
1529 4955 1572 5011 als
1593 4955 1691 5011 bereits
1712 4953 1765 5009 eine

354 5059 424 5096 neue
448 5037 721 5096 Statutenredaction
740 5039 846 5111 vorlag.
883 5037 937 5092 Die
957 5037 1040 5092 laute
1056 5036 1131 5093 Zeila
1151 5039 1189 5094 ist
1210 5038 1284 5096 bum
1304 5038 1493 5096 Bescltueidan
1518 5040 1567 5096 des
1588 5039 1696 5097 Bncbce
1714 5053 1763 5094 rer

351 5124 429 5184 loren
444 5140 599 5200 manger.
