3758 6072
526 380 611 431 Dritte
629 382 893 446 Statntenredaction,
910 399 965 435 von
984 383 1178 436 laath-1490.
1503 389 1560 452 391

134 561 294 728 gitanda,
322 560 382 627 sub
404 583 508 650 poena
528 571 564 627 ut
592 566 707 652 supra¹
731 565 885 653 utrisque,
913 565 1037 634 sufficet
1064 575 1132 632 tam
1163 564 1434 652 respondentibus
1469 588 1565 654 quam

160 663 329 752 'sputanti

386 816 414 878 9.
435 829 483 878 nn
503 829 734 882 nncrronmns
754 833 1022 884 nrsrmannums
1042 835 1088 882 nr
1110 815 1314 884 ιιιιιιιιιιιιιι.2

214 941 341 1028 Placet,
362 944 450 1030 quod
470 945 503 1010 in
525 944 640 1011 diebus
662 957 845 1015 sanctorum
856 947 988 1035 Aegidii
1001 959 1033 1014 et
1043 948 1196 1034 Gregorii
1215 956 1432 1014 convocentur
1452 969 1562 1012 omnes

132 1042 286 1129 magistri
307 1041 350 1108 ad
371 1042 630 1110 distribuendum
650 1045 753 1113 libros
777 1048 932 1136 legendos
953 1070 1051 1136 super
1072 1051 1255 1113 mutacione
1275 1048 1393 1114 futura.
1428 1046 1473 1111 Et
1493 1069 1561 1111 mo·
1586 1057 1603 1112 5

133 1139 194 1205 dus
218 1140 435 1208 distribuendi
457 1143 638 1212 ordinarios
659 1145 716 1211 fiat
737 1169 797 1234 per
819 1156 947 1230 sortem,
976 1147 1078 1214 donec
1099 1146 1237 1213 facnltas
1265 1145 1355 1211 aliud
1382 1144 1564 1210 decreverit

131 1241 329 1326 faciendum,
359 1244 406 1308 sic
435 1243 524 1330 quod
548 1246 710 1331 recipiens
738 1247 938 1314 ordinarium
962 1246 1076 1313 habitu
1097 1245 1278 1333 magistrali
1308 1246 1351 1310 sit
1378 1244 1511 1310 indutus
1532 1254 1564 1310 et

133 1340 222 1429 quod
253 1364 366 1408 omnes
394 1340 472 1408 libri
500 1364 561 1429 pro
588 1342 720 1435 gra[8²]
729 1346 824 1412 dibus
853 1347 1035 1432 magisterii
1062 1345 1115 1410 vel
1144 1343 1383 1412 baccalariatus
1412 1345 1564 1432 primitus

133 1439 383 1510 distribuantur.
427 1440 554 1523 Quibus
577 1443 620 1509 ad
645 1445 777 1532 plenum
797 1469 863 1512 non
882 1445 1064 1512 distributis
1090 1469 1155 1511 non
1182 1447 1301 1532 poterit
1323 1444 1441 1533 aliquis
1460 1445 1561 1530 magi·

132 1551 276 1606 strorum
305 1540 405 1606 alium
434 1552 528 1607 extra
556 1545 635 1609 istos
664 1546 826 1633 recipere3
858 1543 917 1612 sed
943 1555 1115 1634 postquam
1142 1567 1253 1612 omnes
1280 1545 1405 1631 recepti
1431 1543 1604 1626 firerint,to

130 1641 254 1727 poterit
275 1642 331 1728 qui
352 1641 501 1708 residuus
518 1643 616 1708 buerit
635 1646 783 1732 recipere
802 1645 922 1710 librum
937 1646 1192 1733 qualemcunque
1206 1645 1355 1726 voluerit,
1375 1645 1437 1708 isto
1453 1651 1562 1708 tamen

130 1763 273 1823 annexu,
300 1740 388 1826 quod
412 1742 560 1828 magistri
582 1765 647 1808 non
670 1746 734 1810 sint
755 1747 897 1810 asstricti
918 1745 953 1808 in
973 1745 1140 1812 ordinario
1160 1743 1310 1810 aestivali
1332 1742 1375 1808 ad
1403 1742 1561 1828 recipien-

130 1840 207 1905 dum
228 1839 384 1906 lectiones
406 1863 466 1928 pro
485 1842 600 1928 gradu,
627 1844 710 1931 ipsis
731 1867 796 1911 non
816 1843 859 1910 ad
884 1844 1016 1932 plenum
1038 1842 1229 1926 distributis,
1258 1845 1343 1908 sicut
1364 1845 1398 1908 in
1418 1837 1562 1926 hyemali

128 1939 174 2006 fia
196 1939 244 2005 Et
259 1939 396 2024 quilibet
412 1943 643 2027 magistrorum
664 1944 762 2010 unica
781 1944 918 2011 lectione
939 1954 972 2009 et
991 1967 1055 2010 uno
1070 1945 1227 2009 exercitio
1248 1965 1287 2008 ac
1307 1943 1406 2008 unica
1428 1939 1560 2028 publica

128 2040 352 2128 resumptione
373 2040 416 2106 sit
437 2049 614 2108 contentus.
642 2041 687 2107 Et
706 2042 814 2108 nullus
835 2045 971 2131 incipiat
991 2043 1099 2130 legere
1120 2041 1262 2129 aliquem
1282 2042 1401 2108 librum
1422 2040 1466 2106 ad
1486 2063 1559 2127 gra·
1571 2047 1602 2104 15

129 2138 208 2205 dum
240 2149 443 2226 spectantem
470 2149 545 2206 ante
573 2142 691 2207 festum
722 2143 826 2208 sancti
855 2142 991 2229 Georgii
1019 2151 1076 2208 aut
1104 2141 1202 2226 Galli,
1230 2143 1294 2208 nisi
1323 2144 1414 2208 cuine
1441 2139 1559 2206 medie-

128 2248 232 2304 tatem
261 2239 401 2326 legendo
431 2240 606 2306 secundum
628 2250 750 2307 statuta
775 2241 939 2308 facultatis
968 2243 1072 2329 possit
1100 2242 1194 2308 finire
1216 2251 1291 2308 ante
1319 2242 1438 2308 festum
1466 2261 1561 2328 prae-

128 2339 263 2406 dictum.

661 2459 709 2522 10.
733 2474 852 2523 uenus
875 2473 1041 2522 anonam.

211 2589 297 2656 Item
317 2585 452 2677 quilibet
472 2591 703 2675 magistrorum
724 2599 870 2677 tempore
891 2591 1085 2678 receptionis
1110 2588 1283 2656 lectionum
1309 2589 1479 2677 promittat
1501 2589 1602 2656 ‹to-ae

128 2689 218 2755 mino
250 2688 374 2754 decano
402 2686 462 2754 sub
488 2686 576 2755 bona
607 2689 670 2754 fide
698 2691 789 2754 iuxta
815 2690 953 2754 formam
984 2691 1106 2773 statuti,
1137 2712 1236 2777 super
1264 2689 1370 2754 forma
1399 2699 1431 2754 et
1462 2689 1559 2756 modo

128 2787 261 2876 legendi
282 2787 430 2870 confecti,
459 2787 545 2874 quod
564 2788 645 2854 velit
666 2791 829 2876 integrum
853 2798 979 2854 textum
1005 2813 1062 2856 seu
1082 2789 1202 2856 librum
1222 2811 1300 2855 suae
1320 2789 1469 2854 lectionis
1489 2811 1560 2877 spe

128 2895 272 2954 ctantem
299 2888 342 2953 ad
372 2885 512 2973 gradm
539 2886 647 2974 legere
675 2897 709 2953 et
735 2888 908 2974 diligenter
933 2887 1118 2971 declarare,
1147 2898 1180 2954 et
1206 2888 1307 2954 nichil
1336 2897 1445 2954 textus
1474 2887 1559 2954 soliti

127 2986 195 3075 legi
224 2986 396 3052 obmittere
426 3007 483 3052 seu
510 2987 705 3074 persultare,
739 2989 786 3053 sic
812 2986 899 3074 quod
927 2988 1050 3054 nullam
1080 2988 1250 3054 lectionem
1277 2987 1423 3072 negligat
1450 2987 1560 3073 eliqua

127 3085 256 3173 legibili
283 3085 336 3152 die
366 3085 489 3174 absque
518 3086 704 3152 rationabili
734 3107 847 3168 causa,
879 3085 920 3151 de
948 3107 1013 3174 qua
1041 3086 1239 3174 respondere
1271 3086 1391 3172 poterit
1419 3097 1451 3152 et
1478 3086 1600 3152 volitas

126 3185 288 3268 facultati,
317 3195 349 3250 et
369 3185 456 3271 quod
475 3209 540 3251 non
560 3185 640 3250 velit
661 3185 735 3272 plus
756 3195 814 3252 aut
834 3187 941 3252 minus
968 3185 1077 3271 legere
1096 3188 1131 3250 in
1150 3185 1295 3273 qualibet
1321 3183 1469 3268 lectione,
1495 3187 1559 3252 nisi

128 3285 309 3352 secumdum
336 3285 423 3373 quod
451 3285 635 3351 ordinatum
657 3294 707 3350 est
728 3309 749 3350 a
768 3283 932 3367 facultate,
961 3284 1138 3350 secundnm
1160 3285 1381 3350 disfinctiones
1403 3283 1556 3371 legend03

128 3397 161 3451 et
182 3384 319 3473 quilibet
339 3386 570 3471 magistrorum
592 3384 703 3471 legens
723 3384 867 3472 aliquam
892 3383 1064 3449 lectionem
1091 3406 1151 3471 pro
1181 3383 1287 3470 gradu
1313 3381 1410 3448 debet
1435 3383 1558 3450 habere

128 3485 301 3573 proprium
319 3493 455 3567 textum,
476 3483 537 3550 sub
559 3506 666 3572 poena
685 3485 884 3571 privacionis
905 3491 1019 3571 pastus
1040 3481 1128 3548 illius
1149 3483 1306 3551 lectionis.

630 3658 678 3717 11.
701 3667 820 3718 nonus
841 3650 1070 3716 arancarum
1565 3655 1600 3712 30

212 3784 295 3851 Item
323 3782 460 3872 quilibet
488 3785 644 3872 magister
673 3784 776 3849 eciam
806 3784 976 3871 promittat
1005 3782 1142 3868 decano,
1171 3782 1259 3872 quod
1288 3781 1500 3863 exercicium,
1530 3780 1558 3847 si

128 3883 217 3973 quod
241 3881 431 3970 disputabit,
451 3883 531 3948 velit
552 3906 625 3949 cum
648 3883 823 3970 diligencia
851 3883 921 3948 eine
948 3881 1020 3949 dolo
1051 3893 1082 3948 et
1109 3883 1225 3949 fraude
1246 3883 1433 3948 continuare
1454 3902 1557 3969 usque

128 3983 173 4050 ad
201 3982 309 4065 finem,
336 3979 460 4048 nullam
487 3985 710 4070 quaestionem
730 3983 941 4048 communiter
966 3982 1127 4072 disputari
1149 3990 1336 4049 consuetam
1357 3979 1557 4064 dimittendo,

127 4085 175 4148 ita
206 4081 294 4172 qnod
321 4083 499 4169 promittat,
528 4105 563 4148 se
590 4085 676 4148 omni
704 4079 894 4170 disputabili
920 4081 972 4148 die
998 4082 1082 4150 velle
1109 4082 1292 4170 disputare;
1322 4090 1355 4146 et
1380 4077 1468 4166 quod
1493 4103 1558 4145 non

128 4181 211 4248 velit
228 4179 315 4246 ultra
340 4204 439 4247 unam
465 4183 686 4269 quaestionem
714 4183 748 4246 in
773 4183 877 4248 veteri
905 4193 985 4266 arte,
1015 4183 1127 4270 parvis
1156 4179 1348 4268 loycalibus,
1376 4179 1598 4267 aopbistriatt

129 4282 303 4364 communi,
321 4303 408 4346 nova
423 4279 528 4366 loyca,
543 4280 583 4347 de
596 4283 715 4364 anima,
729 4282 769 4348 de
783 4282 1008 4368 generacione,
1024 4282 1064 4347 de
1078 4280 1157 4366 celo,
1173 4279 1422 4361 metheororum,
1443 4279 1556 4367 parvis

129 4378 352 4447 naturalibus:
394 4378 453 4446 sed
480 4381 514 4444 in
546 4382 746 4469 phisicorum
780 4390 812 4447 et
840 4381 1017 4448 ethicorum
1042 4381 1129 4448 ultra
1154 4381 1235 4447 duas
1261 4380 1466 4468 quaestiones
1492 4399 1559 4444 una

128 4481 212 4548 hora
243 4501 301 4545 seu
331 4481 403 4548 vice
434 4482 627 4564 terminare;
660 4491 691 4546 et
720 4481 807 4547 idem
838 4503 897 4566 per
929 4481 1037 4546 omnia
1068 4481 1256 4568 promittere
1288 4479 1385 4545 debet
1415 4479 1557 4544 demnas

217 4717 229 4769 l
248 4711 311 4768 Von
330 4716 454 4784 sptiterer
470 4713 555 4768 Hand
572 4713 768 4788 hinzugefdgt:
796 4732 852 4770 noa
869 4713 1087 4784 emapawcionie
1102 4711 1311 4782 dupawcioais.

216 4799 231 4851 2
250 4797 305 4850 Am
318 4789 420 4852 vRaude
437 4796 511 4853 steht
527 4815 581 4854 von
605 4802 728 4870 sp'a'terer
743 4799 840 4854 Hand:
876 4798 993 4852 Novana
1023 4797 1090 4851 Iten
1109 4795 1409 4867 praesumentibus
1432 4791 1554 4848 amosi-

130 4884 179 4937 bus
196 4889 376 4936 convocentur
391 4883 521 4954 mapsbtri
535 4884 566 4937 in
583 4889 684 4938 neem
698 4884 729 4938 ia
752 4891 850 4939 cctam
866 4883 957 4938 amicti
972 4881 1106 4936 lobannis
1122 4881 1266 4951 baptistae,
1287 4881 1318 4934 iu
1338 4880 1429 4950 hym
1444 4893 1509 4936 vero
1526 4876 1557 4934 in

126 4967 230 5022 'oetam
246 4965 379 5022 Iohannis
393 4967 588 5038 mequomo,
605 4984 676 5037 quae
693 4969 747 5023 erit
763 4967 793 5022 ia
811 4966 897 5022 tercia
915 4967 961 5024 die
973 4973 1040 5041 pest
1056 4963 1295 5022 mmmmm.
1354 4981 1359 4992 ’

214 5048 430 5110 adunando:
461 5051 849 5112 misteriorum.
