3748 6070
583 502 634 552 Die
651 501 770 554 stanton
786 517 848 552 rom
865 502 948 553 Jshre
965 504 1039 556 1543.
1453 507 1511 570 291

105 705 176 747 nem
198 692 231 748 et
257 681 383 769 reliqua
411 704 471 770 pro
494 683 724 750 consuetudine
750 692 935 771 exequetur.
977 683 1028 750 Eo
1052 683 1105 748 die
1131 685 1220 770 prius
1248 684 1376 771 publice
1406 709 1514 751 omnes

103 781 250 869 inquilini
278 781 320 846 ad
341 781 505 848 audienda
526 792 646 849 statuta
667 782 909 848 contubernalis
930 783 1190 849 convocabuntur
1211 795 1257 866 et,
1278 795 1315 849 ut
1333 787 1515 872 frequentes

104 881 226 964 adsint,
251 881 415 947 curabitur
437 905 458 947 a
477 884 642 968 magistris
665 891 811 968 quatuor,
834 882 874 947 de
896 881 1012 970 quibus
1031 905 1117 948 nuno
1134 883 1266 949 dicetur.

180 998 371 1084 Magistri
391 1007 567 1084 quatuor
590 1021 685 1063 curae
707 1007 739 1062 et
760 997 1031 1064 administrationi
1050 999 1256 1084 quotidianae
1279 1000 1515 1086 praeficiantur.

102 1097 171 1163 llos
191 1097 338 1183 deligant
359 1098 504 1184 singulos
523 1099 575 1164 vel
597 1122 637 1164 ex
659 1121 695 1162 se
715 1097 767 1163 vel
789 1121 830 1162 ex
852 1098 924 1163 aliis
944 1100 1090 1164 nationes
1112 1109 1258 1186 quatuor,
1279 1101 1326 1164 ita
1346 1110 1380 1164 ut
1403 1099 1515 1166 electio
1542 1111 1556 1166 5

102 1195 230 1283 quidem
256 1199 298 1261 sit
318 1198 517 1284 singularum
539 1201 713 1282 nationum,
736 1195 793 1261 sed
815 1196 918 1262 libera
938 1197 1003 1280 illa,
1024 1207 1060 1264 nt
1080 1198 1131 1262 vel
1154 1198 1193 1262 de
1214 1221 1270 1263 suo
1293 1221 1437 1286 quaeque
1459 1200 1514 1265 ali·

101 1317 193 1380 quern
214 1318 347 1362 numero
369 1297 489 1383 eligere
510 1297 561 1363 vel
587 1319 628 1362 ex
651 1297 715 1361 alia
739 1295 911 1382 designare
933 1298 1045 1384 possit.
1085 1295 1151 1378 Qui
1172 1296 1289 1362 electus
1311 1299 1417 1381 fuerit,
1443 1321 1516 1386 pro-

102 1398 201 1461 mittet
222 1399 342 1461 rectori
361 1398 590 1480 universitatis,
612 1418 645 1461 se
667 1393 764 1460 velle:

177 1512 336 1596 Primum,
357 1514 567 1578 communiter
587 1511 874 1577 administrationis
893 1513 1064 1578 universae
1085 1535 1195 1577 curam
1216 1535 1329 1598 gerere
1350 1517 1516 1601 privatim·

103 1635 158 1698 que
179 1611 261 1676 nihil
282 1611 345 1677 sibi
365 1613 444 1677 iuris
466 1623 521 1677 aut
543 1612 724 1677 autoritatis
746 1610 925 1677 vindicare.
1527 1627 1557 1680 to

181 1727 342 1812 Secundo,
369 1730 476 1794 omnia
497 1727 666 1794 commoda
694 1729 930 1793 communitatis
951 1750 1011 1816 pro
1032 1727 1119 1793 virili
1141 1751 1316 1816 procurare
1337 1741 1368 1795 et
1387 1754 1516 1818 augere,

104 1830 293 1896 detrimenta
315 1826 366 1892 vel
388 1837 534 1892 avertere
555 1827 607 1892 vel
628 1826 781 1892 indicare.

180 1927 304 2010 Tertio,
331 1925 371 1991 de
398 1925 495 1992 rebus
516 1925 738 1991 communibus
758 1925 897 1991 fideliter
920 1927 954 1990 in
976 1925 1117 1990 medium
1138 1925 1303 1992 consulere
1325 1939 1357 1992 et
1376 1928 1419 1994 ad
1440 1929 1517 1994 deli·

103 2027 283 2095 berationes
305 2027 506 2091 necessarias
528 2024 637 2091 sedule
657 2026 777 2089 venire.

181 2126 318 2208 Quarto,
339 2125 428 2190 nulla
441 2123 664 2191 conventicula
678 2123 803 2189 occulta
817 2132 873 2188 aut
888 2123 1142 2213 conspirationes
1157 2124 1264 2190 faeere
1278 2148 1381 2214 neque
1401 2128 1519 2192 facien-
1530 2140 1559 2194 15

100 2239 146 2292 tes
167 2227 325 2292 adiuvare
346 2223 550 2291 assentiendo
572 2222 855 2288 dissimulandove.

185 2343 321 2426 Quinto,
342 2343 390 2407 rei
410 2339 582 2406 familiaris
596 2339 798 2405 contubernii
814 2338 1000 2426 diligentem
1021 2349 1117 2428 atque
1130 2339 1257 2404 fidelem
1277 2363 1386 2406 curam
1406 2365 1519 2428 gerere

103 2445 300 2510 strutiones
322 2464 394 2506 oum
415 2442 601 2528 praeposito
624 2439 689 2504 cibi
710 2437 889 2526 praebendi
911 2437 1048 2504 fideliter
1068 2450 1265 2526 computare.

182 2560 296 2641 Sexto,
317 2556 504 2644 praesidum
520 2556 696 2638 monitioni,
720 2555 935 2640 castigationi,
958 2556 1066 2638 etiam,
1088 2558 1116 2622 si
1137 2578 1190 2621 res
1211 2554 1434 2641 postulaverit,
1454 2561 1520 2624 ani-

100 2659 319 2728 madversioni
340 2678 405 2722 non
424 2655 593 2740 refragari,
1527 2667 1562 2723 20

179 2759 226 2824 Hi
250 2756 405 2843 primario
428 2753 571 2839 praesidi
592 2774 781 2840 quocunque
799 2761 954 2838 tempore,
976 2763 1012 2820 ut
1034 2753 1200 2820 custodiae
1222 2757 1521 2844 conservationique

101 2869 131 2926 et
158 2858 255 2948 quasi
282 2853 401 2920 tutelae
427 2852 554 2938 collegii
581 2855 777 2940 praeposito,
807 2852 944 2921 libenter
964 2856 998 2918 in
1020 2853 1168 2920 omnibus
1191 2856 1287 2918 certis
1308 2863 1340 2920 et
1361 2858 1520 2922 concessis

101 2953 330 3026 monitionibus
352 2951 494 3019 officiose
515 2951 783 3040 obtemperabunt
804 2962 836 3016 et
854 2949 940 3018 illius
962 2952 1003 3018 de
1023 2953 1121 3018 rebus
1141 2951 1363 3019 communibus
1378 2955 1520 3020 consiliis

100 3068 237 3126 utentur.

181 3153 248 3222 Ubi
271 3161 378 3220 autem
409 3150 543 3237 singulis
565 3159 673 3216 certae
699 3160 810 3237 partes
840 3150 970 3216 aedium
999 3151 1185 3234 assignatae
1213 3149 1343 3234 fixerint,
1373 3155 1561 3239 quamvistt

100 3279 176 3322 cura
198 3255 425 3322 universarum
444 3251 525 3338 ipsis
552 3249 733 3332 incumbat,
763 3249 836 3314 illas
864 3259 972 3314 tamen
994 3246 1084 3314 velut
1112 3249 1262 3334 proprias
1291 3260 1401 3335 partes
1422 3273 1518 3338 pecn-

99 3356 221 3422 liariter
243 3352 329 3416 tueri
356 3349 526 3416 debebunt.
568 3349 642 3414 Erit
663 3359 771 3415 autem
793 3348 1045 3433 uniuscuiusque
1065 3369 1107 3412 ex
1128 3346 1178 3410 his
1200 3348 1372 3414 trimestris
1395 3353 1518 3416 curatio

98 3454 260 3542 quaedam
282 3450 454 3538 generalis.
488 3448 553 3514 Hic
575 3457 739 3514 eteorum
760 3449 900 3529 nomina,
923 3448 979 3533 qui
999 3445 1043 3512 ad
1062 3445 1265 3512 incolendum
1285 3449 1520 3516 vescendumve

99 3551 367 3622 admittentium
388 3548 557 3634 collegium
578 3546 758 3631 Paulinum,
784 3549 921 3634 recipiet
946 3555 978 3611 et
1004 3544 1172 3610 annotabit
1193 3556 1227 3610 et
1248 3546 1356 3612 claves
1377 3557 1520 3636 tempore

98 3654 160 3722 hoe
185 3662 255 3720 toto
282 3649 370 3716 solus
391 3670 490 3736 penes
513 3671 547 3712 se
568 3646 711 3730 habebit,
738 3658 771 3713 et
797 3645 910 3712 famuli
930 3645 1005 3710 huic
1033 3645 1074 3708 ad
1102 3667 1212 3710 omnes
1240 3645 1420 3712 ordinarias
1446 3647 1561 3714 sim-3⁰

15 3737 16 3744 ἵ
98 3756 221 3820 stiones
243 3757 375 3840 praesto
396 3756 497 3814 erunt
536 3746 628 3812 idem
648 3746 791 3829 curabit,
818 3754 854 3810 ut
881 3743 979 3810 aedes
1000 3751 1032 3808 et
1060 3743 1252 3810 claudantur
1273 3755 1305 3810 et
1325 3749 1521 3833 aperiantur.

98 3852 300 3920 Claudentur
321 3857 428 3916 autem
448 3847 577 3934 vesperi
598 3845 714 3932 hyeme
742 3845 823 3910 hora
851 3866 946 3926 nona,
973 3845 1159 3930 aperientur
1186 3846 1298 3932 qsdnta
1322 3869 1426 3912 mane.
1467 3845 1521 3914 Ad

97 3952 213 4018 horam
240 3949 400 4014 decimam
429 3956 551 4011 aestate
580 3944 778 4026 claudentur,
808 3953 925 4030 quarta
952 3964 1047 4008 mane
1075 3945 1269 4030 aperientur.
1306 3945 1421 4012 Partes
1443 3968 1520 4012 vero

98 4051 227 4118 aedium
259 4069 385 4137 quoque
409 4055 553 4132 tempore
581 4068 602 4110 a
631 4043 769 4130 singulis
798 4040 909 4107 sedulo
932 4051 964 4105 et
991 4043 1204 4128 inspicientur
1230 4053 1262 4108 et
1291 4045 1520 4110 custodientur.

95 4151 186 4218 Illius
208 4171 288 4216 vero
315 4145 477 4234 generalis
499 4144 674 4210 curationis
694 4166 753 4230 per
773 4143 861 4208 vices
884 4141 1018 4207 mutatio
1040 4143 1109 4206 erit.
1151 4142 1196 4218 Ut
1222 4141 1372 4228 discipuli
1393 4143 1561 4230 pudice,³5

96 4247 238 4339 placide,
259 4247 395 4313 honeste
415 4244 544 4330 degant,
565 4243 775 4309 communiter
796 4263 906 4308 omnes
927 4238 1095 4324 videbunt,
1116 4241 1221 4306 victus
1242 4261 1368 4328 quoque
1387 4251 1422 4308 ut
1442 4253 1520 4308 tem-
1648 4247 1652 4254 '

97 4373 178 4439 pore
199 4343 410 4437 praebeatur,
432 4344 513 4410 hora
535 4341 665 4430 prandii
690 4341 826 4424 decima,
852 4361 971 4405 coenae
993 4341 1105 4426 quinta
1126 4337 1216 4422 hora,
1238 4348 1269 4404 et
1289 4350 1325 4404 ut
1346 4342 1521 4408 seeundum

96 4447 393 4538 praescriptionem
413 4443 634 4510 universitatis
663 4440 868 4528 praebeatur,
895 4437 1121 4504 observabunt.
1160 4437 1203 4520 Is,
1231 4441 1321 4506 cuius
1349 4442 1520 4506 trimestris

96 4551 223 4616 curatio
247 4544 410 4634 generalis
431 4545 502 4626 erit,
521 4543 668 4608 instituet
686 4543 782 4605 etiam
804 4537 1055 4625 disputationem
1075 4537 1250 4601 serotinam
1269 4561 1366 4604 unam
1387 4541 1520 4626 singulis

94 4644 368 4729 hebdomadibus,
388 4665 491 4732 eaque
511 4651 548 4708 ut
568 4649 743 4729 peragatur
765 4640 834 4704 sine
855 4635 1051 4704 turbulentia
1078 4643 1110 4700 et
1136 4644 1172 4700 ut
1200 4637 1264 4702 sint
1290 4638 1435 4706 eruditae
1456 4638 1561 4706 dis-⁴0

94 4748 294 4838 putationes,
317 4766 450 4832 operam
470 4764 531 4831 pro
553 4740 677 4807 viribus
698 4739 800 4805 dabit.

180 4859 406 4948 Discipuli
440 4858 518 4946 quid
547 4857 656 4924 facere
684 4857 829 4922 vitareve
864 4851 1003 4920 debeant
1037 4861 1070 4918 et
1104 4859 1288 4938 oporteant,
1319 4853 1415 4942 paulo
1445 4863 1521 4942 post

96 4959 417 5036 commemorabitur.

179 5063 236 5130 De
257 5059 331 5127 cibo
353 5055 542 5126 instruendo
563 5052 822 5144 praebendoque,
844 5052 946 5140 deque
965 5059 1034 5117 tota
1053 5071 1090 5116 re
1108 5049 1261 5116 familiari
1282 5051 1389 5116 omnia
1408 5073 1520 5137 geren·

94 5177 151 5234 tur
174 5173 275 5252 atque
295 5161 373 5227 fient
394 5154 570 5227 secundum
598 5153 884 5243 praescriptionem
905 5151 1125 5218 universitatis
1146 5158 1276 5214 nostrae
1288 5171 1421 5316 ¹qppque
1441 5160 1561 5219 tem-45
