3768 6072
902 409 1064 474 numne
1084 409 1189 476 cnueg.

770 605 817 656 DE
838 607 1035 660 ELECTIONE
1056 607 1312 660 miramonte.

925 727 1089 778 statutum
1107 729 1160 780 IX.

411 835 539 904 Electio
564 837 773 904 habitationis
793 842 873 923 cius,
902 864 999 929 quam
1021 864 1140 906 vacare
1161 842 1342 927 contigerit,
1371 840 1414 906 ad
1442 851 1632 928 praesentes
1660 843 1749 908 colle

334 961 403 1024 gas,
432 941 572 1024 primum
600 936 643 1001 ad
664 941 833 1022 seniorem,
855 940 973 1006 deinde
998 941 1141 1030 reliquos
1161 941 1275 1007 ordine
1297 943 1446 1027 pertinet,
1475 951 1516 1023 et,
1539 965 1624 1028 quae
1644 942 1751 1008 duma

292 1049 307 1104 5
335 1039 447 1102 relicta
474 1037 584 1120 finerit,
614 1059 685 1101 eam
706 1038 812 1103 iunior
832 1038 974 1105 habebit.
1015 1041 1125 1106 Debet
1145 1051 1252 1106 autem
1275 1063 1315 1106 ea
1335 1039 1448 1104 electio
1469 1039 1522 1105 die
1544 1043 1749 1108 assumtionis

332 1137 408 1202 novi
430 1135 572 1224 collegae
594 1137 759 1204 celebrari.

622 1271 669 1318 DE
691 1271 822 1320 ORDINE
843 1273 888 1320 ΕΤ
911 1273 1129 1323 SESSIONIBUS
1152 1272 1455 1322 communitum

926 1393 1098 1444 Statutnm
1116 1394 1150 1442 X.

415 1499 459 1590 [S.
478 1499 526 1590 13]
548 1501 651 1568 Sicuti
675 1503 836 1570 sccundus
852 1504 953 1570 honos
974 1517 1049 1592 post
1069 1507 1291 1595 praepositum
1313 1504 1457 1570 defertur
1478 1507 1609 1588 seniori,
1632 1516 1678 1589 ut,
1698 1508 1749 1592 qui

292 1613 324 1668 10
334 1602 467 1668 absente
494 1602 544 1668 vel
573 1603 778 1690 delinquente
804 1607 991 1692 praeposito
1017 1605 1060 1670 ad
1088 1609 1289 1671 necessarias
1310 1603 1557 1670 deliberationes
1584 1605 1749 1692 collegium

330 1723 529 1786 congregare
555 1703 673 1788 possit,
703 1705 749 1766 ita
776 1715 808 1767 et
834 1703 895 1768 hoc
923 1704 964 1770 de
991 1707 1080 1770 senio
1102 1705 1266 1769 electionis
1289 1705 1495 1768 constitutum
1519 1715 1582 1788 est,
1612 1705 1699 1792 quod
1718 1707 1750 1770 in

329 1799 618 1865 consultationibus
639 1800 766 1888 collegii
787 1812 819 1866 ct
839 1801 984 1868 dicendis
1006 1805 1181 1889 suffragiis,
1201 1807 1310 1888 sicque
1330 1803 1471 1868 sedendo
1483 1813 1517 1867 et
1530 1804 1749 1891 suffragando,

330 1899 408 1966 ordo
430 1901 512 1964 senii
534 1902 604 1964 sine
625 1903 855 1984 controversia,
877 1905 909 1966 in
931 1901 1004 1967 aliis
1017 1925 1094 1969 vero
1115 1902 1343 1990 congressibus
1364 1925 1404 1967 ac
1422 1925 1535 1967 mensa
1554 1903 1635 1969 ordo
1650 1903 1749 1989 digni·

327 2002 404 2065 tatis
428 2010 460 2064 et
484 1999 670 2065 academiae
691 2011 844 2066 servetur.

292 2161 322 2216 15
778 2169 825 2216 DE
847 2168 1054 2217 nottestane
1074 2169 1295 2218 excomm.

918 2288 1089 2338 Statutnm
1107 2290 1129 2338 X
1136 2289 1158 2338 1.

411 2395 456 2486 [S.
481 2395 529 2487 14]
559 2399 640 2467 Cum
663 2399 806 2487 collegae
826 2403 891 2466 sint
911 2404 1005 2488 quasi
1028 2413 1192 2468 senatores
1219 2412 1251 2465 (1
1278 2402 1357 2466 certi
1383 2402 1571 2468 academiae
1596 2426 1745 2490 praecep·

330 2509 426 2580 tores,
456 2499 687 2564 elaborandum
716 2501 762 2564 eis
791 2510 850 2584 est,
876 2512 911 2566 ut
941 2505 1005 2567 siut
1032 2525 1130 2566 verae
1150 2501 1290 2588 pietatis,
1318 2503 1458 2582 virtutis,
1487 2501 1676 2585 honestatis,
1702 2505 1747 2568 in·

328 2599 425 2683 genui
453 2599 588 2684 pudoris
617 2609 648 2664 et
678 2597 823 2664 liberalis
855 2599 1021 2666 doctrinae
1049 2600 1287 2666 adolescentiae
1313 2601 1406 2684 quasi
1435 2603 1514 2666 viva
1541 2603 1693 2690 exempla
1718 2612 1747 2668 et

288 2697 439 2762 20duces.
462 2696 528 2778 Qui
547 2701 646 2782 igitur
661 2697 712 2762 vel
733 2699 908 2786 impietate,
927 2700 1069 2782 levitate,
1088 2701 1176 2764 vitae
1198 2699 1417 2782 dissolutione,
1436 2702 1601 2787 pravitate
1614 2712 1747 2768 nonnae

331 2797 383 2862 vel
404 2797 539 2862 libidine
560 2796 716 2884 peccandi
744 2807 800 2862 aut
826 2821 1017 2884 quacunque
1043 2801 1211 2864 occasione
1238 2822 1343 2865 mores
1373 2801 1576 2866 innocentiae
1597 2823 1639 2868 ac
1664 2813 1746 2868 tene

333 2919 389 2962 rac
417 2898 533 2960 aetatis
561 2897 724 2983 prolectas
750 2896 934 2984 impedierit
954 2897 1006 2964 vel
1033 2899 1216 2984 offenderit,
1242 2899 1471 2985 gravissimam
1498 2900 1591 2966 dabit
1613 2900 1745 2988 collegio

328 3020 476 3085 poenam,
499 3018 594 3082 quam
617 2997 721 3082 ipsum
744 2995 933 3062 decreverit.

416 3095 475 3160 Et¹
497 3096 552 3181 qui
574 3117 672 3160 ausus
693 3095 790 3160 suerit
811 3109 994 3184 suspectam
1019 3099 1126 3162 famae
1149 3106 1181 3162 et
1207 3097 1341 3184 pudoris
1362 3098 1528 3164 mulierem
1556 3099 1591 3164 in
1613 3099 1745 3186 collegio

287 3194 450 3262 25babere
470 3205 502 3260 et
523 3217 594 3260 cum
619 3193 676 3260 illa
701 3195 862 3282 flagitiose
881 3199 1017 3278 versari,
1043 3190 1135 3262 dabit
1156 3195 1308 3262 mulctam
1330 3196 1465 3284 collegio
1487 3198 1599 3264 decem
1621 3199 1746 3265 florino

327 3319 407 3362 rum.
441 3294 478 3360 Si
501 3293 643 3361 secundo
663 3294 724 3358 hoc
743 3297 817 3383 ipso
836 3299 964 3362 nomine
985 3295 1160 3384 delinquet,
1190 3297 1225 3362 in
1246 3295 1379 3383 duplum
1401 3299 1570 3384 punietur3
1593 3301 1621 3364 si
1643 3301 1746 3380 tertio,

327 3395 510 3484 privabitur
541 3391 606 3482 [15]
633 3393 855 3460 emolumentis
885 3396 1012 3484 collegii
1046 3419 1105 3484 per
1134 3419 1262 3464 annunt
1303 3396 1428 3476 Quodsi
1460 3419 1520 3464 nec
1555 3398 1618 3464 hoc
1653 3397 1746 3464 modo

325 3495 444 3582 corrigi
465 3495 593 3582 poterit,
615 3516 636 3558 a
657 3493 793 3579 collegio
815 3492 1014 3561 excludatur.

775 3679 822 3726 nn
844 3657 984 3728 rmnnus
1005 3677 1111 3726 omns
1132 3677 1287 3726 cesama.

292 3807 327 3864 30
901 3799 1070 3848 statutum
1087 3797 1155 3846 x11.

408 3911 461 3978 Ad
481 3907 722 3998 reprimendam
744 3932 814 3976 eam
836 3908 1023 3976 facilitatem
1046 3910 1266 3993 dissentiendi,
1287 3933 1328 3976 ex
1345 3933 1409 3998 qua
1428 3914 1575 3980 oriuntur
1597 3917 1743 3997 iniuriae,

325 4012 555 4080 acerbissimae
577 4009 794 4076 dissensiones
816 4011 1005 4094 animorum,
1032 4009 1115 4093 lites,
1136 4013 1231 4075 rixae
1252 4020 1283 4074 et
1304 4012 1419 4098 iurgia,
1439 4011 1475 4078 id
1496 4013 1663 4082 decretum
1680 4027 1742 4081 est:

325 4112 390 4194 Qui
410 4109 553 4177 affecerit
573 4110 708 4176 alterum
721 4107 848 4176 verbali
867 4111 995 4194 iniuria,
1016 4109 1223 4176 mulctabitur
1243 4132 1304 4174 uno
1324 4110 1455 4196 florino,
1478 4115 1533 4201 qui
1550 4116 1743 4202 percusserit

324 4213 460 4279 alterum
491 4213 560 4276 sine
586 4212 817 4292 cruentatione,
839 4209 931 4274 dabit
954 4209 1033 4276 duos
1054 4209 1201 4294 florinos3
1231 4211 1259 4274 si
1287 4211 1516 4298 cruentaverit,
1547 4215 1617 4278 sine
1637 4225 1741 4278 tamen

282 4311 469 4394 35vulnere‚
491 4311 673 4377 numerabit
694 4320 760 4376 tres
782 4309 924 4377 florinos.
958 4309 992 4374 Si
1014 4309 1242 4392 vulneraverit,
1264 4308 1375 4376 decem
1396 4308 1529 4377 florines
1551 4313 1689 4401 pendet;
1716 4315 1742 4377 si

326 4411 532 4493 mutilaverit,
554 4412 671 4497 viginti
699 4409 832 4476 domnos
854 4409 966 4476 solvet.
989 4404 1054 4496 [16]
1088 4407 1123 4473 Si
1151 4429 1265 4496 pacem
1290 4409 1459 4476 mandanti
1484 4413 1673 4500 praeposito
1692 4413 1741 4477 vel

324 4513 443 4580 seniori
471 4532 535 4575 non
563 4511 716 4598 paruerit,
746 4512 881 4596 triginta
907 4508 1056 4589 horinos,
1087 4529 1225 4594 poenam
1250 4531 1315 4573 non
1342 4507 1471 4575 solvens
1490 4534 1510 4576 a
1531 4511 1667 4599 collegio
1689 4535 1740 4576 ex·

324 4612 482 4680 cludatur.
524 4609 562 4674 In
582 4608 634 4674 his
656 4611 684 4675 si
706 4609 910 4698 praepositus
932 4607 1117 4695 deliquerit,
1144 4606 1383 4674 animadversio
1403 4610 1524 4676 multae
1548 4610 1741 4698 geminanda

323 4724 382 4780 est.
424 4710 584 4776 Executio
616 4719 724 4774 tamen
752 4707 931 4774 differenda
960 4717 1009 4772 cst
1037 4707 1071 4770 in
1098 4703 1220 4770 abitum
1249 4707 1299 4770 sui
1326 4710 1545 4794 magistratus.
1588 4709 1739 4796 Haecque

284 4814 436 4881 loomnia
457 4813 506 4876 sic
527 4807 734 4895 intelligenda
756 4817 839 4891 sunt,
861 4819 897 4873 ut
917 4817 949 4872 et
969 4803 1056 4893 parti
1078 4804 1187 4870 laesae
1206 4805 1413 4892 peculiariter
1432 4809 1620 4877 satisfaciat

397 5083 406 5136 1
426 5077 526 5136 Dieser
542 5074 637 5132 ancite
653 5071 760 5130 Absata
778 5071 815 5126 ist
831 5073 924 5143 spater
941 5067 1172 5144 eingeklammert
