<?xml version="1.0" encoding="UTF-8"?>
<!DOCTYPE html PUBLIC "-//W3C//DTD XHTML 1.0 Transitional//EN"
    "http://www.w3.org/TR/xhtml1/DTD/xhtml1-transitional.dtd">
<html xmlns="http://www.w3.org/1999/xhtml" xml:lang="en" lang="en">
 <head>
  <title>
</title>
<meta http-equiv="Content-Type" content="text/html;charset=utf-8" />
  <meta name='ocr-system' content='tesseract 3.04.00' />
  <meta name='ocr-capabilities' content='ocr_page ocr_carea ocr_par ocr_line ocrx_word'/>
</head>
<body>
  <div class='ocr_page' id='page_1' title='image "./diestatutenbche00leipgoog_0159.png"; bbox 0 0 3794 6066; ppageno 0'>
   <div class='ocr_carea' id='block_1_1' title="bbox 347 409 1307 477">
    <p class='ocr_par' dir='ltr' id='par_1_1' title="bbox 347 409 1307 477">
     <span class='ocr_line' id='line_1_1' title="bbox 347 409 1307 477; baseline -0.013 -5"><span class='ocrx_word' id='word_1_1' title='bbox 347 409 406 477; x_wconf 82' lang='lat'><strong>138</strong></span> <span class='ocrx_word' id='word_1_2' title='bbox 814 413 868 460; x_wconf 85' lang='lat' dir='ltr'><strong>Des</strong></span> <span class='ocrx_word' id='word_1_3' title='bbox 886 411 1021 463; x_wconf 80' lang='lat' dir='ltr'><strong>Iohannes</strong></span> <span class='ocrx_word' id='word_1_4' title='bbox 1040 412 1119 462; x_wconf 79' lang='lat' dir='ltr'><strong>Fabri</strong></span> <span class='ocrx_word' id='word_1_5' title='bbox 1137 411 1171 460; x_wconf 86' lang='lat' dir='ltr'><strong>de</strong></span> <span class='ocrx_word' id='word_1_6' title='bbox 1192 411 1307 461; x_wconf 82' lang='lat' dir='ltr'><strong>Werdss</strong></span> 
     </span>
    </p>
   </div>
   <div class='ocr_carea' id='block_1_2' title="bbox 319 589 1889 1079">
    <p class='ocr_par' dir='ltr' id='par_1_2' title="bbox 319 589 1889 1079">
     <span class='ocr_line' id='line_1_2' title="bbox 345 589 1774 680; baseline 0.004 -26"><span class='ocrx_word' id='word_1_7' title='bbox 345 589 456 658; x_wconf 89' lang='lat' dir='ltr'><strong>divino</strong></span> <span class='ocrx_word' id='word_1_8' title='bbox 480 601 512 656; x_wconf 89' lang='lat' dir='ltr'><strong>et</strong></span> <span class='ocrx_word' id='word_1_9' title='bbox 538 591 679 658; x_wconf 89' lang='lat' dir='ltr'><strong>humano</strong></span> <span class='ocrx_word' id='word_1_10' title='bbox 701 594 787 676; x_wconf 86' lang='lat' dir='ltr'><strong>iure,</strong></span> <span class='ocrx_word' id='word_1_11' title='bbox 817 593 935 668; x_wconf 79' lang='lat' dir='ltr'><strong>deinde</strong></span> <span class='ocrx_word' id='word_1_12' title='bbox 958 615 1000 658; x_wconf 90' lang='lat' dir='ltr'><strong>ne</strong></span> <span class='ocrx_word' id='word_1_13' title='bbox 1019 591 1086 657; x_wconf 90' lang='lat' dir='ltr'><strong>ulla</strong></span> <span class='ocrx_word' id='word_1_14' title='bbox 1108 613 1150 656; x_wconf 86' lang='lat' dir='ltr'><strong>ex</strong></span> <span class='ocrx_word' id='word_1_15' title='bbox 1171 614 1289 658; x_wconf 79' lang='lat' dir='ltr'><strong>camss</strong></span> <span class='ocrx_word' id='word_1_16' title='bbox 1309 593 1470 658; x_wconf 85' lang='lat' dir='ltr'><strong>iuventuti</strong></span> <span class='ocrx_word' id='word_1_17' title='bbox 1492 590 1581 680; x_wconf 85' lang='lat' dir='ltr'><strong>apud</strong></span> <span class='ocrx_word' id='word_1_18' title='bbox 1603 615 1663 660; x_wconf 91' lang='lat' dir='ltr'><strong>nos</strong></span> <span class='ocrx_word' id='word_1_19' title='bbox 1685 593 1774 680; x_wconf 88' lang='lat' dir='ltr'><strong>inge·</strong></span> 
     </span>
     <span class='ocr_line' id='line_1_3' title="bbox 344 689 1776 780; baseline 0.003 -26"><span class='ocrx_word' id='word_1_20' title='bbox 344 689 391 754; x_wconf 90' lang='lat' dir='ltr'><strong>nii</strong></span> <span class='ocrx_word' id='word_1_21' title='bbox 427 689 587 756; x_wconf 86' lang='lat' dir='ltr'><strong>culturam</strong></span> <span class='ocrx_word' id='word_1_22' title='bbox 616 692 749 758; x_wconf 82' lang='lat' dir='ltr'><strong>facienti</strong></span> <span class='ocrx_word' id='word_1_23' title='bbox 779 690 988 780; x_wconf 87' lang='lat' dir='ltr'><strong>delinquendi</strong></span> <span class='ocrx_word' id='word_1_24' title='bbox 1020 713 1102 757; x_wconf 86' lang='lat' dir='ltr'><strong>ansa</strong></span> <span class='ocrx_word' id='word_1_25' title='bbox 1138 689 1349 778; x_wconf 77' lang='lat' dir='ltr'><strong>praebeatur,</strong></span> <span class='ocrx_word' id='word_1_26' title='bbox 1392 711 1469 774; x_wconf 92' lang='lat' dir='ltr'><strong>uos,</strong></span> <span class='ocrx_word' id='word_1_27' title='bbox 1515 691 1654 758; x_wconf 88' lang='lat' dir='ltr'><strong>Ioannes</strong></span> <span class='ocrx_word' id='word_1_28' title='bbox 1694 691 1776 758; x_wconf 88' lang='lat' dir='ltr'><strong>Reu-</strong></span> 
     </span>
     <span class='ocr_line' id='line_1_4' title="bbox 347 787 1889 879; baseline 0.002 -26"><span class='ocrx_word' id='word_1_29' title='bbox 347 787 455 855; x_wconf 86' lang='lat' dir='ltr'><strong>scbius</strong></span> <span class='ocrx_word' id='word_1_30' title='bbox 483 801 554 873; x_wconf 74' lang='lat' dir='ltr'><strong>eto,</strong></span> <span class='ocrx_word' id='word_1_31' title='bbox 586 790 691 856; x_wconf 90' lang='lat' dir='ltr'><strong>almae</strong></span> <span class='ocrx_word' id='word_1_32' title='bbox 722 793 947 857; x_wconf 86' lang='lat' dir='ltr'><strong>universitatis</strong></span> <span class='ocrx_word' id='word_1_33' title='bbox 981 791 1082 857; x_wconf 89' lang='lat' dir='ltr'><strong>studii</strong></span> <span class='ocrx_word' id='word_1_34' title='bbox 1108 791 1290 878; x_wconf 78' lang='lat' dir='ltr'><strong>Lypseusis</strong></span> <span class='ocrx_word' id='word_1_35' title='bbox 1317 797 1440 874; x_wconf 88' lang='lat' dir='ltr'><strong>rector,</strong></span> <span class='ocrx_word' id='word_1_36' title='bbox 1469 787 1555 879; x_wconf 67' lang='lat' dir='ltr'><strong>[bil]</strong></span> <span class='ocrx_word' id='word_1_37' title='bbox 1582 790 1776 856; x_wconf 73' lang='lat' dir='ltr'><strong>mandamus</strong></span> <span class='ocrx_word' id='word_1_38' title='bbox 1888 869 1889 878; x_wconf 9' lang='grc' dir='ltr'>χ</span> 
     </span>
     <span class='ocr_line' id='line_1_5' title="bbox 346 888 1776 976; baseline 0.003 -24"><span class='ocrx_word' id='word_1_39' title='bbox 346 888 508 956; x_wconf 87' lang='lat' dir='ltr'><strong>universis</strong></span> <span class='ocrx_word' id='word_1_40' title='bbox 528 891 744 956; x_wconf 87' lang='lat' dir='ltr'><strong>iurisdictioni</strong></span> <span class='ocrx_word' id='word_1_41' title='bbox 764 901 897 956; x_wconf 86' lang='lat' dir='ltr'><strong>nostrae</strong></span> <span class='ocrx_word' id='word_1_42' title='bbox 918 891 1080 974; x_wconf 80' lang='lat' dir='ltr'><strong>obnoxiis,</strong></span> <span class='ocrx_word' id='word_1_43' title='bbox 1102 913 1143 955; x_wconf 90' lang='lat' dir='ltr'><strong>ne</strong></span> <span class='ocrx_word' id='word_1_44' title='bbox 1166 889 1226 956; x_wconf 90' lang='lat' dir='ltr'><strong>sub</strong></span> <span class='ocrx_word' id='word_1_45' title='bbox 1248 892 1352 956; x_wconf 81' lang='lat' dir='ltr'><strong>nostri</strong></span> <span class='ocrx_word' id='word_1_46' title='bbox 1378 892 1592 976; x_wconf 77' lang='lat' dir='ltr'><strong>magistratus</strong></span> <span class='ocrx_word' id='word_1_47' title='bbox 1614 890 1776 958; x_wconf 85' lang='lat' dir='ltr'><strong>curriculo</strong></span> 
     </span>
     <span class='ocr_line' id='line_1_6' title="bbox 319 988 1775 1079; baseline 0.004 -29"><span class='ocrx_word' id='word_1_48' title='bbox 319 988 506 1054; x_wconf 87' lang='lat' dir='ltr'><strong>5macheris</strong></span> <span class='ocrx_word' id='word_1_49' title='bbox 534 988 695 1075; x_wconf 82' lang='lat' dir='ltr'><strong>gladiisve</strong></span> <span class='ocrx_word' id='word_1_50' title='bbox 722 1000 779 1056; x_wconf 84' lang='lat' dir='ltr'><strong>aut</strong></span> <span class='ocrx_word' id='word_1_51' title='bbox 808 991 872 1057; x_wconf 86' lang='lat' dir='ltr'><strong>alio</strong></span> <span class='ocrx_word' id='word_1_52' title='bbox 901 993 1055 1079; x_wconf 87' lang='lat' dir='ltr'><strong>quopiam</strong></span> <span class='ocrx_word' id='word_1_53' title='bbox 1083 1011 1248 1054; x_wconf 73' lang='lat' dir='ltr'><strong>murorum</strong></span> <span class='ocrx_word' id='word_1_54' title='bbox 1267 1009 1386 1076; x_wconf 89' lang='lat' dir='ltr'><strong>genere</strong></span> <span class='ocrx_word' id='word_1_55' title='bbox 1407 991 1547 1056; x_wconf 85' lang='lat' dir='ltr'><strong>accincti</strong></span> <span class='ocrx_word' id='word_1_56' title='bbox 1567 989 1654 1056; x_wconf 89' lang='lat' dir='ltr'><strong>ultro</strong></span> <span class='ocrx_word' id='word_1_57' title='bbox 1679 992 1775 1056; x_wconf 91' lang='lat' dir='ltr'><strong>citro-</strong></span> 
     </span>
    </p>
   </div>
   <div class='ocr_carea' id='block_1_3' title="bbox 307 1087 1778 2464">
    <p class='ocr_par' dir='ltr' id='par_1_3' title="bbox 345 1087 1776 1453">
     <span class='ocr_line' id='line_1_7' title="bbox 347 1087 1775 1176; baseline 0.003 -24"><span class='ocrx_word' id='word_1_58' title='bbox 347 1107 408 1172; x_wconf 89' lang='lat' dir='ltr'><strong>que</strong></span> <span class='ocrx_word' id='word_1_59' title='bbox 437 1087 646 1154; x_wconf 89' lang='lat' dir='ltr'><strong>obambulcnt</strong></span> <span class='ocrx_word' id='word_1_60' title='bbox 668 1089 843 1176; x_wconf 88' lang='lat' dir='ltr'><strong>verbisque</strong></span> <span class='ocrx_word' id='word_1_61' title='bbox 871 1100 929 1157; x_wconf 89' lang='lat' dir='ltr'><strong>aut</strong></span> <span class='ocrx_word' id='word_1_62' title='bbox 954 1091 1051 1156; x_wconf 87' lang='lat' dir='ltr'><strong>factis</strong></span> <span class='ocrx_word' id='word_1_63' title='bbox 1078 1111 1274 1176; x_wconf 89' lang='lat' dir='ltr'><strong>quemquam</strong></span> <span class='ocrx_word' id='word_1_64' title='bbox 1303 1088 1484 1172; x_wconf 79' lang='lat' dir='ltr'><strong>oflendunt,</strong></span> <span class='ocrx_word' id='word_1_65' title='bbox 1517 1090 1585 1172; x_wconf 89' lang='lat' dir='ltr'><strong>sed,</strong></span> <span class='ocrx_word' id='word_1_66' title='bbox 1616 1099 1775 1176; x_wconf 82' lang='lat' dir='ltr'><strong>pateruae</strong></span> 
     </span>
     <span class='ocr_line' id='line_1_8' title="bbox 346 1172 1775 1277; baseline 0.003 -28"><span class='ocrx_word' id='word_1_67' title='bbox 346 1184 523 1253; x_wconf 85' lang='lat' dir='ltr'><strong>voluntatis</strong></span> <span class='ocrx_word' id='word_1_68' title='bbox 539 1187 810 1277; x_wconf 85' lang='lat' dir='ltr'><strong>Christianaeque</strong></span> <span class='ocrx_word' id='word_1_69' title='bbox 833 1191 963 1277; x_wconf 88' lang='lat' dir='ltr'><strong>pietatis</strong></span> <span class='ocrx_word' id='word_1_70' title='bbox 985 1211 1154 1270; x_wconf 89' lang='lat' dir='ltr'><strong>memores,</strong></span> <span class='ocrx_word' id='word_1_71' title='bbox 1177 1172 1237 1274; x_wconf 78' lang='lat' dir='ltr'><strong>prb</strong></span> <span class='ocrx_word' id='word_1_72' title='bbox 1255 1185 1410 1253; x_wconf 84' lang='lat' dir='ltr'><strong>machera</strong></span> <span class='ocrx_word' id='word_1_73' title='bbox 1427 1188 1512 1271; x_wconf 89' lang='lat' dir='ltr'><strong>stilo,</strong></span> <span class='ocrx_word' id='word_1_74' title='bbox 1535 1191 1661 1275; x_wconf 85' lang='lat' dir='ltr'><strong>optimo</strong></span> <span class='ocrx_word' id='word_1_75' title='bbox 1685 1190 1775 1274; x_wconf 87' lang='lat' dir='ltr'><strong>iuge-</strong></span> 
     </span>
     <span class='ocr_line' id='line_1_9' title="bbox 345 1284 1775 1374; baseline 0.003 -24"><span class='ocrx_word' id='word_1_76' title='bbox 345 1284 392 1350; x_wconf 91' lang='lat' dir='ltr'><strong>nii</strong></span> <span class='ocrx_word' id='word_1_77' title='bbox 413 1287 588 1372; x_wconf 86' lang='lat' dir='ltr'><strong>magistro,</strong></span> <span class='ocrx_word' id='word_1_78' title='bbox 622 1311 682 1374; x_wconf 92' lang='lat' dir='ltr'><strong>pro</strong></span> <span class='ocrx_word' id='word_1_79' title='bbox 704 1287 815 1374; x_wconf 88' lang='lat' dir='ltr'><strong>gladio</strong></span> <span class='ocrx_word' id='word_1_80' title='bbox 834 1288 972 1355; x_wconf 87' lang='lat' dir='ltr'><strong>lectione</strong></span> <span class='ocrx_word' id='word_1_81' title='bbox 994 1299 1027 1354; x_wconf 90' lang='lat' dir='ltr'><strong>et</strong></span> <span class='ocrx_word' id='word_1_82' title='bbox 1047 1289 1125 1352; x_wconf 86' lang='lat' dir='ltr'><strong>viva</strong></span> <span class='ocrx_word' id='word_1_83' title='bbox 1147 1297 1179 1352; x_wconf 90' lang='lat' dir='ltr'><strong>et</strong></span> <span class='ocrx_word' id='word_1_84' title='bbox 1198 1295 1343 1368; x_wconf 86' lang='lat' dir='ltr'><strong>mortus,</strong></span> <span class='ocrx_word' id='word_1_85' title='bbox 1373 1285 1516 1352; x_wconf 86' lang='lat' dir='ltr'><strong>breviter</strong></span> <span class='ocrx_word' id='word_1_86' title='bbox 1537 1310 1598 1374; x_wconf 85' lang='lat' dir='ltr'><strong>pro</strong></span> <span class='ocrx_word' id='word_1_87' title='bbox 1620 1289 1722 1354; x_wconf 87' lang='lat' dir='ltr'><strong>armis</strong></span> <span class='ocrx_word' id='word_1_88' title='bbox 1743 1297 1775 1354; x_wconf 90' lang='lat' dir='ltr'><strong>et</strong></span> 
     </span>
     <span class='ocr_line' id='line_1_10' title="bbox 346 1381 1776 1453; baseline 0.003 -6"><span class='ocrx_word' id='word_1_89' title='bbox 346 1381 479 1450; x_wconf 89' lang='lat' dir='ltr'><strong>honesto</strong></span> <span class='ocrx_word' id='word_1_90' title='bbox 500 1397 533 1452; x_wconf 90' lang='lat' dir='ltr'><strong>et</strong></span> <span class='ocrx_word' id='word_1_91' title='bbox 555 1387 679 1452; x_wconf 91' lang='lat' dir='ltr'><strong>erudito</strong></span> <span class='ocrx_word' id='word_1_92' title='bbox 700 1387 867 1452; x_wconf 89' lang='lat' dir='ltr'><strong>hominum</strong></span> <span class='ocrx_word' id='word_1_93' title='bbox 881 1381 1039 1453; x_wconf 85' lang='lat' dir='ltr'><strong>&#39;convictu</strong></span> <span class='ocrx_word' id='word_1_94' title='bbox 1058 1395 1198 1452; x_wconf 90' lang='lat' dir='ltr'><strong>utentur.</strong></span> <span class='ocrx_word' id='word_1_95' title='bbox 1236 1387 1305 1451; x_wconf 88' lang='lat' dir='ltr'><strong>Nec</strong></span> <span class='ocrx_word' id='word_1_96' title='bbox 1325 1386 1468 1451; x_wconf 87' lang='lat' dir='ltr'><strong>ferarum</strong></span> <span class='ocrx_word' id='word_1_97' title='bbox 1489 1387 1555 1452; x_wconf 88' lang='lat' dir='ltr'><strong>ritu</strong></span> <span class='ocrx_word' id='word_1_98' title='bbox 1574 1387 1609 1450; x_wconf 93' lang='lat' dir='ltr'><strong>in</strong></span> <span class='ocrx_word' id='word_1_99' title='bbox 1628 1386 1776 1452; x_wconf 84' lang='lat' dir='ltr'><strong>latibulis</strong></span> 
     </span>
    </p>

    <p class='ocr_par' dir='ltr' id='par_1_4' title="bbox 307 1481 1778 1969">
     <span class='ocr_line' id='line_1_11' title="bbox 307 1481 1778 1573; baseline 0.005 -29"><span class='ocrx_word' id='word_1_100' title='bbox 307 1491 338 1544; x_wconf 83' lang='lat'><strong>10</strong></span> <span class='ocrx_word' id='word_1_101' title='bbox 346 1481 588 1572; x_wconf 85' lang='lat' dir='ltr'><strong>fornicibusque</strong></span> <span class='ocrx_word' id='word_1_102' title='bbox 624 1485 847 1552; x_wconf 79' lang='lat' dir='ltr'><strong>delitescentes</strong></span> <span class='ocrx_word' id='word_1_103' title='bbox 886 1489 993 1573; x_wconf 90' lang='lat' dir='ltr'><strong>patria</strong></span> <span class='ocrx_word' id='word_1_104' title='bbox 1018 1485 1106 1552; x_wconf 89' lang='lat' dir='ltr'><strong>bona</strong></span> <span class='ocrx_word' id='word_1_105' title='bbox 1132 1495 1199 1550; x_wconf 87' lang='lat' dir='ltr'><strong>tam</strong></span> <span class='ocrx_word' id='word_1_106' title='bbox 1226 1485 1343 1549; x_wconf 84' lang='lat' dir='ltr'><strong>misere</strong></span> <span class='ocrx_word' id='word_1_107' title='bbox 1371 1483 1564 1572; x_wconf 82' lang='lat' dir='ltr'><strong>perditoque</strong></span> <span class='ocrx_word' id='word_1_108' title='bbox 1593 1486 1778 1573; x_wconf 86' lang='lat' dir='ltr'><strong>decoquant</strong></span> 
     </span>
     <span class='ocr_line' id='line_1_12' title="bbox 346 1583 1775 1673; baseline 0.003 -27"><span class='ocrx_word' id='word_1_109' title='bbox 346 1583 478 1671; x_wconf 88' lang='lat' dir='ltr'><strong>suisque</strong></span> <span class='ocrx_word' id='word_1_110' title='bbox 504 1587 618 1671; x_wconf 85' lang='lat' dir='ltr'><strong>ganeis</strong></span> <span class='ocrx_word' id='word_1_111' title='bbox 644 1595 675 1650; x_wconf 89' lang='lat' dir='ltr'><strong>et</strong></span> <span class='ocrx_word' id='word_1_112' title='bbox 697 1585 890 1673; x_wconf 87' lang='lat' dir='ltr'><strong>voluptuosa</strong></span> <span class='ocrx_word' id='word_1_113' title='bbox 908 1587 978 1652; x_wconf 85' lang='lat' dir='ltr'><strong>vita</strong></span> <span class='ocrx_word' id='word_1_114' title='bbox 998 1594 1030 1649; x_wconf 88' lang='lat' dir='ltr'><strong>et</strong></span> <span class='ocrx_word' id='word_1_115' title='bbox 1049 1584 1216 1650; x_wconf 90' lang='lat' dir='ltr'><strong>bominum</strong></span> <span class='ocrx_word' id='word_1_116' title='bbox 1238 1583 1398 1650; x_wconf 89' lang='lat' dir='ltr'><strong>invidiam</strong></span> <span class='ocrx_word' id='word_1_117' title='bbox 1421 1593 1453 1648; x_wconf 89' lang='lat' dir='ltr'><strong>et</strong></span> <span class='ocrx_word' id='word_1_118' title='bbox 1474 1583 1699 1650; x_wconf 83' lang='lat' dir='ltr'><strong>inevitabilem</strong></span> <span class='ocrx_word' id='word_1_119' title='bbox 1722 1585 1775 1650; x_wconf 88' lang='lat' dir='ltr'><strong>dei</strong></span> 
     </span>
     <span class='ocr_line' id='line_1_13' title="bbox 346 1679 1776 1771; baseline 0.001 -26"><span class='ocrx_word' id='word_1_120' title='bbox 346 1682 525 1749; x_wconf 84' lang='lat' dir='ltr'><strong>vindictam</strong></span> <span class='ocrx_word' id='word_1_121' title='bbox 546 1686 580 1748; x_wconf 92' lang='lat' dir='ltr'><strong>in</strong></span> <span class='ocrx_word' id='word_1_122' title='bbox 604 1708 698 1750; x_wconf 91' lang='lat' dir='ltr'><strong>suum</strong></span> <span class='ocrx_word' id='word_1_123' title='bbox 720 1695 818 1771; x_wconf 85' lang='lat' dir='ltr'><strong>caput</strong></span> <span class='ocrx_word' id='word_1_124' title='bbox 839 1692 1014 1750; x_wconf 82' lang='lat' dir='ltr'><strong>accersant</strong></span> <span class='ocrx_word' id='word_1_125' title='bbox 1058 1680 1109 1769; x_wconf 83' lang='lat'><strong>[58</strong></span> <span class='ocrx_word' id='word_1_126' title='bbox 1117 1679 1143 1770; x_wconf 82' lang='lat'><strong>⁸]</strong></span> <span class='ocrx_word' id='word_1_127' title='bbox 1166 1681 1255 1762; x_wconf 75' lang='lat' dir='ltr'><strong>Quin</strong></span> <span class='ocrx_word' id='word_1_128' title='bbox 1274 1685 1384 1769; x_wconf 90' lang='lat' dir='ltr'><strong>potius</strong></span> <span class='ocrx_word' id='word_1_129' title='bbox 1404 1681 1448 1748; x_wconf 90' lang='lat' dir='ltr'><strong>ad</strong></span> <span class='ocrx_word' id='word_1_130' title='bbox 1467 1682 1617 1770; x_wconf 80' lang='lat' dir='ltr'><strong>collegia,</strong></span> <span class='ocrx_word' id='word_1_131' title='bbox 1636 1683 1696 1750; x_wconf 90' lang='lat' dir='ltr'><strong>ubi</strong></span> <span class='ocrx_word' id='word_1_132' title='bbox 1715 1706 1776 1748; x_wconf 91' lang='lat' dir='ltr'><strong>uec</strong></span> 
     </span>
     <span class='ocr_line' id='line_1_14' title="bbox 345 1779 1774 1870; baseline 0.002 -25"><span class='ocrx_word' id='word_1_133' title='bbox 345 1783 481 1866; x_wconf 85' lang='lat' dir='ltr'><strong>vagiens</strong></span> <span class='ocrx_word' id='word_1_134' title='bbox 504 1805 584 1870; x_wconf 90' lang='lat' dir='ltr'><strong>puer</strong></span> <span class='ocrx_word' id='word_1_135' title='bbox 605 1806 667 1848; x_wconf 89' lang='lat' dir='ltr'><strong>uec</strong></span> <span class='ocrx_word' id='word_1_136' title='bbox 687 1806 801 1849; x_wconf 90' lang='lat' dir='ltr'><strong>socrus</strong></span> <span class='ocrx_word' id='word_1_137' title='bbox 822 1783 956 1870; x_wconf 86' lang='lat' dir='ltr'><strong>garrula</strong></span> <span class='ocrx_word' id='word_1_138' title='bbox 977 1805 1037 1847; x_wconf 89' lang='lat' dir='ltr'><strong>neo</strong></span> <span class='ocrx_word' id='word_1_139' title='bbox 1061 1779 1252 1870; x_wconf 88' lang='lat' dir='ltr'><strong>querulosus</strong></span> <span class='ocrx_word' id='word_1_140' title='bbox 1271 1803 1373 1848; x_wconf 87' lang='lat' dir='ltr'><strong>senex</strong></span> <span class='ocrx_word' id='word_1_141' title='bbox 1394 1804 1454 1848; x_wconf 87' lang='lat' dir='ltr'><strong>neo</strong></span> <span class='ocrx_word' id='word_1_142' title='bbox 1467 1783 1581 1848; x_wconf 86' lang='lat' dir='ltr'><strong>rixans</strong></span> <span class='ocrx_word' id='word_1_143' title='bbox 1596 1804 1672 1848; x_wconf 90' lang='lat' dir='ltr'><strong>cum</strong></span> <span class='ocrx_word' id='word_1_144' title='bbox 1689 1782 1774 1869; x_wconf 87' lang='lat' dir='ltr'><strong>Syro</strong></span> 
     </span>
     <span class='ocr_line' id='line_1_15' title="bbox 345 1878 1776 1969; baseline 0.001 -25"><span class='ocrx_word' id='word_1_145' title='bbox 345 1878 450 1966; x_wconf 90' lang='lat' dir='ltr'><strong>Mysis</strong></span> <span class='ocrx_word' id='word_1_146' title='bbox 462 1904 524 1947; x_wconf 89' lang='lat' dir='ltr'><strong>nec</strong></span> <span class='ocrx_word' id='word_1_147' title='bbox 536 1882 680 1948; x_wconf 88' lang='lat' dir='ltr'><strong>affinium</strong></span> <span class='ocrx_word' id='word_1_148' title='bbox 699 1893 973 1969; x_wconf 82' lang='lat' dir='ltr'><strong>cognatorumque</strong></span> <span class='ocrx_word' id='word_1_149' title='bbox 990 1883 1083 1946; x_wconf 88' lang='lat' dir='ltr'><strong>triste</strong></span> <span class='ocrx_word' id='word_1_150' title='bbox 1102 1879 1312 1967; x_wconf 88' lang='lat' dir='ltr'><strong>supercilium</strong></span> <span class='ocrx_word' id='word_1_151' title='bbox 1327 1881 1450 1967; x_wconf 87' lang='lat' dir='ltr'><strong>ingenii</strong></span> <span class='ocrx_word' id='word_1_152' title='bbox 1471 1880 1579 1946; x_wconf 88' lang='lat' dir='ltr'><strong>studia</strong></span> <span class='ocrx_word' id='word_1_153' title='bbox 1599 1883 1776 1968; x_wconf 86' lang='lat' dir='ltr'><strong>intercipit,</strong></span> 
     </span>
    </p>

    <p class='ocr_par' dir='ltr' id='par_1_5' title="bbox 307 1979 1777 2464">
     <span class='ocr_line' id='line_1_16' title="bbox 307 1979 1776 2069; baseline 0.003 -27"><span class='ocrx_word' id='word_1_154' title='bbox 307 1987 338 2042; x_wconf 82' lang='lat'><strong>15</strong></span> <span class='ocrx_word' id='word_1_155' title='bbox 349 2001 383 2044; x_wconf 90' lang='lat' dir='ltr'><strong>se</strong></span> <span class='ocrx_word' id='word_1_156' title='bbox 406 1981 573 2047; x_wconf 79' lang='lat' dir='ltr'><strong>conferant</strong></span> <span class='ocrx_word' id='word_1_157' title='bbox 592 1982 726 2066; x_wconf 84' lang='lat' dir='ltr'><strong>diesque</strong></span> <span class='ocrx_word' id='word_1_158' title='bbox 746 1990 921 2069; x_wconf 89' lang='lat' dir='ltr'><strong>noctesque</strong></span> <span class='ocrx_word' id='word_1_159' title='bbox 949 2004 991 2046; x_wconf 84' lang='lat' dir='ltr'><strong>ex</strong></span> <span class='ocrx_word' id='word_1_160' title='bbox 1018 1979 1145 2046; x_wconf 87' lang='lat' dir='ltr'><strong>erudito</strong></span> <span class='ocrx_word' id='word_1_161' title='bbox 1176 1981 1332 2067; x_wconf 89' lang='lat' dir='ltr'><strong>quopiam</strong></span> <span class='ocrx_word' id='word_1_162' title='bbox 1361 1989 1573 2067; x_wconf 87' lang='lat' dir='ltr'><strong>praeceptore</strong></span> <span class='ocrx_word' id='word_1_163' title='bbox 1601 1979 1776 2068; x_wconf 83' lang='lat' dir='ltr'><strong>pendeant,</strong></span> 
     </span>
     <span class='ocr_line' id='line_1_17' title="bbox 347 2078 1777 2167; baseline 0.001 -23"><span class='ocrx_word' id='word_1_164' title='bbox 347 2100 569 2167; x_wconf 89' lang='lat' dir='ltr'><strong>necunquam</strong></span> <span class='ocrx_word' id='word_1_165' title='bbox 599 2081 641 2146; x_wconf 88' lang='lat' dir='ltr'><strong>ab</strong></span> <span class='ocrx_word' id='word_1_166' title='bbox 663 2081 749 2146; x_wconf 91' lang='lat' dir='ltr'><strong>illius</strong></span> <span class='ocrx_word' id='word_1_167' title='bbox 779 2079 882 2146; x_wconf 87' lang='lat' dir='ltr'><strong>latere</strong></span> <span class='ocrx_word' id='word_1_168' title='bbox 908 2079 1106 2146; x_wconf 87' lang='lat' dir='ltr'><strong>indoctiores</strong></span> <span class='ocrx_word' id='word_1_169' title='bbox 1128 2079 1254 2144; x_wconf 83' lang='lat' dir='ltr'><strong>abeant</strong></span> <span class='ocrx_word' id='word_1_170' title='bbox 1296 2078 1401 2144; x_wconf 90' lang='lat' dir='ltr'><strong>Porro</strong></span> <span class='ocrx_word' id='word_1_171' title='bbox 1432 2081 1461 2144; x_wconf 87' lang='lat' dir='ltr'><strong>si</strong></span> <span class='ocrx_word' id='word_1_172' title='bbox 1488 2081 1677 2166; x_wconf 87' lang='lat' dir='ltr'><strong>quempiam</strong></span> <span class='ocrx_word' id='word_1_173' title='bbox 1702 2080 1777 2146; x_wconf 88' lang='lat' dir='ltr'><strong>huic</strong></span> 
     </span>
     <span class='ocr_line' id='line_1_18' title="bbox 347 2176 1774 2266; baseline 0.001 -24"><span class='ocrx_word' id='word_1_174' title='bbox 347 2176 453 2244; x_wconf 86' lang='lat' dir='ltr'><strong>edicto</strong></span> <span class='ocrx_word' id='word_1_175' title='bbox 482 2191 592 2246; x_wconf 89' lang='lat' dir='ltr'><strong>nostro</strong></span> <span class='ocrx_word' id='word_1_176' title='bbox 619 2182 725 2246; x_wconf 90' lang='lat' dir='ltr'><strong>minus</strong></span> <span class='ocrx_word' id='word_1_177' title='bbox 751 2180 955 2266; x_wconf 85' lang='lat' dir='ltr'><strong>acquievisse</strong></span> <span class='ocrx_word' id='word_1_178' title='bbox 980 2179 1193 2261; x_wconf 87' lang='lat' dir='ltr'><strong>senserimus,</strong></span> <span class='ocrx_word' id='word_1_179' title='bbox 1220 2181 1255 2243; x_wconf 92' lang='lat' dir='ltr'><strong>iu</strong></span> <span class='ocrx_word' id='word_1_180' title='bbox 1284 2178 1421 2244; x_wconf 89' lang='lat' dir='ltr'><strong>eundem</strong></span> <span class='ocrx_word' id='word_1_181' title='bbox 1448 2201 1509 2265; x_wconf 92' lang='lat' dir='ltr'><strong>pro</strong></span> <span class='ocrx_word' id='word_1_182' title='bbox 1531 2179 1650 2246; x_wconf 86' lang='lat' dir='ltr'><strong>iudicis</strong></span> <span class='ocrx_word' id='word_1_183' title='bbox 1673 2179 1774 2246; x_wconf 86' lang='lat' dir='ltr'><strong>offitio</strong></span> 
     </span>
     <span class='ocr_line' id='line_1_19' title="bbox 346 2276 1772 2366; baseline 0.003 -26"><span class='ocrx_word' id='word_1_184' title='bbox 346 2277 658 2344; x_wconf 77' lang='lat' dir='ltr'><strong>animadverterest</strong></span> <span class='ocrx_word' id='word_1_185' title='bbox 679 2279 828 2346; x_wconf 88' lang='lat' dir='ltr'><strong>volumus</strong></span> <span class='ocrx_word' id='word_1_186' title='bbox 851 2291 883 2345; x_wconf 88' lang='lat' dir='ltr'><strong>et</strong></span> <span class='ocrx_word' id='word_1_187' title='bbox 904 2277 1069 2344; x_wconf 87' lang='lat' dir='ltr'><strong>debemus.</strong></span> <span class='ocrx_word' id='word_1_188' title='bbox 1096 2276 1209 2342; x_wconf 89' lang='lat' dir='ltr'><strong>Tertio</strong></span> <span class='ocrx_word' id='word_1_189' title='bbox 1226 2277 1329 2344; x_wconf 88' lang='lat' dir='ltr'><strong>Nouis</strong></span> <span class='ocrx_word' id='word_1_190' title='bbox 1346 2277 1437 2366; x_wconf 86' lang='lat' dir='ltr'><strong>Maij,</strong></span> <span class='ocrx_word' id='word_1_191' title='bbox 1459 2276 1520 2344; x_wconf 88' lang='lat' dir='ltr'><strong>sub</strong></span> <span class='ocrx_word' id='word_1_192' title='bbox 1541 2279 1646 2344; x_wconf 83' lang='lat' dir='ltr'><strong>nostri</strong></span> <span class='ocrx_word' id='word_1_193' title='bbox 1668 2288 1772 2344; x_wconf 91' lang='lat' dir='ltr'><strong>recto-</strong></span> 
     </span>
     <span class='ocr_line' id='line_1_20' title="bbox 347 2378 581 2464; baseline 0.013 -25"><span class='ocrx_word' id='word_1_194' title='bbox 347 2385 437 2440; x_wconf 90' lang='lat' dir='ltr'><strong>ratus</strong></span> <span class='ocrx_word' id='word_1_195' title='bbox 460 2378 581 2464; x_wconf 90' lang='lat' dir='ltr'><strong>sigillo.</strong></span> 
     </span>
    </p>
   </div>
   <div class='ocr_carea' id='block_1_4' title="bbox 310 2498 1405 2560">
    <p class='ocr_par' dir='ltr' id='par_1_6' title="bbox 310 2498 1405 2560">
     <span class='ocr_line' id='line_1_21' title="bbox 310 2498 1405 2560; baseline 0.003 -5"><span class='ocrx_word' id='word_1_196' title='bbox 310 2499 345 2555; x_wconf 78' lang='lat'><strong>20</strong></span> <span class='ocrx_word' id='word_1_197' title='bbox 716 2498 783 2560; x_wconf 87' lang='grc'><strong>117.</strong></span> <span class='ocrx_word' id='word_1_198' title='bbox 817 2509 924 2558; x_wconf 77' lang='lat' dir='ltr'><strong>annm</strong></span> <span class='ocrx_word' id='word_1_199' title='bbox 946 2510 982 2558; x_wconf 83' lang='lat' dir='ltr'><strong>m</strong></span> <span class='ocrx_word' id='word_1_200' title='bbox 1003 2509 1123 2557; x_wconf 76' lang='lat' dir='ltr'><strong>sanun</strong></span> <span class='ocrx_word' id='word_1_201' title='bbox 1141 2509 1258 2556; x_wconf 81' lang='lat' dir='ltr'><strong>rusus</strong></span> <span class='ocrx_word' id='word_1_202' title='bbox 1278 2509 1405 2558; x_wconf 74' lang='lat' dir='ltr'><strong>rosus</strong></span> 
     </span>
    </p>
   </div>
   <div class='ocr_carea' id='block_1_5' title="bbox 307 2605 1777 3388">
    <p class='ocr_par' dir='ltr' id='par_1_7' title="bbox 307 2605 1777 3388">
     <span class='ocr_line' id='line_1_22' title="bbox 430 2605 1774 2697; baseline 0.002 -26"><span class='ocrx_word' id='word_1_203' title='bbox 430 2607 469 2672; x_wconf 87' lang='lat' dir='ltr'><strong>N.</strong></span> <span class='ocrx_word' id='word_1_204' title='bbox 491 2617 598 2675; x_wconf 85' lang='lat' dir='ltr'><strong>rector</strong></span> <span class='ocrx_word' id='word_1_205' title='bbox 628 2608 761 2674; x_wconf 86' lang='lat' dir='ltr'><strong>mandat</strong></span> <span class='ocrx_word' id='word_1_206' title='bbox 782 2608 930 2675; x_wconf 90' lang='lat' dir='ltr'><strong>omnibus</strong></span> <span class='ocrx_word' id='word_1_207' title='bbox 954 2606 1042 2695; x_wconf 89' lang='lat' dir='ltr'><strong>apud</strong></span> <span class='ocrx_word' id='word_1_208' title='bbox 1065 2629 1124 2671; x_wconf 92' lang='lat' dir='ltr'><strong>nos</strong></span> <span class='ocrx_word' id='word_1_209' title='bbox 1146 2609 1269 2692; x_wconf 89' lang='lat' dir='ltr'><strong>ingenii</strong></span> <span class='ocrx_word' id='word_1_210' title='bbox 1286 2607 1444 2674; x_wconf 87' lang='lat' dir='ltr'><strong>culturam</strong></span> <span class='ocrx_word' id='word_1_211' title='bbox 1465 2605 1680 2692; x_wconf 83' lang='lat' dir='ltr'><strong>facientibus,</strong></span> <span class='ocrx_word' id='word_1_212' title='bbox 1711 2632 1774 2697; x_wconf 93' lang='lat' dir='ltr'><strong>quo</strong></span> 
     </span>
     <span class='ocr_line' id='line_1_23' title="bbox 346 2705 1775 2796; baseline 0.001 -25"><span class='ocrx_word' id='word_1_213' title='bbox 346 2707 441 2771; x_wconf 85' lang='lat' dir='ltr'><strong>iuxta</strong></span> <span class='ocrx_word' id='word_1_214' title='bbox 461 2717 644 2774; x_wconf 71' lang='lat' dir='ltr'><strong>nosborum</strong></span> <span class='ocrx_word' id='word_1_215' title='bbox 666 2717 859 2774; x_wconf 88' lang='lat' dir='ltr'><strong>statutorum</strong></span> <span class='ocrx_word' id='word_1_216' title='bbox 882 2705 966 2794; x_wconf 64' lang='lat' dir='ltr'><strong>[58l]</strong></span> <span class='ocrx_word' id='word_1_217' title='bbox 991 2708 1195 2794; x_wconf 86' lang='lat' dir='ltr'><strong>praescripta</strong></span> <span class='ocrx_word' id='word_1_218' title='bbox 1216 2706 1259 2771; x_wconf 89' lang='lat' dir='ltr'><strong>ad</strong></span> <span class='ocrx_word' id='word_1_219' title='bbox 1281 2706 1419 2794; x_wconf 90' lang='lat' dir='ltr'><strong>collegia</strong></span> <span class='ocrx_word' id='word_1_220' title='bbox 1441 2717 1538 2796; x_wconf 85' lang='lat' dir='ltr'><strong>atque</strong></span> <span class='ocrx_word' id='word_1_221' title='bbox 1558 2706 1641 2772; x_wconf 80' lang='lat' dir='ltr'><strong>adeo</strong></span> <span class='ocrx_word' id='word_1_222' title='bbox 1664 2707 1709 2773; x_wconf 91' lang='lat' dir='ltr'><strong>ad</strong></span> <span class='ocrx_word' id='word_1_223' title='bbox 1728 2709 1775 2773; x_wconf 80' lang='lat' dir='ltr'><strong>vi-</strong></span> 
     </span>
     <span class='ocr_line' id='line_1_24' title="bbox 347 2805 1776 2895; baseline 0.003 -25"><span class='ocrx_word' id='word_1_224' title='bbox 347 2829 420 2871; x_wconf 87' lang='lat' dir='ltr'><strong>rum</strong></span> <span class='ocrx_word' id='word_1_225' title='bbox 442 2806 604 2893; x_wconf 88' lang='lat' dir='ltr'><strong>quendam</strong></span> <span class='ocrx_word' id='word_1_226' title='bbox 630 2809 799 2894; x_wconf 88' lang='lat' dir='ltr'><strong>insigniter</strong></span> <span class='ocrx_word' id='word_1_227' title='bbox 821 2806 982 2872; x_wconf 88' lang='lat' dir='ltr'><strong>eruditum</strong></span> <span class='ocrx_word' id='word_1_228' title='bbox 1004 2829 1038 2870; x_wconf 91' lang='lat' dir='ltr'><strong>se</strong></span> <span class='ocrx_word' id='word_1_229' title='bbox 1059 2805 1227 2871; x_wconf 79' lang='lat' dir='ltr'><strong>conferant</strong></span> <span class='ocrx_word' id='word_1_230' title='bbox 1248 2827 1352 2895; x_wconf 91' lang='lat' dir='ltr'><strong>neque</strong></span> <span class='ocrx_word' id='word_1_231' title='bbox 1373 2808 1420 2871; x_wconf 89' lang='lat' dir='ltr'><strong>ita</strong></span> <span class='ocrx_word' id='word_1_232' title='bbox 1440 2807 1615 2874; x_wconf 87' lang='lat' dir='ltr'><strong>temerario</strong></span> <span class='ocrx_word' id='word_1_233' title='bbox 1637 2829 1723 2872; x_wconf 88' lang='lat' dir='ltr'><strong>ausu</strong></span> <span class='ocrx_word' id='word_1_234' title='bbox 1742 2809 1776 2874; x_wconf 92' lang='lat' dir='ltr'><strong>in</strong></span> 
     </span>
     <span class='ocr_line' id='line_1_25' title="bbox 347 2904 1776 2993; baseline 0.001 -23"><span class='ocrx_word' id='word_1_235' title='bbox 347 2905 535 2988; x_wconf 86' lang='lat' dir='ltr'><strong>fornicibus,</strong></span> <span class='ocrx_word' id='word_1_236' title='bbox 557 2905 706 2993; x_wconf 89' lang='lat' dir='ltr'><strong>spelaeis,</strong></span> <span class='ocrx_word' id='word_1_237' title='bbox 728 2906 838 2972; x_wconf 91' lang='lat' dir='ltr'><strong>lustris</strong></span> <span class='ocrx_word' id='word_1_238' title='bbox 851 2915 948 2992; x_wconf 90' lang='lat' dir='ltr'><strong>atque</strong></span> <span class='ocrx_word' id='word_1_239' title='bbox 959 2905 994 2970; x_wconf 87' lang='lat' dir='ltr'><strong>id</strong></span> <span class='ocrx_word' id='word_1_240' title='bbox 1015 2927 1117 2991; x_wconf 89' lang='lat' dir='ltr'><strong>genus</strong></span> <span class='ocrx_word' id='word_1_241' title='bbox 1129 2904 1290 2991; x_wconf 89' lang='lat' dir='ltr'><strong>pudendis</strong></span> <span class='ocrx_word' id='word_1_242' title='bbox 1301 2905 1380 2971; x_wconf 91' lang='lat' dir='ltr'><strong>locis</strong></span> <span class='ocrx_word' id='word_1_243' title='bbox 1392 2905 1594 2990; x_wconf 85' lang='lat' dir='ltr'><strong>delitescant,</strong></span> <span class='ocrx_word' id='word_1_244' title='bbox 1614 2929 1776 2972; x_wconf 87' lang='lat' dir='ltr'><strong>memores</strong></span> 
     </span>
     <span class='ocr_line' id='line_1_26' title="bbox 307 3004 1777 3092; baseline 0.001 -24"><span class='ocrx_word' id='word_1_245' title='bbox 307 3005 479 3070; x_wconf 84' lang='lat' dir='ltr'><strong>25interim</strong></span> <span class='ocrx_word' id='word_1_246' title='bbox 498 3005 681 3071; x_wconf 87' lang='lat' dir='ltr'><strong>litterarum</strong></span> <span class='ocrx_word' id='word_1_247' title='bbox 703 3006 832 3071; x_wconf 87' lang='lat' dir='ltr'><strong>radices</strong></span> <span class='ocrx_word' id='word_1_248' title='bbox 854 3027 984 3070; x_wconf 77' lang='lat' dir='ltr'><strong>amaram</strong></span> <span class='ocrx_word' id='word_1_249' title='bbox 1008 3005 1171 3089; x_wconf 88' lang='lat' dir='ltr'><strong>integrum</strong></span> <span class='ocrx_word' id='word_1_250' title='bbox 1194 3004 1355 3069; x_wconf 89' lang='lat' dir='ltr'><strong>bominem</strong></span> <span class='ocrx_word' id='word_1_251' title='bbox 1378 3007 1528 3092; x_wconf 86' lang='lat' dir='ltr'><strong>exigere,</strong></span> <span class='ocrx_word' id='word_1_252' title='bbox 1557 3007 1702 3072; x_wconf 66' lang='lat' dir='ltr'><strong>(civitatis</strong></span> <span class='ocrx_word' id='word_1_253' title='bbox 1730 3007 1777 3070; x_wconf 90' lang='lat' dir='ltr'><strong>iu·</strong></span> 
     </span>
     <span class='ocr_line' id='line_1_27' title="bbox 348 3101 1776 3194; baseline 0.002 -26"><span class='ocrx_word' id='word_1_254' title='bbox 348 3102 489 3170; x_wconf 85' lang='lat' dir='ltr'><strong>colatum</strong></span> <span class='ocrx_word' id='word_1_255' title='bbox 510 3105 665 3194; x_wconf 88' lang='lat' dir='ltr'><strong>pleraque</strong></span> <span class='ocrx_word' id='word_1_256' title='bbox 686 3103 853 3172; x_wconf 84' lang='lat' dir='ltr'><strong>obstacula</strong></span> <span class='ocrx_word' id='word_1_257' title='bbox 875 3103 997 3169; x_wconf 89' lang='lat' dir='ltr'><strong>babere</strong></span> <span class='ocrx_word' id='word_1_258' title='bbox 1019 3113 1117 3188; x_wconf 86' lang='lat' dir='ltr'><strong>atque</strong></span> <span class='ocrx_word' id='word_1_259' title='bbox 1138 3101 1181 3167; x_wconf 90' lang='lat' dir='ltr'><strong>ad</strong></span> <span class='ocrx_word' id='word_1_260' title='bbox 1204 3111 1384 3169; x_wconf 85' lang='lat' dir='ltr'><strong>extremum</strong></span> <span class='ocrx_word' id='word_1_261' title='bbox 1406 3113 1534 3170; x_wconf 83' lang='lat' dir='ltr'><strong>nostros</strong></span> <span class='ocrx_word' id='word_1_262' title='bbox 1558 3127 1670 3171; x_wconf 91' lang='lat' dir='ltr'><strong>omnes</strong></span> <span class='ocrx_word' id='word_1_263' title='bbox 1691 3106 1776 3170; x_wconf 89' lang='lat' dir='ltr'><strong>iura·</strong></span> 
     </span>
     <span class='ocr_line' id='line_1_28' title="bbox 348 3202 1777 3289; baseline 0 -20"><span class='ocrx_word' id='word_1_264' title='bbox 348 3215 455 3270; x_wconf 89' lang='lat' dir='ltr'><strong>mento</strong></span> <span class='ocrx_word' id='word_1_265' title='bbox 484 3206 582 3270; x_wconf 86' lang='lat' dir='ltr'><strong>etiam</strong></span> <span class='ocrx_word' id='word_1_266' title='bbox 608 3204 650 3269; x_wconf 89' lang='lat' dir='ltr'><strong>ad</strong></span> <span class='ocrx_word' id='word_1_267' title='bbox 678 3205 760 3271; x_wconf 89' lang='lat' dir='ltr'><strong>haec</strong></span> <span class='ocrx_word' id='word_1_268' title='bbox 781 3203 921 3289; x_wconf 88' lang='lat' dir='ltr'><strong>obligari</strong></span> <span class='ocrx_word' id='word_1_269' title='bbox 941 3202 1028 3268; x_wconf 89' lang='lat' dir='ltr'><strong>ultra</strong></span> <span class='ocrx_word' id='word_1_270' title='bbox 1049 3224 1154 3267; x_wconf 87' lang='lat' dir='ltr'><strong>novae</strong></span> <span class='ocrx_word' id='word_1_271' title='bbox 1175 3224 1360 3288; x_wconf 85' lang='lat' dir='ltr'><strong>sexagenas</strong></span> <span class='ocrx_word' id='word_1_272' title='bbox 1380 3203 1555 3288; x_wconf 86' lang='lat' dir='ltr'><strong>mulctam,</strong></span> <span class='ocrx_word' id='word_1_273' title='bbox 1582 3205 1624 3270; x_wconf 91' lang='lat' dir='ltr'><strong>ab</strong></span> <span class='ocrx_word' id='word_1_274' title='bbox 1648 3215 1777 3271; x_wconf 86' lang='lat' dir='ltr'><strong>contra-</strong></span> 
     </span>
     <span class='ocr_line' id='line_1_29' title="bbox 347 3302 1575 3388; baseline 0 -19"><span class='ocrx_word' id='word_1_275' title='bbox 347 3303 540 3371; x_wconf 81' lang='lat' dir='ltr'><strong>facientibus</strong></span> <span class='ocrx_word' id='word_1_276' title='bbox 563 3307 646 3369; x_wconf 88' lang='lat' dir='ltr'><strong>citra</strong></span> <span class='ocrx_word' id='word_1_277' title='bbox 667 3327 794 3370; x_wconf 88' lang='lat' dir='ltr'><strong>omnem</strong></span> <span class='ocrx_word' id='word_1_278' title='bbox 816 3302 1086 3368; x_wconf 86' lang='lat' dir='ltr'><strong>condonationem</strong></span> <span class='ocrx_word' id='word_1_279' title='bbox 1106 3302 1375 3388; x_wconf 82' lang='lat' dir='ltr'><strong>extorquendam.</strong></span> <span class='ocrx_word' id='word_1_280' title='bbox 1416 3303 1494 3368; x_wconf 89' lang='lat' dir='ltr'><strong>Dat.</strong></span> <span class='ocrx_word' id='word_1_281' title='bbox 1515 3313 1575 3369; x_wconf 86' lang='lat' dir='ltr'><strong>etc.</strong></span> 
     </span>
    </p>
   </div>
   <div class='ocr_carea' id='block_1_6' title="bbox 304 3589 1778 4459">
    <p class='ocr_par' dir='ltr' id='par_1_8' title="bbox 304 3589 1778 4459">
     <span class='ocr_line' id='line_1_30' title="bbox 429 3589 1778 3665; baseline -0.001 -16"><span class='ocrx_word' id='word_1_282' title='bbox 429 3590 587 3649; x_wconf 76' lang='lat' dir='ltr'><strong>Hicrnaclt</strong></span> <span class='ocrx_word' id='word_1_283' title='bbox 607 3591 678 3649; x_wconf 82' lang='lat' dir='ltr'><strong>sind</strong></span> <span class='ocrx_word' id='word_1_284' title='bbox 699 3592 718 3655; x_wconf 84' lang='lat'><strong>3</strong></span> <span class='ocrx_word' id='word_1_285' title='bbox 739 3592 862 3649; x_wconf 77' lang='lat' dir='ltr'><strong>Bldtter</strong></span> <span class='ocrx_word' id='word_1_286' title='bbox 886 3589 1141 3665; x_wconf 70' lang='lat' dir='ltr'><strong>aasyesclmittea,</strong></span> <span class='ocrx_word' id='word_1_287' title='bbox 1164 3593 1289 3662; x_wconf 81' lang='lat' dir='ltr'><strong>woraas</strong></span> <span class='ocrx_word' id='word_1_288' title='bbox 1306 3607 1355 3646; x_wconf 88' lang='lat' dir='ltr'><strong>am</strong></span> <span class='ocrx_word' id='word_1_289' title='bbox 1375 3596 1486 3647; x_wconf 80' lang='lat' dir='ltr'><strong>antara</strong></span> <span class='ocrx_word' id='word_1_290' title='bbox 1506 3590 1617 3648; x_wconf 78' lang='lat' dir='ltr'><strong>Raude</strong></span> <span class='ocrx_word' id='word_1_291' title='bbox 1636 3609 1697 3648; x_wconf 78' lang='lat' dir='ltr'><strong>von</strong></span> <span class='ocrx_word' id='word_1_292' title='bbox 1718 3590 1778 3654; x_wconf 84' lang='lat'>58¹²</span> 
     </span>
     <span class='ocr_line' id='line_1_31' title="bbox 304 3682 1777 3772; baseline 0 -22"><span class='ocrx_word' id='word_1_293' title='bbox 304 3689 400 3750; x_wconf 69' lang='lat' dir='ltr'><strong>uomit</strong></span> <span class='ocrx_word' id='word_1_294' title='bbox 421 3692 478 3748; x_wconf 81' lang='lat' dir='ltr'><strong>den</strong></span> <span class='ocrx_word' id='word_1_295' title='bbox 507 3689 627 3748; x_wconf 80' lang='lat' dir='ltr'><strong>Worteu</strong></span> <span class='ocrx_word' id='word_1_296' title='bbox 646 3689 848 3764; x_wconf 74' lang='lat' dir='ltr'><strong>aufmerksam</strong></span> <span class='ocrx_word' id='word_1_297' title='bbox 868 3690 1003 3765; x_wconf 65' lang='lat' dir='ltr'><strong>gemacht</strong></span> <span class='ocrx_word' id='word_1_298' title='bbox 1024 3689 1118 3747; x_wconf 83' lang='lat' dir='ltr'><strong>wird:</strong></span> <span class='ocrx_word' id='word_1_299' title='bbox 1152 3683 1367 3772; x_wconf 71' lang='lat' dir='ltr'><strong>sequentibus</strong></span> <span class='ocrx_word' id='word_1_300' title='bbox 1398 3682 1486 3749; x_wconf 83' lang='lat' dir='ltr'><strong>foliis</strong></span> <span class='ocrx_word' id='word_1_301' title='bbox 1517 3684 1680 3771; x_wconf 80' lang='lat' dir='ltr'><strong>quaedam</strong></span> <span class='ocrx_word' id='word_1_302' title='bbox 1710 3686 1777 3750; x_wconf 81' lang='lat' dir='ltr'><strong>fue·</strong></span> 
     </span>
     <span class='ocr_line' id='line_1_32' title="bbox 345 3781 1776 3870; baseline 0.001 -22"><span class='ocrx_word' id='word_1_303' title='bbox 345 3793 420 3848; x_wconf 89' lang='lat' dir='ltr'><strong>runt</strong></span> <span class='ocrx_word' id='word_1_304' title='bbox 447 3791 577 3864; x_wconf 85' lang='lat' dir='ltr'><strong>notata,</strong></span> <span class='ocrx_word' id='word_1_305' title='bbox 603 3805 686 3868; x_wconf 88' lang='lat' dir='ltr'><strong>quae</strong></span> <span class='ocrx_word' id='word_1_306' title='bbox 711 3783 792 3848; x_wconf 90' lang='lat' dir='ltr'><strong>nibil</strong></span> <span class='ocrx_word' id='word_1_307' title='bbox 819 3782 863 3848; x_wconf 82' lang='lat' dir='ltr'><strong>sd</strong></span> <span class='ocrx_word' id='word_1_308' title='bbox 888 3785 1138 3850; x_wconf 90' lang='lat' dir='ltr'><strong>universitatem</strong></span> <span class='ocrx_word' id='word_1_309' title='bbox 1169 3781 1393 3870; x_wconf 87' lang='lat' dir='ltr'><strong>pertinebant,</strong></span> <span class='ocrx_word' id='word_1_310' title='bbox 1423 3782 1465 3848; x_wconf 91' lang='lat' dir='ltr'><strong>ob</strong></span> <span class='ocrx_word' id='word_1_311' title='bbox 1490 3781 1526 3848; x_wconf 88' lang='lat' dir='ltr'><strong>id</strong></span> <span class='ocrx_word' id='word_1_312' title='bbox 1554 3781 1664 3848; x_wconf 81' lang='lat' dir='ltr'><strong>deleta</strong></span> <span class='ocrx_word' id='word_1_313' title='bbox 1694 3793 1776 3850; x_wconf 85' lang='lat' dir='ltr'><strong>sunt</strong></span> 
     </span>
     <span class='ocr_line' id='line_1_33' title="bbox 345 3881 1777 3970; baseline 0.002 -26"><span class='ocrx_word' id='word_1_314' title='bbox 345 3888 440 3945; x_wconf 80' lang='lat' dir='ltr'><strong>Dana</strong></span> <span class='ocrx_word' id='word_1_315' title='bbox 454 3889 538 3963; x_wconf 75' lang='lat' dir='ltr'><strong>solqt</strong></span> <span class='ocrx_word' id='word_1_316' title='bbox 557 3888 607 3944; x_wconf 87' lang='lat' dir='ltr'><strong>Bl.</strong></span> <span class='ocrx_word' id='word_1_317' title='bbox 627 3888 758 3949; x_wconf 77' lang='lat'>59-61</span> <span class='ocrx_word' id='word_1_318' title='bbox 783 3887 830 3944; x_wconf 84' lang='lat' dir='ltr'><strong>dia</strong></span> <span class='ocrx_word' id='word_1_319' title='bbox 852 3887 1074 3964; x_wconf 77' lang='lat' dir='ltr'><strong>Beselrreibuap</strong></span> <span class='ocrx_word' id='word_1_320' title='bbox 1100 3887 1180 3946; x_wconf 82' lang='lat' dir='ltr'><strong>einer</strong></span> <span class='ocrx_word' id='word_1_321' title='bbox 1201 3881 1378 3970; x_wconf 89' lang='lat' dir='ltr'><strong>prandium</strong></span> <span class='ocrx_word' id='word_1_322' title='bbox 1399 3881 1477 3965; x_wconf 83' lang='lat' dir='ltr'><strong>loci,</strong></span> <span class='ocrx_word' id='word_1_323' title='bbox 1503 3888 1611 3946; x_wconf 72' lang='lat' dir='ltr'><strong>welche</strong></span> <span class='ocrx_word' id='word_1_324' title='bbox 1641 3888 1706 3961; x_wconf 73' lang='lat' dir='ltr'><strong>icis,</strong></span> <span class='ocrx_word' id='word_1_325' title='bbox 1731 3889 1777 3947; x_wconf 85' lang='lat' dir='ltr'><strong>ol-</strong></span> 
     </span>
     <span class='ocr_line' id='line_1_34' title="bbox 346 3985 1775 4064; baseline 0.002 -22"><span class='ocrx_word' id='word_1_326' title='bbox 346 3987 423 4044; x_wconf 73' lang='lat' dir='ltr'><strong>wohl</strong></span> <span class='ocrx_word' id='word_1_327' title='bbox 448 3986 490 4044; x_wconf 80' lang='lat' dir='ltr'><strong>sie</strong></span> <span class='ocrx_word' id='word_1_328' title='bbox 516 3986 548 4043; x_wconf 83' lang='lat' dir='ltr'><strong>in</strong></span> <span class='ocrx_word' id='word_1_329' title='bbox 573 3987 631 4044; x_wconf 81' lang='lat' dir='ltr'><strong>dea</strong></span> <span class='ocrx_word' id='word_1_330' title='bbox 653 3986 778 4062; x_wconf 76' lang='lat' dir='ltr'><strong>Anfaap</strong></span> <span class='ocrx_word' id='word_1_331' title='bbox 798 3987 849 4044; x_wconf 83' lang='lat' dir='ltr'><strong>das</strong></span> <span class='ocrx_word' id='word_1_332' title='bbox 875 3988 920 4048; x_wconf 84' lang='lat'><strong>17.</strong></span> <span class='ocrx_word' id='word_1_333' title='bbox 941 3987 991 4045; x_wconf 78' lang='lat' dir='ltr'><strong>Ja.</strong></span> <span class='ocrx_word' id='word_1_334' title='bbox 1003 3988 1096 4060; x_wconf 75' lang='lat' dir='ltr'><strong>fulls,</strong></span> <span class='ocrx_word' id='word_1_335' title='bbox 1125 3987 1207 4045; x_wconf 74' lang='lat' dir='ltr'><strong>nicht</strong></span> <span class='ocrx_word' id='word_1_336' title='bbox 1229 3987 1387 4064; x_wconf 65' lang='lat' dir='ltr'><strong>coapata,</strong></span> <span class='ocrx_word' id='word_1_337' title='bbox 1414 3988 1456 4044; x_wconf 80' lang='lat' dir='ltr'><strong>da</strong></span> <span class='ocrx_word' id='word_1_338' title='bbox 1480 3985 1524 4043; x_wconf 83' lang='lat' dir='ltr'><strong>sia</strong></span> <span class='ocrx_word' id='word_1_339' title='bbox 1550 3985 1614 4046; x_wconf 80' lang='lat' dir='ltr'><strong>siclt</strong></span> <span class='ocrx_word' id='word_1_340' title='bbox 1635 3993 1700 4062; x_wconf 81' lang='lat' dir='ltr'><strong>auf</strong></span> <span class='ocrx_word' id='word_1_341' title='bbox 1716 3989 1775 4046; x_wconf 81' lang='lat' dir='ltr'><strong>uita</strong></span> 
     </span>
     <span class='ocr_line' id='line_1_35' title="bbox 355 4085 1776 4162; baseline 0.003 -20"><span class='ocrx_word' id='word_1_342' title='bbox 355 4085 561 4160; x_wconf 76' lang='lat' dir='ltr'><strong>Vorselm&#39;flen</strong></span> <span class='ocrx_word' id='word_1_343' title='bbox 583 4085 692 4158; x_wconf 77' lang='lat' dir='ltr'><strong>derasi,</strong></span> <span class='ocrx_word' id='word_1_344' title='bbox 714 4085 769 4157; x_wconf 82' lang='lat' dir='ltr'><strong>die,</strong></span> <span class='ocrx_word' id='word_1_345' title='bbox 790 4085 845 4144; x_wconf 82' lang='lat' dir='ltr'><strong>wic</strong></span> <span class='ocrx_word' id='word_1_346' title='bbox 861 4085 908 4144; x_wconf 82' lang='lat' dir='ltr'><strong>dis</strong></span> <span class='ocrx_word' id='word_1_347' title='bbox 928 4105 992 4144; x_wconf 77' lang='lat' dir='ltr'><strong>sam</strong></span> <span class='ocrx_word' id='word_1_348' title='bbox 1003 4086 1125 4144; x_wconf 73' lang='lat' dir='ltr'><strong>Sallues</strong></span> <span class='ocrx_word' id='word_1_349' title='bbox 1142 4086 1342 4162; x_wconf 66' lang='lat' dir='ltr'><strong>anpqttlbrtaa</strong></span> <span class='ocrx_word' id='word_1_350' title='bbox 1355 4087 1474 4144; x_wconf 76' lang='lat' dir='ltr'><strong>Numan</strong></span> <span class='ocrx_word' id='word_1_351' title='bbox 1493 4085 1644 4158; x_wconf 59' lang='lat' dir='ltr'><strong>madert,</strong></span> <span class='ocrx_word' id='word_1_352' title='bbox 1666 4087 1700 4144; x_wconf 81' lang='lat' dir='ltr'><strong>ia</strong></span> <span class='ocrx_word' id='word_1_353' title='bbox 1720 4089 1776 4146; x_wconf 76' lang='lat' dir='ltr'><strong>deu</strong></span> 
     </span>
     <span class='ocr_line' id='line_1_36' title="bbox 307 4183 1776 4263; baseline 0.001 -19"><span class='ocrx_word' id='word_1_354' title='bbox 307 4184 477 4261; x_wconf 58' lang='lat' dir='ltr'><strong>&amp;talasano</strong></span> <span class='ocrx_word' id='word_1_355' title='bbox 491 4187 541 4242; x_wconf 84' lang='lat' dir='ltr'><strong>des</strong></span> <span class='ocrx_word' id='word_1_356' title='bbox 562 4188 608 4248; x_wconf 84' lang='grc'><strong>16.</strong></span> <span class='ocrx_word' id='word_1_357' title='bbox 630 4185 680 4243; x_wconf 76' lang='lat' dir='ltr'><strong>Jl.</strong></span> <span class='ocrx_word' id='word_1_358' title='bbox 701 4185 912 4261; x_wconf 73' lang='lat' dir='ltr'><strong>aurticlcpelsen.</strong></span> <span class='ocrx_word' id='word_1_359' title='bbox 942 4185 1011 4244; x_wconf 84' lang='lat' dir='ltr'><strong>Was</strong></span> <span class='ocrx_word' id='word_1_360' title='bbox 1032 4193 1122 4243; x_wconf 80' lang='lat' dir='ltr'><strong>antea</strong></span> <span class='ocrx_word' id='word_1_361' title='bbox 1139 4187 1207 4263; x_wconf 82' lang='lat'><strong>139,</strong></span> <span class='ocrx_word' id='word_1_362' title='bbox 1229 4185 1268 4249; x_wconf 84' lang='lat'><strong>33</strong></span> <span class='ocrx_word' id='word_1_363' title='bbox 1286 4183 1329 4242; x_wconf 72' lang='lat' dir='ltr'><strong>tis</strong></span> <span class='ocrx_word' id='word_1_364' title='bbox 1348 4184 1415 4262; x_wconf 81' lang='lat'><strong>140,</strong></span> <span class='ocrx_word' id='word_1_365' title='bbox 1430 4183 1449 4244; x_wconf 89' lang='grc'>9</span> <span class='ocrx_word' id='word_1_366' title='bbox 1462 4185 1554 4260; x_wconf 71' lang='lat' dir='ltr'><strong>solpt,</strong></span> <span class='ocrx_word' id='word_1_367' title='bbox 1574 4185 1658 4244; x_wconf 73' lang='lat' dir='ltr'><strong>butte</strong></span> <span class='ocrx_word' id='word_1_368' title='bbox 1670 4185 1776 4246; x_wconf 69' lang='lat' dir='ltr'><strong>bertila</strong></span> 
     </span>
     <span class='ocr_line' id='line_1_37' title="bbox 353 4281 1778 4364; baseline 0.003 -23"><span class='ocrx_word' id='word_1_369' title='bbox 353 4281 474 4358; x_wconf 80' lang='lat' dir='ltr'><strong>Guspar</strong></span> <span class='ocrx_word' id='word_1_370' title='bbox 492 4284 659 4342; x_wconf 77' lang='lat' dir='ltr'><strong>Landsidel</strong></span> <span class='ocrx_word' id='word_1_371' title='bbox 678 4283 804 4358; x_wconf 69' lang='lat' dir='ltr'><strong>(1551b)</strong></span> <span class='ocrx_word' id='word_1_372' title='bbox 825 4304 880 4342; x_wconf 83' lang='lat' dir='ltr'><strong>vor</strong></span> <span class='ocrx_word' id='word_1_373' title='bbox 899 4285 961 4344; x_wconf 79' lang='lat' dir='ltr'><strong>siclt</strong></span> <span class='ocrx_word' id='word_1_374' title='bbox 983 4287 1047 4342; x_wconf 79' lang='lat' dir='ltr'><strong>aad</strong></span> <span class='ocrx_word' id='word_1_375' title='bbox 1067 4283 1181 4342; x_wconf 76' lang='lat' dir='ltr'><strong>subrisi</strong></span> <span class='ocrx_word' id='word_1_376' title='bbox 1203 4304 1242 4356; x_wconf 84' lang='lat' dir='ltr'><strong>es,</strong></span> <span class='ocrx_word' id='word_1_377' title='bbox 1269 4285 1326 4341; x_wconf 84' lang='lat' dir='ltr'><strong>dos</strong></span> <span class='ocrx_word' id='word_1_378' title='bbox 1347 4283 1454 4341; x_wconf 75' lang='lat' dir='ltr'><strong>Melcte</strong></span> <span class='ocrx_word' id='word_1_379' title='bbox 1480 4283 1626 4358; x_wconf 67' lang='lat' dir='ltr'><strong>wortlirh,</strong></span> <span class='ocrx_word' id='word_1_380' title='bbox 1655 4285 1778 4364; x_wconf 73' lang='lat' dir='ltr'><strong>Eiuipas</strong></span> 
     </span>
     <span class='ocr_line' id='line_1_38' title="bbox 349 4377 1692 4459; baseline 0.004 -19"><span class='ocrx_word' id='word_1_381' title='bbox 349 4383 571 4459; x_wconf 72' lang='lat' dir='ltr'><strong>cusmqsweise,</strong></span> <span class='ocrx_word' id='word_1_382' title='bbox 591 4388 653 4458; x_wconf 80' lang='lat' dir='ltr'><strong>aas</strong></span> <span class='ocrx_word' id='word_1_383' title='bbox 669 4385 726 4442; x_wconf 79' lang='lat' dir='ltr'><strong>dea</strong></span> <span class='ocrx_word' id='word_1_384' title='bbox 748 4383 857 4442; x_wconf 75' lang='lat' dir='ltr'><strong>ionem</strong></span> <span class='ocrx_word' id='word_1_385' title='bbox 876 4385 988 4444; x_wconf 81' lang='lat' dir='ltr'><strong>Deckel</strong></span> <span class='ocrx_word' id='word_1_386' title='bbox 1008 4387 1059 4442; x_wconf 81' lang='lat' dir='ltr'><strong>des</strong></span> <span class='ocrx_word' id='word_1_387' title='bbox 1081 4378 1225 4444; x_wconf 88' lang='lat' dir='ltr'><strong>LiberL</strong></span> <span class='ocrx_word' id='word_1_388' title='bbox 1247 4384 1303 4441; x_wconf 80' lang='lat' dir='ltr'><strong>der</strong></span> <span class='ocrx_word' id='word_1_389' title='bbox 1321 4377 1407 4444; x_wconf 86' lang='lat' dir='ltr'><strong>Acta</strong></span> <span class='ocrx_word' id='word_1_390' title='bbox 1424 4377 1609 4448; x_wconf 82' lang='lat' dir='ltr'><strong>Raetorum.</strong></span> <span class='ocrx_word' id='word_1_391' title='bbox 1684 4409 1692 4416; x_wconf 89' lang='lat'><strong>·</strong></span> 
     </span>
    </p>
   </div>
   <div class='ocr_carea' id='block_1_7' title="bbox 779 4527 1337 4618">
    <p class='ocr_par' dir='ltr' id='par_1_9' title="bbox 779 4527 1337 4618">
     <span class='ocr_line' id='line_1_39' title="bbox 779 4527 1337 4618; baseline -0.005 -23"><span class='ocrx_word' id='word_1_392' title='bbox 779 4533 845 4595; x_wconf 81' lang='lat'>118.</span> <span class='ocrx_word' id='word_1_393' title='bbox 868 4527 1222 4618; x_wconf 72' lang='lat' dir='ltr'><strong>[Bl59⁵]raano1usr</strong></span> <span class='ocrx_word' id='word_1_394' title='bbox 1245 4545 1337 4594; x_wconf 80' lang='lat' dir='ltr'><strong>noca</strong></span> 
     </span>
    </p>
   </div>
   <div class='ocr_carea' id='block_1_8' title="bbox 305 4641 1779 5130">
    <p class='ocr_par' dir='ltr' id='par_1_10' title="bbox 305 4641 1779 5130">
     <span class='ocr_line' id='line_1_40' title="bbox 428 4641 1774 4730; baseline 0.004 -22"><span class='ocrx_word' id='word_1_395' title='bbox 428 4641 525 4708; x_wconf 87' lang='lat' dir='ltr'><strong>Anno</strong></span> <span class='ocrx_word' id='word_1_396' title='bbox 548 4643 670 4710; x_wconf 80' lang='lat' dir='ltr'><strong>Christi</strong></span> <span class='ocrx_word' id='word_1_397' title='bbox 691 4643 853 4711; x_wconf 84' lang='lat' dir='ltr'><strong>MDCVIl</strong></span> <span class='ocrx_word' id='word_1_398' title='bbox 880 4644 1068 4709; x_wconf 87' lang='lat' dir='ltr'><strong>academiae</strong></span> <span class='ocrx_word' id='word_1_399' title='bbox 1090 4645 1261 4730; x_wconf 89' lang='lat' dir='ltr'><strong>Lipsensis</strong></span> <span class='ocrx_word' id='word_1_400' title='bbox 1289 4654 1416 4710; x_wconf 88' lang='lat' dir='ltr'><strong>rectore</strong></span> <span class='ocrx_word' id='word_1_401' title='bbox 1440 4643 1575 4712; x_wconf 80' lang='lat' dir='ltr'><strong>Andros</strong></span> <span class='ocrx_word' id='word_1_402' title='bbox 1600 4645 1774 4714; x_wconf 87' lang='lat' dir='ltr'><strong>Emmeuio</strong></span> 
     </span>
     <span class='ocr_line' id='line_1_41' title="bbox 305 4742 1776 4829; baseline 0.001 -20"><span class='ocrx_word' id='word_1_403' title='bbox 305 4742 478 4809; x_wconf 80' lang='lat' dir='ltr'><strong>tOBudiss.</strong></span> <span class='ocrx_word' id='word_1_404' title='bbox 500 4743 585 4808; x_wconf 89' lang='lat' dir='ltr'><strong>med.</strong></span> <span class='ocrx_word' id='word_1_405' title='bbox 605 4742 647 4808; x_wconf 93' lang='lat' dir='ltr'><strong>D.</strong></span> <span class='ocrx_word' id='word_1_406' title='bbox 663 4743 716 4808; x_wconf 90' lang='lat' dir='ltr'><strong>die</strong></span> <span class='ocrx_word' id='word_1_407' title='bbox 737 4743 847 4810; x_wconf 82' lang='lat' dir='ltr'>XXII.</span> <span class='ocrx_word' id='word_1_408' title='bbox 868 4743 977 4826; x_wconf 77' lang='lat' dir='ltr'><strong>Febr,</strong></span> <span class='ocrx_word' id='word_1_409' title='bbox 1000 4765 1083 4828; x_wconf 90' lang='lat' dir='ltr'><strong>quae</strong></span> <span class='ocrx_word' id='word_1_410' title='bbox 1104 4751 1176 4807; x_wconf 83' lang='lat' dir='ltr'><strong>erat</strong></span> <span class='ocrx_word' id='word_1_411' title='bbox 1197 4743 1360 4810; x_wconf 90' lang='lat' dir='ltr'><strong>dominica</strong></span> <span class='ocrx_word' id='word_1_412' title='bbox 1382 4745 1563 4829; x_wconf 86' lang='lat' dir='ltr'><strong>Invocavit,</strong></span> <span class='ocrx_word' id='word_1_413' title='bbox 1584 4745 1722 4813; x_wconf 86' lang='lat' dir='ltr'><strong>illustris</strong></span> <span class='ocrx_word' id='word_1_414' title='bbox 1742 4759 1776 4812; x_wconf 86' lang='lat' dir='ltr'><strong>et</strong></span> 
     </span>
     <span class='ocr_line' id='line_1_42' title="bbox 346 4841 1779 4933; baseline 0.002 -25"><span class='ocrx_word' id='word_1_415' title='bbox 346 4864 523 4929; x_wconf 89' lang='lat' dir='ltr'><strong>generosus</strong></span> <span class='ocrx_word' id='word_1_416' title='bbox 550 4844 703 4930; x_wconf 91' lang='lat' dir='ltr'><strong>princeps</strong></span> <span class='ocrx_word' id='word_1_417' title='bbox 732 4866 771 4908; x_wconf 94' lang='lat' dir='ltr'><strong>ac</strong></span> <span class='ocrx_word' id='word_1_418' title='bbox 800 4843 960 4925; x_wconf 89' lang='lat' dir='ltr'><strong>dominus,</strong></span> <span class='ocrx_word' id='word_1_419' title='bbox 988 4841 1041 4906; x_wconf 92' lang='lat' dir='ltr'><strong>dn.</strong></span> <span class='ocrx_word' id='word_1_420' title='bbox 1064 4841 1252 4906; x_wconf 86' lang='lat' dir='ltr'><strong>Theodatus</strong></span> <span class='ocrx_word' id='word_1_421' title='bbox 1281 4842 1525 4928; x_wconf 81' lang='lat' dir='ltr'><strong>Solomirecalri,</strong></span> <span class='ocrx_word' id='word_1_422' title='bbox 1555 4846 1779 4933; x_wconf 86' lang='lat' dir='ltr'><strong>prandium</strong></span> 
     </span>
     <span class='ocr_line' id='line_1_43' title="bbox 347 4939 1779 5033; baseline 0.001 -24"><span class='ocrx_word' id='word_1_423' title='bbox 347 4941 435 5031; x_wconf 87' lang='lat' dir='ltr'><strong>quod</strong></span> <span class='ocrx_word' id='word_1_424' title='bbox 455 4942 535 5008; x_wconf 86' lang='lat' dir='ltr'><strong>loci</strong></span> <span class='ocrx_word' id='word_1_425' title='bbox 557 4965 713 5008; x_wconf 88' lang='lat' dir='ltr'><strong>vocamus</strong></span> <span class='ocrx_word' id='word_1_426' title='bbox 735 4944 898 5008; x_wconf 80' lang='lat' dir='ltr'><strong>instruxit</strong></span> <span class='ocrx_word' id='word_1_427' title='bbox 939 4939 993 5006; x_wconf 87' lang='lat' dir='ltr'><strong>Ad</strong></span> <span class='ocrx_word' id='word_1_428' title='bbox 1022 4940 1110 5026; x_wconf 89' lang='lat' dir='ltr'><strong>quod</strong></span> <span class='ocrx_word' id='word_1_429' title='bbox 1137 4943 1267 5008; x_wconf 89' lang='lat' dir='ltr'><strong>invitati</strong></span> <span class='ocrx_word' id='word_1_430' title='bbox 1288 4944 1420 5010; x_wconf 85' lang='lat' dir='ltr'><strong>fuerunt</strong></span> <span class='ocrx_word' id='word_1_431' title='bbox 1445 4945 1539 5010; x_wconf 86' lang='lat' dir='ltr'><strong>iuxta</strong></span> <span class='ocrx_word' id='word_1_432' title='bbox 1564 4945 1779 5033; x_wconf 87' lang='lat' dir='ltr'><strong>praescri-</strong></span> 
     </span>
     <span class='ocr_line' id='line_1_44' title="bbox 345 5039 814 5130; baseline 0 -22"><span class='ocrx_word' id='word_1_433' title='bbox 345 5053 456 5130; x_wconf 90' lang='lat' dir='ltr'><strong>ptum</strong></span> <span class='ocrx_word' id='word_1_434' title='bbox 477 5043 706 5129; x_wconf 89' lang='lat' dir='ltr'><strong>antiquum:</strong></span> <span class='ocrx_word' id='word_1_435' title='bbox 729 5039 814 5129; x_wconf 64' lang='lat'><strong>[59³]</strong></span> 
     </span>
    </p>
   </div>
   <div class='ocr_carea' id='block_1_9' title="bbox 0 0 1907 6066">
    <p class='ocr_par' dir='ltr' id='par_1_11' title="bbox 0 0 1907 6066">
     <span class='ocr_line' id='line_1_45' title="bbox 0 0 1907 6066; baseline 0 0"><span class='ocrx_word' id='word_1_436' title='bbox 0 0 1907 6066; x_wconf 95' lang='lat' dir='ltr'><strong> </strong></span> 
     </span>
    </p>
   </div>
  </div>
 </body>
</html>
