3762 6074
517 487 611 546 runos
626 489 891 556 saturenrsdrctton,
907 509 967 544 rom
981 479 1066 546 «lubre
1084 487 1155 548 15⁰7.
1490 489 1550 562 509

123 675 225 742 lector
258 677 390 742 omnino
420 685 619 761 surrogetur,
651 677 706 762 qui
737 677 906 762 promittat
937 677 1060 744 decano
1091 685 1124 740 et
1155 675 1222 740 suis
1254 675 1482 742 executoribus
1508 675 1549 740 ds
1644 703 1646 712 ’

125 777 243 841 maiori
274 774 444 860 diligentia
468 775 637 858 facienda;
668 774 721 840 vel
752 776 861 841 mitius
890 787 1006 864 agatur
1033 788 1066 842 et
1092 774 1281 858 inducatur,
1311 777 1407 841 utin
1435 797 1550 842 manus

127 874 244 940 decani
258 877 349 961 prius
366 877 511 961 resignet
531 883 563 939 et
584 873 700 940 deinde
723 897 801 940 mox
821 874 904 942 elius
925 876 1027 943 lector
1048 876 1196 961 eligatur.
1225 875 1311 940 Nam
1328 877 1364 938 in
1383 875 1434 940 bis
1454 874 1551 940 rebus

124 977 242 1040 nociva
261 983 311 1038 est
330 997 441 1056 mora,
464 983 496 1038 et
518 973 653 1061 expedit
676 973 856 1039 studiorum
879 998 994 1041 causas
1018 975 1165 1040 celeriter
1187 975 1315 1059 agitari
1356 975 1435 1039 Pari
1455 973 1551 1040 modo

125 1073 296 1140 observari
327 1072 424 1138 debet
454 1095 517 1158 quo
548 1072 592 1137 ad
625 1072 828 1158 diligentiam
860 1077 1091 1160 magistrorum
1123 1075 1212 1138 circa
1242 1076 1405 1140 exercicia
1437 1073 1593 1160 dispe-5

126 1172 236 1255 tanda,
258 1172 397 1260 denique
419 1195 517 1260 super
541 1173 773 1258 magistrorum
793 1194 872 1239 vera
893 1175 1129 1260 acturegentia,
1148 1195 1189 1236 ne
1209 1171 1302 1238 dolus
1324 1173 1442 1260 aliquis
1464 1195 1552 1238 com·

126 1275 271 1338 mittatur
309 1283 340 1338 et
378 1271 516 1338 facultas
551 1271 742 1358 decipiatur.
808 1273 844 1337 Si
877 1285 984 1339 autem
1022 1273 1161 1360 aliquem
1193 1271 1350 1339 lectorum
1380 1295 1422 1338 ex
1454 1295 1553 1338 causa

128 1370 317 1438 rationabili
349 1371 394 1437 ad
425 1371 558 1459 aliquod
587 1369 767 1436 tollerabile
804 1383 932 1458 tempus
973 1371 1140 1440 ambulare
1172 1371 1223 1435 vel
1256 1375 1436 1458 aegrotari,
1466 1373 1553 1458 quod

128 1470 235 1554 absit,
265 1471 458 1558 contigerit,
483 1481 560 1536 tuuc
589 1469 682 1554 talis,
710 1492 750 1534 ne
780 1471 920 1536 studium
951 1483 983 1538 et
1013 1473 1108 1538 lectio
1136 1480 1231 1536 vacet
1261 1472 1295 1536 in
1324 1495 1418 1538 suum
1447 1472 1554 1538 locum

128 1570 229 1636 alium
257 1571 451 1656 magistrum
478 1569 645 1653 idoneum,
675 1569 716 1634 de
746 1593 906 1636 consensu
938 1583 1044 1636 tamen
1074 1571 1190 1636 decani
1219 1580 1251 1636 et
1278 1593 1408 1636 suorum
1438 1593 1553 1637 execu·
1564 1581 1596 1638 10

126 1681 243 1750 torum,
265 1669 462 1736 substituere
483 1671 619 1756 poterit3
652 1671 779 1734 sivero
811 1692 903 1736 secus
922 1672 1043 1736 facturn
1073 1671 1190 1752 fuerit,
1223 1669 1388 1753 electores,
1421 1670 1464 1736 ad
1491 1669 1553 1736 boc

124 1770 269 1836 officium
307 1765 394 1856 [43¹2]
430 1768 580 1856 deputati
616 1778 647 1834 et
687 1791 745 1855 per
781 1768 941 1836 decanum
976 1793 1016 1836 ac
1054 1793 1130 1835 suos
1167 1780 1356 1834 executores
1393 1771 1551 1858 requisiti,

126 1870 229 1936 alium
249 1868 402 1934 lectorem
424 1870 458 1932 in
481 1870 550 1933 eius
571 1867 694 1944 locum,
715 1890 756 1932 ne
777 1867 941 1934 auditores
961 1868 1177 1956 negligantur,
1199 1868 1319 1954 eligere
1341 1869 1460 1935 debent
1481 1891 1553 1935 esse

126 1969 281 2034 asstricti.
322 1967 514 2050 Praeterea,
538 1969 566 2032 si
594 1969 666 2054 quis
695 1966 852 2032 lectorum
879 1971 1005 2034 ratione
1034 1968 1171 2034 abcuius
1194 1967 1308 2042 officii,
1329 1967 1383 2032 bic
1403 1968 1455 2033 vel
1476 1969 1556 2034 alibi

127 2069 310 2154 assumpti,
332 2088 395 2150 quo
418 2068 525 2131 minus
549 2066 721 2153 diligenter
741 2065 850 2153 legere
871 2069 1010 2155 poterit,
1039 2067 1214 2155 impeditus
1241 2068 1356 2149 fuerit,
1385 2069 1554 2155 resignare
1565 2079 1596 2132 15

127 2191 241 2249 susm,
264 2188 363 2252 quam
384 2165 498 2248 babet,
523 2164 694 2230 lectionem
725 2167 902 2248 tenebitur,
925 2178 957 2231 et
978 2166 1072 2232 alteri
1094 2177 1171 2232 tunc
1192 2168 1410 2232 committatur
1431 2166 1554 2252 lectori,

126 2269 192 2332 nisi
223 2263 318 2352 quasi
343 2264 442 2329 tinem
467 2266 562 2330 istius
581 2265 728 2330 lectionis
751 2267 929 2352 attigisset;
957 2277 1034 2331 tirno
1056 2266 1097 2330 de
1116 2288 1275 2331 consensu
1296 2265 1412 2331 decani
1433 2278 1465 2332 et
1486 2291 1557 2334 suo·

127 2389 200 2431 rum
224 2373 449 2446 executorem,
471 2365 500 2429 si
522 2366 569 2428 eis
583 2363 748 2430 videbitur
762 2364 928 2451 expedire,
950 2364 1051 2431 alium
1072 2366 1264 2450 magistrmu
1284 2365 1443 2431 inlocum
1464 2390 1556 2434 suum

129 2475 237 2552 potest
260 2463 463 2528 substituere.
503 2462 763 2529 Praemissorum
784 2466 926 2530 omnium
948 2487 1047 2529 causa
1069 2473 1127 2546 est,
1149 2465 1226 2551 quia
1245 2463 1375 2530 lectoris
1396 2465 1556 2530 idoneitas

128 2575 160 2629 et
190 2563 332 2652 qualitas
365 2565 454 2628 circa
487 2563 616 2628 modum
650 2563 855 2628 doctrinandi
889 2586 948 2650 per
978 2563 1133 2629 electores
1165 2563 1340 2650 magistros
1374 2564 1599 2650 deputatosbt]

130 2663 320 2750 specialiter
341 2675 486 2750 tempore
508 2660 683 2746 electionis,
706 2665 854 2750 inspecta
875 2662 1119 2751 ponderataque
1140 2664 1208 2728 fuit

311 2903 358 2966 28.
379 2914 426 2962 ns
447 2913 565 2962 nesus
588 2911 780 2962 occssloru
801 2915 1067 2964 ressurssoeuu
1090 2913 1386 2963 occusnsrrmus.

218 3047 256 3110 Si
278 3067 342 3131 qua
363 3044 463 3111 dubia
486 3047 657 3110 occasione
680 3044 922 3131 praedictorum
944 3045 1167 3110 ordinatorum
1194 3047 1228 3110 in
1252 3048 1381 3111 statutis
1403 3049 1562 3133 praemia

134 3150 181 3212 sis
203 3147 412 3227 occurrerint,
436 3167 477 3210 ex
497 3155 574 3210 tunc
597 3145 740 3209 decanus
762 3167 835 3208 cum
868 3146 935 3208 suis
956 3142 1184 3210 executoribus
1207 3154 1256 3227 ct,
1288 3147 1316 3210 ri
1344 3167 1426 3232 opus
1454 3147 1560 3230 firerit,

136 3247 300 3312 adiunctis
322 3247 419 3310 etiam
441 3243 606 3311 facultatis
626 3244 792 3329 magistris
815 3243 1007 3320 senioribus,
1028 3245 1122 3308 iuxta
1143 3265 1254 3308 eorum
1266 3243 1497 3310 discretionem
1519 3255 1600 3312 ea25

134 3348 332 3427 discernere,
355 3345 500 3410 iudicare
523 3353 555 3408 et
573 3344 749 3408 terminare
771 3341 906 3424 debent,
927 3365 968 3407 ne
990 3365 1072 3429 opus
1094 3345 1135 3408 sit
1164 3341 1293 3428 singula
1321 3341 1421 3408 dubia
1449 3344 1491 3410 ad
1513 3353 1558 3409 to·

132 3459 200 3512 tam
225 3444 353 3510 deferre
374 3443 564 3509 facultatem
586 3453 707 3507 etcum
729 3443 859 3528 saepius
881 3443 1070 3529 inquietare.
1111 3440 1147 3506 Si
1177 3453 1285 3508 autem
1312 3441 1390 3506 dicti
1410 3445 1560 3528 magistri

135 3543 336 3611 concordare
356 3547 441 3608 inter
463 3565 498 3608 se
520 3543 652 3607 minime
673 3542 815 3627 poterint
835 3538 886 3604 vel
908 3543 1038 3626 penitus
1061 3539 1263 3623 dissentiunt,
1293 3551 1370 3606 tunc
1391 3542 1435 3609 ad
1456 3544 1559 3608 consi·

135 3645 215 3711 lium
238 3645 336 3710 totius
357 3641 520 3708 facultatis
543 3643 718 3728 negotium,
741 3639 781 3704 de
802 3661 865 3726 quo
885 3639 937 3704 vel
964 3663 1062 3727 super
1085 3663 1148 3727 quo
1171 3639 1391 3724 contenditur,
1419 3644 1561 3708 remitta-

135 3757 188 3811 tur
211 3755 243 3808 et
266 3765 325 3830 per
346 3741 425 3806 illud
447 3741 636 3807 diffiniatur.
677 3739 820 3825 Reputat
842 3748 948 3803 autern
967 3739 1121 3821 facultas,
1148 3738 1205 3804 illa
1232 3740 1301 3805 fore
1330 3738 1431 3806 dubia
1452 3751 1604 3808 occur-30

136 3845 259 3923 rentia,
293 3864 376 3929 quae
409 3841 472 3908 ulio
506 3843 613 3930 aliquo
646 3848 765 3904 statuto
796 3837 960 3904 facultatis
995 3862 1058 3904 uon
1092 3838 1218 3904 sublato
1250 3838 1302 3903 vel
1333 3842 1562 3907 reformatione

136 3944 273 4010 illustris
296 3943 456 4028 principis
478 3965 542 4006 nou
562 3951 636 4006 sunt
657 3937 898 4025 comprehensa.

642 4106 696 4173 Ad
718 4103 847 4171 laudem
870 4104 922 4169 dei
942 4104 1056 4170 Amen.

787 4260 920 4322 .1.5.o.7.

704 4491 1036 4505 ..n—-n-——U-

224 4731 358 4806 Dorcas
373 4749 431 4790 con
448 4731 580 4790 anderer
600 4729 699 4788 Haud
718 4729 756 4788 im
776 4729 874 4788 ,latre
898 4727 975 4792 ¹512
996 4727 1233 4806 auclrpetruqeu:

398 4918 448 4978 29.
472 4926 598 4989 oureus
619 4927 654 4972 rr
676 4926 825 4976 surmus
845 4925 994 4975 scauros
1017 4925 1156 4974 suenus
1179 4928 1315 4977 urcusr.

226 5059 315 5140 Quia
336 5061 369 5124 in
392 5060 475 5126 bene
497 5070 527 5125 et
550 5058 719 5146 praeclare
742 5061 889 5124 instituta
911 5056 1098 5146 republica,
1120 5070 1155 5123 ut
1176 5062 1324 5146 magistri
1348 5059 1561 5148 doctoresque

136 5160 347 5242 auctoritate,
368 5160 458 5244 locis,
478 5158 694 5246 dignitatibus
715 5170 749 5226 et
769 5157 952 5246 insignibus
976 5155 1019 5224 ab
1042 5155 1245 5225 scholasticis
1271 5169 1360 5226 recte
1381 5159 1480 5228 divisi
1501 5161 1565 5232 dis·
