3762 6074
464 500 553 555 Viarte
571 493 836 565 Statntariradactiom
854 511 907 556 ron
927 499 1109 558 1499—1522.

314 689 360 752 to.
383 701 419 749 nr
437 701 564 762 comus
584 703 685 752 noers
703 703 949 754 rsonorrorns
971 705 1064 753 rmm
1087 705 1258 754 Deseror.

172 832 285 898 Placet
306 856 366 920 pro
386 836 501 900 maiori
521 833 689 901 honestate
711 837 1023 923 promovendorum,
1053 836 1140 926 quod
1163 837 1311 924 publicae
1332 840 1511 924 promocio-

99 955 150 996 nes
169 942 234 996 tam
265 932 587 1000 boccalariandorum
616 958 712 1023 quam
740 937 1038 1021 magistrandorum
1067 939 1101 1000 in
1128 937 1332 1022 paedagogio
1355 939 1426 1002 fieri
1448 961 1512 1002 non

99 1030 208 1096 debent
231 1031 290 1096 sed
309 1042 435 1098 tantum
458 1038 491 1099 in
514 1027 658 1119 collegiis
679 1036 772 1100 iuxta
793 1036 978 1102 conclusum
999 1039 1103 1100 tocius
1123 1037 1284 1102 facultatis
1298 1037 1357 1102 sub
1371 1037 1511 1102 secundo

98 1131 253 1196 decanatu
274 1134 421 1218 magistri
443 1133 587 1199 Thomas
608 1132 760 1198 Werneri
781 1137 911 1216 (147911)
934 1134 1176 1200 racionabiliter
1197 1137 1326 1200 factum.
1536 1147 1552 1200 5

498 1383 569 1452 VH.
594 1403 844 1452 csr1ruouu
875 1403 1103 1456 sasamon.

173 1551 338 1616 Statuta
358 1573 496 1616 omnes
524 1552 749 1636 magistros
776 1553 1037 1638 generaliter
1063 1555 1377 1635 concernentia,
1408 1576 1514 1639 quae

232 1649 322 1736 legi
344 1649 495 1716 debent
515 1673 589 1738 per
610 1651 805 1718 decanum
823 1653 864 1717 in
886 1654 1126 1738 receptione
1148 1652 1369 1718 ordinarii.

332 1857 357 1916 1·
390 1867 533 1926 QUANDO
555 1868 673 1916 Danum
696 1868 789 1918 FIERI
809 1869 1034 1916 DISTRIBUTIO
1055 1869 1269 1917 LECTIONUM.

171 1980 327 2045 Decanus
349 1981 486 2047 infesto
509 1983 766 2070 sanctiAegidii
795 1983 892 2048 debet
920 2007 991 2049 esse
1019 1986 1170 2050 astrictus
1196 2005 1376 2050 convocare
1405 2007 1515 2050 omnes
1527 1996 1557 2050 10

92 2083 266 2166 magistros
289 2079 330 2145 dc
350 2081 505 2147 facultate
527 2085 649 2148 arcium
672 2083 715 2148 ad
738 2083 996 2148 distribuendum
1017 2084 1117 2148 libros
1147 2107 1244 2170 super
1270 2085 1446 2148 mutatione
1466 2087 1514 2149 fu·

92 2189 162 2245 tura
182 2178 335 2264 hiemali3
355 2179 443 2245 idem
464 2180 520 2247 fiet
539 2183 572 2247 in
596 2183 647 2248 die
671 2181 825 2268 Gregorii
848 2204 945 2268 super
967 2185 1148 2248 mutacione
1172 2183 1329 2248 aestivali.
1372 2183 1415 2248 Et
1439 2194 1515 2249 tunc

92 2278 175 2344 idem
196 2279 342 2344 decanus
365 2278 461 2344 debet
481 2279 590 2367 legere
611 2291 642 2347 et
663 2280 832 2368 publicare
860 2283 970 2346 omnia
996 2293 1027 2347 et
1052 2282 1180 2368 singula
1201 2293 1322 2347 statuta
1340 2284 1515 2368 magistros

93 2380 336 2460 concernencia,
368 2378 428 2443 sub
460 2402 566 2466 poena
596 2383 691 2446 unius
721 2403 904 2467 sexagenac
936 2402 1041 2446 novae
1070 2381 1217 2446 facultati
1244 2381 1513 2447 irremissibiliter

92 2477 337 2563 persolvendae,
357 2500 398 2542 ne
416 2480 565 2565 magistri
587 2479 629 2545 ab
651 2479 884 2545 observacione
912 2479 1096 2544 huiusmodi
1123 2491 1315 2546 statutorum
1344 2491 1555 2566 praetextutt

92 2578 301 2661 ignoranciae
321 2599 356 2642 se
377 2579 491 2662 quovis
508 2577 604 2645 modo
625 2578 758 2644 valeant
779 2601 947 2644 excusare.

516 2749 543 2811 2.
565 2763 612 2810 nn
635 2762 884 2811 comrnnrrorm
906 2763 1046 2810 amaru.

170 2875 296 2944 Volens
318 2876 480 2963 complere
502 2877 668 2943 biennium
690 2879 871 2964 magisterii
893 2879 943 2943 sui
969 2886 1095 2942 tenetur
1123 2899 1181 2964 per
1213 2877 1294 2942 duos
1313 2899 1415 2942 annos
1438 2901 1514 2966 quo—

90 2973 167 3041 libet
189 2975 300 3042 medio
322 2999 406 3040 anno
427 2976 535 3062 legere
557 2977 599 3041 ad
620 2979 725 3041 minus
747 3000 805 3063 per
826 2987 892 3041 tres
914 2999 1040 3040 menses
1062 2976 1187 3061 aliquas
1202 2976 1355 3041 lectiones
1378 2976 1420 3040 ad
1442 3001 1515 3062 gra·

89 3075 165 3140 dum
187 3075 371 3161 magisterii
392 3075 443 3140 vel
464 3075 704 3140 bacoalariatus
728 3077 941 3163 pertinentcs;
972 3085 1004 3140 et
1030 3086 1204 3160 antequam
1226 3075 1406 3140 huiusmodi
1428 3075 1556 3140 bien-20

90 3176 176 3239 nium
201 3173 424 3262 compleverit,
446 3175 500 3240 hic
521 3175 573 3240 vel
596 3173 674 3239 alibi
698 3174 739 3238 ad
762 3173 929 3238 consilium
949 3174 1113 3239 facultatis
1134 3197 1199 3239 non
1221 3173 1419 3238 admittatur.

382 3344 409 3407 3.
432 3359 479 3406 nn
501 3357 687 3406 nae1r1ens
708 3355 905 3405 roarsrms
926 3356 1069 3417 cusano
1089 3357 1135 3404 ar
1157 3357 1224 3405 um.

166 3474 207 3538 ln
228 3472 382 3540 electioni
406 3471 531 3557 decani,
553 3475 587 3538 in
606 3473 819 3538 licenciatura
842 3495 898 3536 seu
921 3471 1203 3537 commendacione
1215 3471 1457 3536 licenciatorum
1478 3473 1512 3536 in

86 3572 232 3658 artibus,
260 3574 296 3638 in
328 3571 550 3660 disputacione
578 3573 761 3656 ordinaria,
788 3573 822 3636 in
842 3568 1067 3660 extraor[tll’]
1076 3572 1212 3636 dinariis
1239 3569 1513 3657 disputationibus

84 3673 332 3760 magistrorum,
355 3673 389 3736 in
410 3674 600 3760 recepoione
622 3671 779 3738 ordinarii
799 3673 833 3736 in
853 3671 1017 3737 habitibus
1039 3673 1188 3757 magistri
1208 3670 1328 3735 debent
1345 3680 1556 3758 apparere.25
1584 3731 1587 3738 .

83 3770 165 3837 Item
186 3771 299 3838 nullus
322 3773 552 3858 magistrorum
576 3773 646 3838 sine
667 3771 780 3837 habitu
801 3781 833 3836 et
853 3771 960 3835 mitra*
973 3793 1030 3835 seu
1051 3771 1155 3836 bireto
1184 3770 1292 3856 legere
1314 3769 1425 3852 debet,
1455 3795 1516 3836 neo

84 3873 152 3937 sina
176 3869 297 3937 habitu
318 3869 448 3958 publice
469 3869 637 3957 disputare
658 3871 822 3936 ordinarie
844 3869 896 3935 vel
922 3869 1191 3934 extraordinarie.
1233 3869 1301 3935 Sub
1329 3892 1435 3956 poena
1466 3870 1513 3935 di-

84 3971 177 4037 midii
203 3971 323 4038 floreni
344 3969 491 4036 facrdtati
511 3972 635 4035 arcium
659 3968 874 4058 persolvendi.

122 4144 151 4204 4.
177 4153 362 4216 oonnrrne
383 4152 548 4202 namsrar
568 4153 748 4200 urrunnun
771 4151 911 4200 nnnsur
935 4151 971 4199 m
990 4149 1248 4199 msrurarronn
1270 4151 1468 4202 onomann.

165 4268 288 4336 Nullus
311 4269 542 4356 magistrorum
563 4267 672 4356 aliquo
695 4267 758 4334 alio
778 4267 874 4333 modo
895 4276 1053 4354 appareat
1071 4267 1104 4330 in
1119 4266 1338 4356 disputatione
1348 4269 1514 4336 ordinaria
1522 4279 1556 4335 30

86 4371 326 4457 magistrorum
349 4390 370 4432 a
387 4377 534 4456 tempore
555 4367 621 4452 illo,
636 4391 699 4456 quo
722 4367 863 4432 decanus
885 4367 1008 4453 incepit
1028 4388 1175 4452 arguere,
1193 4367 1256 4430 uisi
1275 4369 1309 4431 in
1324 4367 1436 4433 habitu
1449 4392 1514 4434 ma·

78 4467 233 4553 gistreli3
267 4476 299 4533 et
317 4490 383 4533 non
402 4465 482 4533 alibi
502 4489 600 4556 quam
620 4468 654 4531 in
675 4489 805 4532 scamno
827 4465 967 4552 oblongo
997 4466 1228 4552 magistrorum
1261 4465 1387 4551 sedeat,
1423 4468 1514 4533 salvo

79 4577 192 4634 tamen
217 4590 269 4652 eo,
291 4565 379 4655 quod
398 4567 558 4652 magistri,
580 4568 755 4654 praecipue
778 4565 937 4648 iuniores,
964 4587 1029 4629 non
1049 4585 1186 4651 arguere
1207 4564 1259 4630 vel
1280 4569 1381 4632 eciam
1401 4578 1514 4653 postea

78 4689 225 4756 arguere
248 4665 404 4750 volentes,
427 4667 496 4732 sine
514 4665 639 4748 habitu,
663 4665 813 4730 decenter
834 4673 942 4729 tamen
961 4664 1078 4747 vestiti,
1100 4665 1135 4728 in
1157 4687 1289 4732 scamno
1311 4666 1404 4731 brevi
1427 4668 1512 4730 inter

78 4765 163 4834 duas
186 4766 319 4834 lectorii
337 4767 463 4849 ianuas,
486 4763 646 4832 audiendo
668 4766 843 4851 magistros
866 4763 978 4830 sedere
1000 4762 1042 4828 ad
1062 4776 1188 4851 tempus
1210 4769 1358 4852 poterint
1520 4773 1553 4830 35

78 4939 107 5000 5.
137 4948 293 5014 QUANDO
314 4947 507 4999 Dlsrnrans
528 4947 716 4997 onnmanln
738 4947 855 4996 DEBET
877 4945 1029 4996 m'rnnnn
1053 4943 1255 4996 nnoroawu
1276 4948 1320 4995 ΕΤ
1343 4945 1512 4994 nvclrnnn.

163 5067 297 5149 Placet,
319 5063 406 5153 quod
427 5063 598 5152 disputans
620 5061 784 5128 ordinarie
805 5063 902 5128 debet
921 5064 1043 5128 intrare
1072 5062 1107 5126 in
1132 5072 1254 5128 aestate
1285 5065 1372 5127 circa
1397 5061 1510 5126 horam

78 5168 236 5256 quintam
261 5173 293 5231 et
315 5165 349 5230 in
369 5163 475 5230 hieme
496 5165 585 5230 circa
604 5160 720 5228 horam
742 5169 878 5246 sextam,
905 5171 939 5228 et
957 5183 1086 5227 cessare
1105 5163 1139 5225 in
1158 5161 1274 5250 hyeme
1300 5171 1373 5226 ante
1396 5160 1511 5226 horam

1282 5263 1341 5326 29*
