3762 6074
836 483 886 540 Die
905 484 1126 554 philosophisclre
1145 485 1270 540 Faculttlt

522 712 549 770 4.
578 722 624 768 DE
645 721 831 772 mersurus
854 721 1104 771 saxaeauanns
1125 721 1196 783 QUO
1216 722 1263 769 ΔΙ)
1284 721 1595 771 scrumosum

426 838 479 904 De
509 839 731 924 sexagenariis
763 837 886 925 placuit
916 836 1080 920 omnibus,
1108 837 1227 925 quibus
1256 839 1383 902 ratione
1415 839 1532 903 aetatis
1564 833 1668 900 multa
1696 858 1759 900 eve

340 937 433 1002 aiunt
462 935 649 1019 incomoda,
671 937 758 1025 quod
791 936 927 1020 sufficit,
957 959 1013 1001 eos
1043 947 1118 1001 ante
1149 937 1359 1023 infrascripta
1392 938 1476 1002 festa
1508 935 1759 1001 extraordinarie
1859 941 1860 964 ¹

343 1035 529 1122 disputasse
556 1046 612 1100 aut
636 1036 736 1100 semel
758 1037 791 1100 in
814 1034 958 1123 qualibet
990 1037 1167 1100 mutatione
1197 1035 1396 1101 ordinariam
1423 1034 1680 1122 disputationem
1702 1057 1760 1099 ma-

299 1146 315 1200 5
344 1137 520 1222 gistrorum
543 1137 704 1218 visitasse,
724 1139 770 1200 ita
791 1147 909 1216 tamen,
931 1135 1016 1222 quod
1039 1135 1100 1200 hoo
1121 1135 1178 1199 fiat
1199 1146 1273 1200 ante
1294 1135 1382 1200 dicta
1403 1136 1496 1219 festa,
1518 1137 1547 1200 si
1568 1137 1689 1222 poterit
1707 1134 1760 1199 sal·

341 1246 404 1298 tem
426 1235 506 1315 fieri,
531 1257 592 1322 quo
616 1234 659 1300 ad
681 1234 931 1323 disputationem
954 1233 1168 1316 ordinariam,
1190 1234 1242 1299 vel
1264 1235 1413 1300 adminus
1442 1236 1597 1322 proxima
1624 1235 1761 1320 sequenti

342 1333 573 1421 disputatione,
594 1336 628 1398 ni
649 1332 855 1400 rationabilis
877 1356 978 1399 causa
1000 1331 1155 1416 subesset,
1177 1357 1260 1419 quae
1283 1344 1395 1422 posset
1415 1357 1585 1400 excusare.

382 1540 412 1598 5.
439 1550 486 1598 ΒΕ
509 1551 777 1599 ACTUREGENTIA
798 1549 1059 1616 malaraoauu,
1083 1551 1142 1610 QUI
1161 1551 1222 1598 DlU
1245 1551 1414 1599 BIENNIUM
1436 1551 1727 1600 COHPLEVERUNT.

425 1665 552 1750 Placet,
575 1664 663 1754 quod
684 1667 849 1752 magister,
872 1666 926 1753 qui
949 1665 1124 1752 complevit
1146 1689 1239 1731 suum
1262 1665 1427 1730 biennium
1449 1677 1480 1730 et
1501 1690 1566 1732 non
1587 1665 1689 1731 babet
1709 1663 1760 1729 ali-

303 1776 334 1831 10
344 1788 440 1853 quam
462 1764 662 1831 ordinariam
683 1765 853 1831 lectionem
874 1788 934 1852 pro
957 1763 1064 1851 aliquo
1085 1763 1191 1850 gradu
1211 1768 1245 1830 in
1266 1765 1408 1848 artibus,
1436 1767 1691 1852 resumptionem
1711 1787 1761 1852 pu·
1859 1775 1860 1784 ’

343 1864 461 1930 blicam
483 1874 539 1928 aut
560 1864 691 1952 aliquod
720 1867 914 1929 exercicium
944 1874 976 1928 et
996 1863 1076 1928 velit
1102 1886 1173 1929 esse
1201 1877 1413 1950 acturegens,
1434 1863 1532 1929 debet
1561 1865 1759 1930 adminusin
1859 1889 1860 1906 ι

344 1963 490 2050 quelibet
511 1967 689 2030 mutatione
713 1963 812 2029 semel
841 1961 1101 2028 extraordinarie
1128 1974 1202 2028 ante
1230 1964 1345 2028 festum
1367 1964 1522 2030 lobannis
1544 1975 1621 2029 ante
1643 1976 1762 2052 portam
1859 1987 1860 2010 ι

341 2061 477 2127 latinam
499 2061 701 2150 disputasse,
725 2075 756 2128 et
776 2064 837 2129 hoc
858 2065 893 2127 in
914 2072 1052 2146 aestate,
1079 2065 1114 2127 in
1142 2062 1248 2128 hieme
1275 2085 1354 2128 vero
1384 2075 1459 2130 ante
1485 2065 1603 2130 festum
1625 2067 1761 2129 omnium
1859 2067 1860 2126 ᾗ

342 2173 548 2244 sanctorum,
580 2186 653 2228 cum
688 2165 890 2228 intimatione
918 2161 1050 2248 publica
1079 2173 1111 2228 et
1141 2163 1378 2246 insinuatione,
1401 2163 1532 2229 domino
1562 2163 1688 2228 decano
1710 2183 1763 2250 pro
1859 2185 1860 2196 ¹

303 2271 488 2348 tatempore
510 2263 667 2328 existente
687 2262 795 2328 fienda
818 2259 871 2348 (ut
892 2263 940 2326 sic
961 2263 1113 2349 antiquus
1135 2261 1261 2344 modus,
1282 2265 1338 2350 qui
1356 2266 1450 2351 quasi
1465 2265 1499 2328 iu
1514 2261 1765 2328 dissuetudinem
1859 2287 1860 2290 ¹

341 2360 432 2442 abiit,
446 2360 554 2426 valeat
567 2361 675 2426 redire
689 2372 721 2426 et
735 2373 769 2426 ut
782 2359 1056 2426 baccalaureandi
1078 2383 1175 2448 quam
1198 2363 1295 2426 ctiam
1316 2361 1515 2428 baccalaurii
1537 2365 1632 2428 iuxta
1653 2371 1766 2426 statrrta
1859 2369 1860 2400 l

341 2460 506 2525 facultatis
529 2463 647 2526 artium
669 2459 905 2548 disputationes
926 2459 1231 2547 extraordinarias),
1259 2460 1367 2527 debite
1390 2462 1555 2550 complere
1576 2461 1719 2548 poterint
1738 2469 1766 2522 et
1859 2447 1860 2464 ¹

341 2557 427 2623 ultra
451 2557 511 2622 hoc
538 2561 572 2622 in
600 2581 665 2624 una
694 2562 871 2626 mutatione
895 2558 1044 2624 similiter
1065 2558 1215 2624 adminus
1235 2560 1333 2624 semel
1358 2559 1614 2648 disputationem
1640 2560 1765 2626 ordina·

341 2657 424 2720 riam
445 2659 674 2742 magistrorum
697 2658 811 2724 (liebus
833 2658 980 2724 sabbatis
1001 2661 1167 2741 visitasse,
1189 2657 1269 2722 alias
1292 2683 1352 2746 pro
1371 2683 1437 2726 non
1464 2672 1676 2746 acturegente
1699 2681 1766 2724 oen·

299 2755 466 2821 fflsebitur
495 2780 553 2843 per
580 2756 676 2821 talem
704 2761 932 2840 mutationem,
963 2757 1054 2822 salvo
1084 2779 1137 2839 eo,
1171 2757 1259 2844 quod
1291 2757 1500 2824 decanaudus
1530 2761 1619 2825 omni
1651 2781 1766 2839 mense,

342 2856 405 2919 nisi
431 2855 668 2920 rationabiliter
697 2857 747 2938 (ut
769 2857 917 2922 absentia
941 2858 1002 2923 loci
1031 2867 1087 2920 aut
1113 2855 1315 2944 infirmitate)
1336 2857 1514 2946 impeditus
1541 2860 1657 2942 lirerit,
1680 2861 1767 2924 iuxta

342 2965 494 3019 statutum
518 2954 657 3042 desuper
677 2955 797 3020 editum
819 2979 858 3020 ea
882 2957 1077 3038 mutatione,
1098 2977 1162 3043 qua
1184 2955 1393 3022 decauandus
1416 2968 1474 3041 cst,
1497 2957 1651 3024 adminus
1674 2957 1767 3023 semel

341 3053 561 3139 ingrediatur,
592 3077 632 3119 ne
661 3057 702 3118 sit
739 3054 882 3119 delectus
922 3056 1103 3142 aliquorum
1139 3057 1301 3120 seniorum
1332 3059 1567 3144 magistrorum
1597 3059 1632 3123 in
1660 3057 1766 3123 eadem

341 3149 429 3240 [39¹]
452 3152 669 3242 disputatione
690 3154 874 3236 ordinaria,
898 3154 985 3240 quod
1014 3155 1125 3240 utique
1146 3165 1295 3240 vergeret
1321 3157 1356 3220 in
1385 3179 1451 3222 non
1479 3157 1646 3224 modicam
1673 3158 1766 3224 facul-

298 3255 418 3318 25tatis
440 3255 670 3319 confusionem.

340 3461 369 3521 ii·
402 3471 578 3530 QUALITER
602 3471 786 3536 MAGISTRI,
813 3471 884 3518 NON
913 3471 1095 3518 Hennaeas
1116 3470 1293 3518 rusticam
1315 3470 1534 3520 cantamen
1558 3475 1765 3540 LEWONH,

536 3570 692 3619 POSSUNT
714 3570 808 3618 FIERI
830 3569 1106 3618 ACTUBEGENTES
1127 3569 1173 3616 ΕΤ
1196 3569 1382 3618 COMPLERE
1403 3571 1584 3620 amiculum.

426 3684 549 3768 Placet,
572 3683 659 3772 quod
680 3687 828 3771 magistri
850 3686 991 3750 iuniores
1012 3683 1137 3766 etalii,
1167 3685 1222 3770 qui
1245 3707 1337 3749 suurn
1360 3684 1526 3751 biennium
1546 3711 1613 3754 non
1632 3689 1765 3776 comple

346 3784 452 3848 verint
474 3795 506 3848 et
528 3807 589 3872 pro
611 3796 757 3872 tempore
777 3807 842 3849 non
863 3783 985 3850 habent
1007 3783 1150 3868 aliquam
1180 3781 1345 3870 publicam
1368 3785 1567 3852 ordinariam
1588 3790 1623 3851 in
1647 3789 1764 3854 artibus

299 3891 335 3948 30
345 3882 526 3965 lectionem,
550 3883 692 3948 volentes
714 3896 822 3949 tamen
845 3905 915 3947 esse
935 3892 1160 3967 acturegcntes
1184 3892 1215 3947 et
1235 3882 1396 3970 complere
1416 3884 1591 3970 biennium,
1614 3889 1709 3954 sicuti
1729 3911 1764 3952 ex

344 3984 412 4046 suis
433 3983 624 4048 iuramentis
645 3984 809 4070 praestitis
830 3991 990 4062 tenentum,
1019 4001 1077 4067 per
1106 3980 1249 4066 aliquam
1271 3981 1436 4069 publicam
1464 3989 1765 4074 resumptionemiu
1859 3967 1860 4034 l

347 4079 473 4146 artibus
488 4081 541 4148 vel
557 4081 688 4171 aliquod
705 4083 900 4148 exercicium
914 4077 1156 4168 disputandum,
1179 4081 1206 4144 si
1222 4103 1281 4168 per
1293 4091 1412 4148 sortem
1433 4083 1617 4170 habuerint,
1636 4098 1766 4174 possunt
1859 4117 1860 4168 i

341 4179 412 4244 fieri
440 4185 687 4269 acturegentes¹
711 4193 743 4247 et
769 4192 895 4270 partem
922 4179 1044 4245 biennii
1071 4181 1120 4244 sui
1151 4181 1321 4266 complere.
1363 4179 1408 4246 Et
1429 4185 1597 4269 magister,
1622 4188 1671 4252 sie
1690 4189 1764 4251 reci·
1859 4207 1860 4272 3

346 4283 440 4366 piens
454 4279 587 4369 aliquod
607 4283 802 4347 exercicium
826 4303 885 4368 pro
907 4279 1015 4365 aliquo
1037 4278 1153 4364 gradu,
1175 4279 1319 4346 debitum
1341 4281 1516 4346 exercendi
1537 4284 1671 4350 modum
1692 4287 1766 4350 anti·

301 4387 335 4444 35
346 4381 453 4466 quitus
475 4389 599 4445 tentum
620 4380 717 4446 debet
738 4381 923 4462 observare,
943 4377 1096 4443 videlicet
1118 4378 1204 4464 quod
1225 4390 1354 4444 moveat
1373 4379 1535 4446 textuales
1556 4385 1765 4469 quaestiones,

343 4477 522 4544 secundum
536 4481 706 4546 materiam
721 4479 900 4544 subiectam
922 4479 971 4544 sui
993 4478 1147 4542 exercicii
1167 4476 1330 4564 disputari
1352 4489 1534 4564 consuetas,
1557 4491 1589 4546 et
1610 4505 1667 4548 aas
1686 4486 1766 4549 inter

341 4577 563 4644 exercendum
579 4601 649 4642 cum
667 4577 864 4646 notabilibus
887 4575 1147 4643 conclusionibus
1170 4587 1202 4640 et
1222 4577 1422 4662 argumentis
1443 4577 1645 4647 deducendis
1668 4583 1765 4648 deter-

342 4679 451 4742 minet.
486 4675 674 4764 Poteritque
690 4677 872 4744 huiusmodi
887 4675 1046 4742 notabilia
1062 4685 1094 4740 et
1109 4675 1339 4752 conclusiones,
1361 4677 1388 4742 si
1410 4679 1439 4743 ei
1463 4679 1643 4766 expediens
1665 4685 1765 4748 visum

340 4777 452 4861 fuerit,
476 4778 543 4841 suis
572 4775 775 4842 auditoribus
806 4778 979 4843 summarie
1007 4785 1040 4840 et
1069 4775 1232 4840 succincte
1254 4774 1333 4840 dare
1354 4778 1389 4841 in
1415 4779 1565 4865 scriptis,
1586 4791 1622 4846 ut
1642 4781 1765 4848 facilius

300 4875 468 4962 toaliquid
488 4875 622 4941 valeant
644 4875 817 4962 deportare
839 4887 871 4941 et
899 4875 1105 4962 diligentius,
1133 4877 1180 4940 uti
1208 4875 1327 4957 solent,
1357 4875 1544 4944 huiusmodi
1575 4883 1764 4947 exercicium

432 5081 441 5130 l
463 5075 516 5130 Am
536 5075 647 5130 Raude:
672 5089 753 5142 quom
770 5072 820 5126 clia
843 5080 932 5127 mrtem
956 5089 1015 5126 eom
1039 5071 1200 5126 emisam
1223 5073 1319 5127 calcat
1338 5081 1363 5128 et
1380 5076 1490 5144 quoodo
1508 5076 1645 5152 {saper-e,
1662 5080 1723 5134 erik
1737 5096 1765 5134 ea

341 5159 468 5216 coracluro
490 5167 552 5216 1522
569 5160 619 5216 areb
638 5161 773 5214 ἀεοαηαιιι
790 5158 905 5212 Ioculare
924 5157 1012 5212 dim.
