3748 6070
680 510 730 559 Die
749 510 868 561 statutor
886 525 939 562 ron
961 511 1033 562 tuat.
1508 519 1565 582 261

147 697 175 753 et
194 687 335 776 quadam
355 685 555 754 humanitate
577 689 621 756 ad
642 713 758 778 operas
779 691 940 758 incitetur.
982 691 1054 758 Nou
1076 703 1126 759 est
1145 694 1246 782 igitur
1266 695 1445 779 ferendum,
1471 707 1507 763 ut
1528 720 1570 762 ex

146 785 275 874 collegis
294 786 347 852 vel
370 787 537 876 inquilinis
565 791 638 877 quis
665 789 849 878 petulanter
879 800 911 856 et
938 791 1055 857 acerbe
1084 815 1156 858 eam
1183 793 1339 879 offendat,
1369 796 1461 882 sique
1485 798 1570 861 inter

145 885 201 950 hos
224 894 296 951 orta
317 885 415 952 fuerit
435 891 666 971 controversia,
688 888 723 954 id
746 887 995 977 significandum
1017 900 1066 956 est
1084 895 1282 980 praeposito,
1303 895 1367 982 qui,
1390 917 1463 962 cum
1485 917 1569 960 com·

145 1007 265 1071 ponere
284 995 434 1072 nequeat,
456 986 499 1052 ad
521 995 621 1053 totum
643 985 783 1054 deducat
805 987 986 1074 collegium.

222 1288 381 1349 Hieraact
400 1305 458 1348 oon
479 1291 611 1350 raderer
631 1290 743 1350 Hand:
1594 1305 1611 1358 5

143 1431 186 1522 [S.
207 1431 260 1522 34]
283 1453 493 1502 nxrmcfflo
516 1453 612 1501 srnr.
635 1454 657 1501 1.
689 1450 736 1502 os
758 1455 956 1506 nuscrrorrn
977 1458 1063 1508 novi
1081 1457 1265 1507 consuens
1286 1445 1307 1524 ς
1332 1459 1367 1506 ru
1387 1458 1563 1510 meamus.

223 1567 276 1632 De
303 1567 410 1632 officio
438 1577 471 1632 et
490 1568 561 1632 iure
589 1570 769 1655 praepositi
793 1573 827 1636 in
848 1571 1005 1640 electione
1029 1576 1105 1640 novi
1132 1572 1275 1659 collegae
1296 1573 1360 1639 duo
1389 1595 1431 1638 ex
1460 1584 1567 1640 mente

144 1666 301 1731 maiorum
325 1667 428 1755 probe
451 1666 658 1733 observanda
680 1691 761 1751 esse,
783 1672 928 1737 unanimi
951 1695 1109 1738 consensu
1130 1671 1301 1758 collegium
1321 1673 1446 1738 censuit
1473 1681 1570 1759 atque

143 1763 293 1830 decrevit.
332 1766 430 1831 Prius
454 1773 517 1847 est,
546 1766 634 1852 quod
655 1770 861 1855 praepositus
883 1773 918 1836 in
939 1771 1086 1838 dicendis
1115 1772 1278 1857 suffragiis
1306 1780 1337 1836 et
1363 1769 1569 1838 consultatio·

142 1862 245 1946 nibus,
275 1865 479 1950 potissimum
499 1885 577 1931 vero
598 1869 633 1931 in
654 1865 821 1950 electione,
847 1871 989 1957 primum
1010 1871 1133 1937 habere
1155 1869 1272 1935 debeat
1293 1878 1413 1934 votum.
1453 1869 1567 1958 Expli-
1580 1881 1612 1936 to

143 1971 215 2028 cata
236 1964 336 2050 igitur
358 1987 418 2028 sua
440 1965 599 2029 sententia
611 1966 698 2030 circa
719 1987 892 2053 personam
912 1969 1107 2057 eligendam,
1127 1969 1334 2057 praepositus
1353 1969 1466 2034 ordine
1489 1971 1570 2036 senii

143 2060 274 2148 colligat
295 2063 459 2149 suffragia,
482 2085 618 2151 quorum
639 2063 809 2150 pluralitas
829 2067 896 2155 ipsi
915 2091 976 2156 pro
998 2069 1070 2156 lege
1090 2072 1145 2152 sit,
1173 2066 1349 2134 secundum
1376 2090 1474 2155 quam
1495 2091 1569 2133 con-

142 2160 257 2226 cludat
297 2161 465 2227 Posterius
490 2171 554 2244 est,
583 2161 670 2250 quod
692 2167 899 2251 praepositus
921 2167 1042 2234 habere
1065 2168 1184 2234 debeat
1204 2177 1315 2232 votum
1338 2166 1515 2234 decisivum
1539 2179 1571 2232 et

143 2263 321 2347 cuicunque
347 2261 435 2346 parti
457 2259 598 2326 voluerit
622 2284 679 2328 suc
699 2270 755 2326 aut
775 2285 860 2329 novo
885 2262 949 2354 [35]
972 2277 1029 2332 ant
1048 2268 1187 2356 repetito
1208 2273 1285 2331 voto
1307 2265 1435 2352 pondus
1460 2289 1570 2354 super-

142 2357 261 2424 addere
290 2361 410 2446 possit,
440 2360 468 2423 si
494 2367 572 2424 vota
601 2360 851 2446 suffragantium
872 2387 1064 2454 quocunque
1084 2366 1181 2432 modo
1206 2367 1269 2428 sint
1294 2367 1397 2451 paria.
1442 2365 1570 2447 Quodsi
1582 2375 1611 2430 15

141 2467 246 2622 :ffim
279 2459 351 2524 iare
382 2480 440 2524 suo
471 2456 643 2524 decidendi
674 2458 757 2524 ultro
785 2460 902 2528 cedere
933 2464 1012 2530 velit
1043 2465 1262 2553 praepositus,
1294 2465 1415 2552 poterit
1445 2465 1570 2532 sortitio

217 2556 301 2624 beri.
1276 2593 1280 2601 ·

770 2663 978 2676 uu*-

220 2812 467 2890 Daraussolqcn
481 2816 500 2876 5
515 2815 593 2872 eme
606 2813 716 2892 aaron,
736 2818 800 2876 ond
812 2819 951 2878 damnet
965 2819 1084 2896 bepiaat
1104 2819 1162 2878 die
1183 2819 1309 2878 aweite
1334 2818 1572 2896 Abtlrsilanp:

525 2953 570 3044 [S.
591 2957 643 3048 41]
668 2959 832 3028 Statuta
852 2962 1184 3052 inquilinorum.¹

642 3127 690 3174 Da
710 3127 869 3179 PERSONA
889 3129 1071 3191 motuum.
1580 3121 1614 3177 20

754 3229 923 3280 statutum
941 3231 963 3284 Ι.

216 3326 368 3391 Primum
387 3326 529 3391 omnium
550 3327 606 3414 qui
622 3325 802 3392 conducere
814 3326 1027 3392 habitationis
1048 3326 1154 3394 locum
1174 3348 1196 3390 a
1215 3333 1365 3391 curatore
1377 3324 1466 3409 velit,
1486 3325 1572 3390 bunc

136 3426 287 3493 nolumus
315 3445 358 3488 ex
385 3424 449 3490 alio
471 3425 607 3511 collegio
629 3425 807 3512 relegatum
830 3437 886 3492 aut
906 3425 1075 3492 exclusum
1097 3447 1176 3490 esse.
1219 3424 1377 3490 Nolumus
1399 3424 1496 3489 etiam
1523 3425 1571 3489 in-

138 3525 307 3611 quilinum,
336 3523 630 3610 compotationibus
653 3533 709 3590 aut
738 3523 812 3590 aliie
842 3524 1002 3590 similibus
1029 3523 1126 3590 rebus
1147 3523 1300 3588 infamem
1322 3533 1379 3588 aut
1400 3521 1571 3590 turbandis

137 3622 325 3692 bominibus
351 3621 558 3709 petulantem,
587 3624 645 3690 sed
674 3625 805 3710 pietatis
836 3635 867 3690 et
894 3645 992 3690 verae
1020 3623 1187 3710 religionis
1217 3632 1390 3705 amantem,
1419 3622 1511 3708 pacis
1539 3629 1613 3687 etat

141 3724 303 3790 bonarum
325 3717 388 3808 [42]
413 3724 531 3786 artium
555 3723 745 3805 studiosum,
764 3722 975 3809 tranquillum
996 3733 1027 3788 et
1049 3722 1203 3789 sobrium.
1244 3719 1374 3786 Deinde
1395 3719 1570 3806 inquilinus

141 3833 251 3888 noster
273 3823 370 3886 sitin
391 3822 613 3886 universitatis
639 3822 750 3888 album
776 3824 954 3911 inscriptus
982 3820 1164 3907 habeatque
1190 3828 1436 3908 praeceptorem
1464 3819 1572 3906 priva·

137 3933 206 3988 tum
225 3920 278 3986 vel
301 3920 384 3986 alias
404 3919 532 4007 publice
546 3919 699 3987 docentes
721 3920 844 3986 audiat.
875 3920 940 4002 Qui
962 3921 1047 3986 ultra
1066 3942 1219 4002 mensem,
1241 3922 1432 4007 priusquam
1454 3920 1574 3985 rectori

137 4019 363 4087 intimandum
396 4017 530 4102 dixerit,
565 4018 619 4085 hic
646 4018 859 4102 habitaverit,
892 4030 947 4085 aut
979 4043 1046 4086 non
1077 4019 1165 4106 apud
1196 4027 1357 4084 rectorem
1390 4017 1573 4105 professum

141 4143 258 4186 nomen
280 4142 374 4185 suum
395 4119 483 4207 apud
505 4141 539 4184 se
562 4118 712 4184 babitare
733 4142 850 4206 passus
871 4119 982 4202 firerit,
1009 4120 1104 4186 unius
1133 4118 1247 4182 floreni
1268 4116 1423 4181 mulctam
1454 4115 1614 4182 solvitoao

141 4230 198 4286 aut
218 4243 261 4286 ex
282 4218 419 4306 collegio
441 4217 630 4284 excluditor.
659 4218 874 4284 Facinorosos
897 4226 929 4281 ct
948 4219 1075 4282 notorie
1097 4216 1320 4302 delinquentes
1339 4237 1380 4280 ne
1401 4217 1475 4303 quie
1497 4237 1570 4280 con-

142 4318 225 4384 sulto
248 4326 283 4383 et
303 4317 416 4383 volens
435 4328 590 4404 tanquam
609 4318 644 4381 in
664 4317 791 4404 asylum
813 4315 856 4381 ad
878 4336 912 4380 se
931 4314 1066 4380 trahite:
1099 4316 1153 4402 qui
1176 4336 1270 4379 secus
1290 4315 1413 4396 fecerit,
1435 4313 1571 4400 collegio

141 4419 284 4504 quinque
303 4417 446 4500 florinos,
465 4418 592 4505 quoties
612 4414 647 4479 id
666 4416 789 4500 fecerit,
812 4412 997 4502 persolvito.

466 4577 512 4668 [S.
534 4578 586 4669 43]
609 4599 656 4647 os
679 4597 923 4649 cornuosrors
945 4593 1249 4645 nnnrrsrrormus.

746 4701 916 4752 Statutnm
934 4698 974 4749 11.
1579 4702 1614 4758 35

223 4797 271 4865 Ut
292 4807 431 4882 curator,
452 4797 555 4864 invito
577 4797 722 4884 collegio,
746 4798 908 4864 neminem
928 4795 972 4862 ad
993 4794 1123 4882 collegii
1144 4794 1336 4883 inquilinum
1354 4791 1504 4872 admittit,
1525 4791 1572 4855 ita

139 4920 269 4990 qaoque
296 4897 366 4960 sine
393 4895 479 4962 illius
500 4918 659 4963 consensu
681 4919 776 4962 nemo
797 4897 1008 4982 vaporarium
1036 4903 1092 4958 aut
1121 4893 1228 4959 locum
1256 4891 1384 4982 collegii
1412 4911 1572 4979 usurpare
1690 4918 1692 4924 ·

139 4997 248 5080 debet,
271 4993 364 5061 clave
384 4993 448 5061 sibi
468 5018 489 5061 a
510 5005 660 5062 curatore
681 5018 745 5062 non
767 4995 890 5062 tradita
911 5003 967 5060 aut
984 4993 1114 5078 longius
1131 5015 1197 5059 non
1217 4991 1378 5078 permissa
1393 4998 1423 5052 et
1441 4990 1571 5054 nominc

225 5167 237 5218 1
259 5159 356 5232 Vergl.
374 5158 447 5216 oben
467 5157 495 5216 S.
515 5162 574 5229 ²18,
591 5157 674 5231 tolg.
