3748 6070
614 414 664 464 Die
682 412 800 465 sarnus
818 425 872 463 von
894 407 1066 464 ttae-1445.
1493 415 1550 482 311

129 593 338 660 universitate
369 592 530 680 Pragensi
561 594 709 660 similiter
740 594 794 662 hic
826 614 1019 682 permanere
1050 589 1191 658 debeant
1221 594 1291 660 sine
1324 593 1495 661 addicione
1522 603 1554 660 et

130 691 346 760 diminucione
372 692 416 758 ad
438 715 568 758 annum.
610 693 683 776 Quo
704 694 795 761 finito
819 695 925 782 possit
951 691 1023 758 fieri
1044 691 1196 776 mutacio,
1224 693 1353 761 addicio
1377 693 1430 760 vcl
1459 693 1551 760 dimi·

128 793 222 858 nucio
241 792 334 858 iuxta
352 791 507 882 placitum
527 792 700 859 facultatis.
732 783 778 860 Et
797 793 885 860 idem
906 792 1029 880 placuit
1050 790 1091 857 de
1111 793 1224 878 parvis
1246 791 1428 881 loyealibus
1447 793 1551 860 Maul·

127 890 184 956 felt
204 914 265 979 pro
287 893 456 958 exerciciis
478 901 510 958 et
535 892 699 959 ordinario
727 891 896 958 servandis
924 891 968 956 ad
990 890 1077 957 idem
1103 901 1230 978 tempus
1257 901 1289 958 et
1314 903 1430 979 postea
1456 895 1550 960 iuxta

126 989 326 1057 voluntatem
351 990 515 1058 facultatis
543 990 676 1058 ulterius
706 990 933 1056 continuandis
960 991 1014 1057 vel
1043 990 1252 1056 immutandis
1281 992 1316 1057 in
1347 991 1413 1058 alia
1443 1014 1547 1081 parva
1573 1001 1590 1056 5

127 1087 280 1177 loycalia,
302 1090 428 1156 scilicet
447 1090 660 1157 Greffmstein
681 1090 734 1156 vel
753 1089 893 1155 Marsilii
912 1089 964 1155 vel
986 1089 1127 1156 alterius.

488 1247 536 1310 12.
558 1259 653 1306 amar
673 1259 720 1308 sn
743 1257 888 1306 euacua
909 1255 1198 1307 ascomannos.

208 1355 303 1423 Libri
317 1357 361 1423 ad
380 1357 519 1444 gradum
533 1357 772 1424 baccalariatus
788 1367 863 1422 sunt
883 1364 1086 1422 tractatus
1107 1357 1225 1422 Petri
1245 1357 1441 1445 Hispani,
1462 1357 1550 1423 Pri·

127 1459 292 1524 scianus
313 1456 490 1541 brevior,
510 1469 628 1524 vetus
654 1479 739 1540 ars,
768 1458 962 1543 priorum,
987 1457 1282 1544 posteriorum,
1303 1456 1549 1539 elencorum,

126 1555 397 1644 phisicorum,
420 1556 468 1623 de
489 1559 635 1640 anima,
657 1578 779 1643 spera
800 1554 1045 1621 materialis.
1559 1565 1591 1621 10

524 1731 569 1794 13.
591 1741 686 1790 amar
706 1741 752 1788 sn
776 1739 921 1788 camon
942 1739 1152 1790 numerans.

204 1839 259 1906 Ad
290 1839 428 1927 gradum
461 1843 639 1927 magisterii
671 1847 747 1905 sunt
777 1837 855 1904 libri
887 1840 959 1904 isti:
1000 1839 1251 1927 topicorum,
1284 1839 1329 1904 de
1360 1838 1465 1923 celo,
1499 1840 1548 1906 dc

123 1943 410 2024 generacione,
437 1939 747 2022 metheororum,
776 1961 904 2026 parva
922 1938 1155 2022 naturalia,
1179 1939 1423 2023 ethicorum,
1446 1939 1548 2028 poli·

122 2041 308 2123 ticorum,
336 2041 674 2128 yconomicorum,
701 2039 970 2126 perspectiva
991 2040 1229 2123 communis,
1252 2037 1440 2105 theorica
1460 2037 1547 2127 pla·

122 2147 322 2224 netarum,
350 2139 567 2222 Euclides,
595 2138 713 2226 loyca
733 2135 901 2221 Hesbri,
924 2139 1188 2203 arismetrica
1209 2140 1444 2222 communis,
1466 2146 1588 2203 mu·15

123 2239 209 2304 sica
231 2235 406 2327 (Muris),
428 2239 697 2304 methafisica

127 2509 172 2570 14.
194 2499 254 2592 [Bl.
275 2502 346 2594 50¹³]
368 2523 416 2571 nc
438 2521 658 2572 vrsrrsrronn
685 2521 953 2570 nrsrursrrours
975 2522 1186 2571 cremanus
1207 2523 1275 2571 ran
1301 2522 1546 2572 aaccmsmos.

203 2636 299 2703 Anno
329 2636 452 2703 domini
481 2637 534 2703 Μθ
555 2636 686 2704 00000
707 2637 741 2702 X
771 2638 806 2702 in
837 2635 997 2702 decanatu
1029 2637 1179 2724 magistri
1204 2635 1373 2704 Vincencii
1405 2637 1546 2723 Grfrner,

122 2734 207 2802 facta
235 2735 334 2824 plena
353 2738 611 2824 congregacione
630 2739 859 2824 magistrorum
881 2735 922 2801 de
942 2736 1076 2802 consilio
1096 2735 1269 2821 facultatis,
1297 2741 1331 2803 in
1358 2739 1411 2803 die
1442 2737 1547 2802 sancti

123 2834 291 2900 francisci
315 2831 411 2922 (1410
429 2843 457 2900 d
471 2847 498 2902 4.
515 2835 653 2925 October)
678 2835 864 2902 conclusum
885 2835 945 2900 fuit
967 2846 999 2901 et
1020 2845 1183 2918 statutum,
1206 2835 1293 2925 quod
1314 2837 1449 2924 quilibet
1468 2836 1588 2904 bac-20

124 2934 261 3000 calarius
292 2937 416 3000 arcium
445 2935 563 3001 debeat
589 2937 723 3000 visitare
750 2935 991 3023 disputaciones
1021 2933 1203 3000 ordinarias
1232 2947 1264 3001 et
1288 2958 1352 3001 non
1380 2937 1546 3024 negligere

122 3041 187 3098 tres
209 3035 363 3101 continuo
389 3057 424 3100 se
451 3045 631 3124 sequentes,
659 3033 719 3100 sub
745 3057 851 3122 poena
877 3036 895 3098 8
923 3057 1110 3120 grossorum
1137 3057 1306 3118 novorum,
1331 3036 1455 3101 tociens
1482 3035 1544 3101 sol·

121 3132 308 3216 vendorum,
338 3135 492 3222 quociens
511 3133 701 3221 neglexerit,
732 3135 825 3199 iuxta
844 3132 983 3197 formam
1013 3134 1275 3221 praemissorum.
1316 3133 1361 3199 Et
1387 3133 1431 3200 ad
1458 3133 1545 3200 idem

122 3233 281 3298 tenebitur
301 3231 504 3299 baccalarius
526 3233 567 3298 de
595 3233 699 3320 primo
727 3255 811 3298 anno
838 3231 967 3318 quoad
992 3231 1233 3318 disputaciones
1254 3232 1543 3299 extraordinarias.

123 3330 209 3412 Quas
232 3353 356 3421 poenas
377 3332 518 3399 decanus
538 3354 599 3418 pro
621 3342 766 3420 tempore
788 3333 931 3397 existens
954 3331 1092 3396 fideliter
1113 3329 1275 3398 tenebitur
1295 3342 1495 3421 extorquere.
1550 3341 1583 3398 25

123 3505 168 3564 15.
189 3517 236 3565 Da
257 3515 478 3566 malamorta
499 3515 766 3566 Dlseuaffloms
794 3513 1006 3566 oxomam
1027 3517 1095 3564 PER
1116 3515 1318 3565 STUDENTES
1339 3515 1542 3565 Pnouovlaltt

744 3613 938 3663 VOLENTES.

199 3715 281 3782 Item
303 3714 417 3781 eodem
444 3715 496 3782 die
524 3717 558 3781 in
587 3713 700 3781 eadem
730 3715 987 3800 congregacione
1015 3712 1201 3780 conclusum
1227 3713 1289 3780 fuit
1315 3722 1349 3779 et
1376 3721 1541 3795 statutum,

120 3814 204 3900 quod
232 3814 396 3902 simplices
424 3813 603 3898 studentes,
636 3813 679 3879 ad
708 3812 846 3900 gradum
873 3811 1113 3880 baccalariatus
1142 3815 1177 3878 in
1203 3812 1327 3880 artibus
1357 3812 1543 3900 promoveri

119 3913 271 3996 volentes,
299 3923 374 3978 ante
395 3912 537 3978 medium
563 3936 683 3979 annum
711 3935 789 3978 suae
817 3915 1036 4000 promocionis
1057 3912 1229 4000 diligenter
1248 3913 1381 3978 visitare
1402 3910 1583 3978 debeantto

119 4011 354 4101 disputationes
376 4011 569 4097 ordinarias,
600 4015 647 4078 sic
669 4011 757 4102 quod
783 4011 891 4078 nullus
912 4011 1059 4100 negligat
1083 4023 1151 4078 tres
1173 4013 1322 4078 continuo
1344 4035 1379 4077 se
1405 4033 1539 4099 sequen·

118 4121 174 4181 tes.
217 4112 262 4178 Et
284 4111 426 4178 decanus
453 4134 514 4199 pro
535 4123 682 4200 tempore
709 4113 852 4178 existens
875 4111 1038 4178 tenebitur
1065 4111 1107 4178 ab
1133 4110 1360 4177 examinandis
1386 4121 1460 4176 ante
1481 4111 1540 4175 ini·

118 4212 203 4278 cium
223 4213 383 4278 examinis
405 4213 568 4299 inquirere
589 4211 756 4298 sigillatim
776 4220 808 4277 et
832 4233 852 4276 a
875 4209 1019 4298 quolibet
1040 4211 1180 4294 divisim,
1208 4233 1251 4276 an
1277 4209 1357 4276 illud
1383 4221 1539 4278 stamtum

117 4310 310 4400 impleverit,
339 4310 434 4377 etad
462 4313 702 4398 promocionem
728 4311 874 4392 istorum,
902 4311 957 4398 qui
984 4311 1078 4377 iuxta
1108 4320 1261 4376 statutum
1289 4311 1433 4394 fecerint,
1460 4333 1541 4400 prae

117 4409 189 4477 aliis
216 4411 383 4478 intendere
408 4409 540 4476 realiter
569 4433 642 4475 cum
671 4409 795 4474 effectu.
835 4407 925 4475 Idem
953 4409 1143 4496 intelligitur
1171 4408 1212 4475 de
1239 4411 1469 4498 promovendis
1498 4410 1581 4477 ad³5

116 4512 347 4598 magisterium.

153 4667 199 4729 16.
222 4677 395 4740 QUOTOENS
417 4677 616 4727 aeuumque
637 4675 896 4726 Paouovartnus
918 4675 1107 4726 oannem
1130 4677 1175 4726 ΕΤ
1196 4677 1503 4728 axraaoanmaam

711 4775 949 4826 astronom.

197 4875 278 4940 ltem
300 4875 353 4942 die
373 4886 405 4942 et
424 4875 505 4959 loce,
529 4884 696 4962 utsupra,
723 4875 910 4942 conclusum
929 4874 991 4940 fuit
1011 4881 1044 4938 et
1066 4881 1230 4959 statubrm,
1257 4874 1345 4961 quod
1373 4875 1536 4964 simplices

116 4973 291 5058 studentes,
313 4975 357 5042 ad
378 4974 516 5062 gradum
538 4973 776 5040 baccalariatus
795 4973 975 5040 inertibus
997 4977 1183 5062 promoveri
1204 4975 1358 5058 volentes,
1384 4976 1419 5041 in
1439 4985 1578 5042 anteato

116 5074 221 5140 sexies
243 5071 383 5140 debeant
402 5073 600 5162 respondere
623 5073 787 5142 ordinarie
806 5086 839 5142 et
857 5073 992 5142 tetidem
1013 5073 1283 5140 extraordinarie.
