3794 6060
756 492 807 541 Die
825 490 1075 556 Stistnngsnrkundc
1092 505 1154 543 rom
1172 492 1256 542 Jaurs
1275 497 1347 543 1409.

754 725 801 772 DE
822 724 1078 774 umuaraclorur
1101 723 1361 774 COLDEGIORUH.

432 859 513 925 Item
533 858 568 923 in
583 858 670 925 dioto
692 858 789 945 opido
810 882 869 946 pro
891 857 1059 947 praedicta
1077 858 1288 924 universitate
1308 855 1352 922 ad
1370 859 1602 924 incrementum
1624 856 1764 924 eiusdem

350 959 547 1024 instituimus
568 967 600 1022 et
618 955 825 1023 fundavimus
845 957 908 1023 duo
931 957 1082 1046 collegia,
1110 979 1192 1046 quae
1213 956 1463 1023 nominabuntur
1490 957 1637 1045 collegia,
1650 959 1765 1046 princi·

351 1081 442 1147 pum,
472 1081 606 1146 quorum
627 1081 725 1122 unum
744 1057 914 1124 vocabitur
935 1061 1057 1142 maius,
1084 1057 1173 1123 aliud
1199 1079 1278 1122 vero
1306 1060 1422 1122 minus.
1464 1056 1529 1122 Pro
1551 1056 1668 1144 quibus
1688 1057 1767 1124 duas

325 1157 467 1224 tdomus
489 1157 678 1224 donavimus
692 1169 723 1221 et
738 1159 977 1244 assignavimus
998 1183 1058 1247 pro
1071 1155 1277 1240 leccionibus,
1299 1155 1578 1244 disputacionibus
1590 1159 1767 1245 ceterisque

350 1259 477 1324 actibus
498 1257 701 1326 scholasticis
722 1255 804 1322 inibi
826 1257 1032 1342 exercendis,
1060 1269 1093 1324 et
1113 1256 1243 1324 easdem
1265 1255 1380 1324 domus
1402 1258 1612 1346 collegiorum
1639 1257 1683 1324 ab
1704 1281 1767 1326 om·

349 1357 446 1424 nibus
461 1358 617 1446 losungis,
635 1355 875 1440 exaccionibus,
897 1357 1203 1441 contribuoionibus,
1226 1358 1353 1441 sternis,
1373 1358 1509 1442 ituibus,
1531 1357 1685 1426 oneribus
1697 1367 1769 1425 eta

350 1457 555 1526 subioooione
583 1460 701 1524 civium
730 1456 819 1544 opidi
847 1459 986 1544 praelati
1013 1456 1236 1524 libertavimus
1265 1467 1298 1522 et
1322 1457 1366 1524 ad
1390 1458 1561 1526 comodum
1583 1469 1769 1546 praetactae

349 1559 571 1625 universitatis
594 1558 635 1624 de
658 1567 747 1623 certa
768 1567 880 1622 nostra
902 1559 1038 1624 scicntia
1058 1560 1208 1644 graciose
1229 1559 1475 1646 incorporamus
1499 1568 1531 1625 et
1550 1557 1750 1626 libertamus.

309 1751 341 1806 10
723 1757 769 1806 DE
792 1757 1012 1818 Qusurlrr‘rs
1036 1759 1192 1808 sanum
1214 1761 1396 1810 PERPETUI.

434 1892 516 1958 Item
536 1913 599 1978 quo
621 1892 786 1978 magistri,
809 1890 975 1974 doctores,
1005 1891 1169 1958 studentes
1190 1916 1227 1960 eo
1248 1892 1406 1959 libencius
1422 1891 1465 1958 ad
1487 1892 1607 1958 dictum
1630 1888 1770 1956 studium

350 1989 525 2074 confluant,
548 1991 698 2057 studeant
719 2001 752 2056 et
772 1990 930 2074 laborent,
953 1991 1179 2078 deputavimus
1200 2016 1260 2080 pro
1282 1995 1398 2080 viginti
1418 1994 1585 2080 magistris
1608 1987 1770 2078 stipendia

350 2111 407 2156 seu
423 2089 592 2156 sallarium
613 2100 804 2179 perpetuum
819 2093 1065 2178 quingentorum
1078 2091 1283 2178 florenorum,
1309 2115 1390 2180 quos
1403 2093 1568 2158 annuatim
1586 2091 1626 2157 de
1642 2111 1772 2156 camera

352 2200 468 2256 nostra
493 2190 679 2278 persolvere
714 2190 862 2256 volumus
891 2191 984 2255 iuxta
1014 2190 1256 2258 ordinacionem
1285 2193 1371 2258 infra
1401 2195 1572 2281 scriptam,
1607 2211 1771 2280 quousque

310 2299 342 2355 1⁵
351 2299 478 2356 tantum
498 2291 533 2354 in
551 2291 717 2378 perpetuis
737 2287 921 2354 redditibus
941 2292 1119 2377 poterimus
1142 2292 1223 2379 ipsis
1245 2290 1433 2378 providere,
1461 2303 1492 2358 et
1514 2314 1610 2379 quam
1632 2291 1770 2379 primurn

350 2391 528 2476 poterimus
549 2388 760 2454 decessibus
781 2391 947 2476 perpetuis
968 2391 1049 2477 ipsis
1072 2390 1256 2457 curabimus
1275 2392 1458 2479 providere.

726 2590 773 2637 DE
797 2589 1034 2638 ORDINACIONE
1057 2591 1197 2640 MAIOEIS
1220 2591 1394 2641 comaron.

432 2725 513 2790 Item
534 2723 683 2789 volumus
705 2734 737 2788 et
757 2719 960 2804 ordinamus,
988 2723 1075 2809 quod
1096 2726 1130 2788 in
1151 2725 1267 2791 maiori
1295 2723 1431 2811 collegio
1455 2724 1519 2788 sint
1542 2739 1591 2788 xn
1612 2720 1770 2807 magistri,

352 2823 393 2890 de
414 2823 558 2911 qualibet
578 2825 714 2890 nacione
735 2835 812 2906 tres,
833 2843 969 2908 quorum
989 2822 1124 2908 quilibet
1145 2847 1205 2910 pro
1226 2823 1358 2890 sallario
1379 2823 1514 2890 habebit
1535 2839 1609 2887 xxx
1631 2819 1772 2886 florenos

309 2924 527 2992 toannuatim.
561 2923 649 2988 Inter
671 2945 751 3010 quos
773 2921 869 2988 debet
890 2945 961 2987 esse
983 2943 1064 2987 unias
1085 2925 1240 3009 magister
1262 2945 1376 2989 sacrae
1396 2923 1589 3009 theologiae,
1611 2921 1666 3006 qui
1687 2916 1773 2982 ultra

351 3023 553 3114 praedictam
580 3045 737 3087 summam
772 3021 906 3087 habebit
933 3041 1006 3087 xxx
1036 3021 1177 3088 florenos
1207 3024 1294 3088 omni
1326 3044 1421 3089 anno.
1469 3023 1513 3088 Et
1542 3023 1590 3088 sio
1614 3017 1773 3107 praedicti
1893 3102 1894 3106 Ἰ

351 3125 499 3212 magistri
520 3140 570 3189 xn
591 3123 625 3187 in
647 3131 716 3187 tota
739 3144 863 3187 summa
885 3139 949 3188 coc
970 3123 1148 3208 nonaginta
1168 3121 1308 3188 florenos
1330 3122 1504 3188 habebunt.

729 3325 776 3371 DE
800 3323 1036 3371 ORDINACIONE
1059 3321 1201 3372 mons
1221 3323 1395 3372 cotanen.

432 3459 514 3525 Item
535 3457 698 3540 volumus,
729 3454 815 3542 quod
837 3457 870 3520 in
887 3457 1006 3520 minori
1028 3452 1162 3542 collegio
1190 3456 1254 3520 sint
1275 3465 1346 3523 octo
1368 3455 1533 3542 magistri,
1562 3453 1603 3519 dc
1632 3451 1777 3540 qualibet

309 3560 488 3625 senecione
510 3557 585 3641 duo,
608 3579 744 3645 quorum
766 3555 901 3643 quilibet
921 3576 982 3643 pro
1005 3552 1135 3619 sallario
1158 3557 1322 3621 annuatim
1342 3554 1476 3622 habebit
1496 3572 1546 3620 xn
1567 3553 1718 3621 florenos.

684 3741 731 3787 DE
753 3737 1022 3788 rauracorum
1044 3739 1244 3788 rumosam
1269 3741 1444 3789 EAXONUM.

432 3873 513 3940 Item
539 3894 582 3938 ex
613 3871 709 3936 certis
736 3870 867 3936 motivis
895 3869 1017 3955 absque
1045 3869 1244 3957 praeiudicio
1274 3873 1455 3938 antedictae
1481 3880 1612 3940 nostrae
1646 3869 1776 3938 ordina·

351 3975 453 4040 cionis
475 3972 515 4037 de
536 3993 696 4037 consensu
716 3972 890 4037 nacionum
909 3968 1121 4036 Misnansium
1150 3981 1181 4036 et
1201 3971 1398 4039 Polonorum
1419 3973 1655 4060 disposuimus,
1689 3969 1776 4056 quod

349 4074 445 4140 nocio
460 4072 626 4138 Saxonum
647 4072 681 4135 in
696 4071 814 4136 minori
837 4068 972 4156 collegio
994 4093 1139 4158 pronunc
1160 4070 1279 4136 debeat
1298 4071 1418 4138 habere
1434 4081 1570 4158 quatuor
1591 4071 1777 4158 magistros,

309 4176 401 4240 tosio
421 4172 508 4260 quod
527 4169 708 4236 Misnenses
738 4181 769 4234 et
790 4167 906 4234 Poloni
928 4169 971 4234 ad
996 4169 1260 4258 complacendum
1282 4171 1377 4237 nobis
1405 4171 1666 4237 condescendant
1695 4170 1778 4258 ipsis

351 4275 386 4339 in
413 4271 550 4338 duobus.
593 4271 638 4336 Et
657 4271 738 4336 haec
760 4269 937 4355 disposicio
962 4269 1056 4335 huius
1080 4269 1208 4335 articuli
1236 4270 1408 4336 dumtaxat
1437 4270 1479 4338 ad
1506 4292 1609 4336 annos
1638 4279 1778 4356 quatuor

351 4370 552 4462 perdurabit.
594 4371 723 4457 Itaque,
753 4371 781 4435 si
803 4369 888 4434 infra
908 4368 1011 4436 dictos
1033 4379 1170 4457 quatuor
1192 4391 1294 4437 annos
1320 4370 1437 4457 aliquis
1456 4369 1617 4437 dictorum
1638 4378 1778 4456 quatuor

351 4475 583 4560 magistrorum
604 4471 734 4537 cederet
752 4467 807 4535 vel
828 4469 1008 4554 decederet,
1028 4469 1110 4536 alius
1127 4469 1269 4536 eiusdem
1283 4471 1429 4537 nacionis
1451 4473 1607 4558 capiatur.
1649 4465 1778 4550 Quibus

353 4583 490 4660 quatuor
511 4574 604 4637 annis
625 4571 738 4659 lapsis,
759 4579 879 4636 extunc
899 4592 958 4636 nos
979 4570 1073 4636 huius
1094 4569 1223 4635 articuli
1245 4569 1488 4638 ordinacionem
1507 4592 1565 4636 seu
1586 4568 1777 4656 disposicio-

309 4683 426 4742 3tnem
446 4671 637 4737 immutandi
656 4671 708 4735 vel
728 4671 863 4735 ulterius
885 4669 1093 4736 continuandi
1115 4669 1238 4756 absque
1259 4672 1449 4758 cuiusquam
1473 4671 1621 4738 nacionis
1649 4677 1777 4734 eontra·

352 4771 499 4838 diccione
520 4770 651 4859 plenam
673 4779 706 4834 et
728 4769 864 4836 liberam
886 4768 1077 4836 habebimus
1098 4769 1294 4836 facultatem.

695 4955 742 5002 DE
762 4955 891 5004 ORDINE
914 4953 1164 5003 usmernouuu
1185 4955 1221 5002 ΙΝ
1245 4953 1436 5004 conusens.

434 5089 516 5155 Item
538 5099 588 5154 est
608 5088 800 5152 intensionis
822 5097 854 5152 et
874 5085 1050 5152 voluntatis
1063 5095 1203 5170 nostrae,
1224 5087 1311 5174 quod
1327 5087 1485 5172 magistri,
1508 5087 1563 5173 qui
1577 5085 1779 5172 recipiuntur

354 5209 499 5275 pronunc
521 5188 563 5254 ad
587 5187 739 5273 collegia,
761 5186 906 5252 ordinem
928 5185 1103 5251 secundum
1125 5187 1248 5252 senium
1269 5188 1450 5273 magisterii
1472 5184 1702 5252 observabunt.
