3788 6078
346 471 406 539 584
879 471 929 524 Die
944 469 1096 538 juristische
1108 471 1235 524 ussum.

346 654 375 718 si
398 654 489 742 prius
512 663 544 719 et
566 654 614 718 sic
635 662 709 720 aute
734 676 805 720 eum
826 654 945 722 fuerint
964 655 1130 724 licentiati.
1174 651 1285 720 Debet
1314 661 1423 720 umen
1449 653 1641 722 licenciatus
1666 655 1764 721 iunior

347 755 507 819 seniorem
534 754 710 839 requirere,
740 755 767 818 si
795 777 951 844 praesens
976 757 1088 839 fuerit,
1120 778 1162 822 au
1190 755 1276 822 infra
1303 755 1383 820 duos
1410 778 1537 822 menses
1567 767 1644 844 post
1669 756 1765 842 ipsius

346 853 587 938 requisitionem
617 853 760 939 iusignia
789 857 935 942 recipere
962 855 1115 940 voluerit,
1143 865 1175 922 et
1203 856 1231 920 si
1258 855 1422 938 annuerit,
1450 856 1558 922 iunior
1585 853 1766 942 expectabit

346 950 494 1034 eundem,
516 952 598 1018 alias
620 953 662 1018 ad
685 955 826 1040 insignia
847 954 1044 1042 recipienda,
1067 957 1095 1020 si
1116 953 1212 1020 abilis
1233 955 1340 1037 firerit,
1362 955 1540 1042 procedere
1560 953 1690 1041 poterit

302 1061 318 1118 5
432 1070 539 1117 xxxv.
568 1052 648 1117 Item
670 1051 713 1116 ad
734 1053 892 1119 tollendas
913 1053 1130 1121 dissensiones
1152 1056 1185 1120 in
1205 1054 1349 1120 flaturum
1370 1077 1467 1141 super
1481 1053 1645 1120 locatione
1665 1051 1765 1118 docto
1874 1115 1875 1154 ,

345 1173 418 1216 rum
440 1152 475 1216 in
500 1151 654 1217 facultate
677 1151 815 1218 iuridica
843 1153 979 1241 placuit,
1007 1153 1094 1241 quod
1114 1153 1169 1218 ille
1198 1154 1289 1241 prior
1317 1153 1359 1218 sit
1384 1155 1419 1218 in
1444 1153 1526 1237 loco,
1557 1155 1613 1241 qni
1641 1153 1766 1240 prinae
1874 1163 1875 1174 ³

343 1250 499 1316 facultate
523 1251 565 1316 ad
587 1250 691 1316 locum
714 1262 865 1339 receptus
887 1261 935 1317 est
956 1251 1079 1341 absque
1101 1252 1317 1336 distinctione,
1342 1253 1411 1318 sive
1431 1253 1466 1317 in
1485 1251 1588 1318 altero
1611 1249 1677 1339 [17]
1698 1261 1766 1316 tan-

346 1361 413 1416 tum
434 1351 503 1416 sive
526 1352 559 1416 in
581 1361 717 1439 utroque
737 1353 808 1416 iure
831 1361 997 1438 promotus
1018 1353 1124 1418 fuerit
1153 1351 1278 1418 Ductor
1301 1352 1387 1416 enim
1409 1353 1553 1417 existens
1572 1351 1614 1418 de
1637 1350 1766 1436 collegio

346 1448 504 1514 iuridicae
532 1449 695 1515 facultatis
722 1450 906 1516 indistincte
935 1451 1032 1517 debet
1059 1449 1257 1539 praeoedere
1281 1450 1363 1517 alios
1385 1449 1535 1516 doctores
1556 1461 1654 1516 extra
1676 1449 1765 1516 colle·

304 1559 335 1614 10
345 1550 434 1636 glum
456 1550 643 1614 existentes.

426 1683 547 1730 xxxva
591 1665 679 1747 Quia
707 1665 878 1732 multitudo
908 1665 1086 1732 canonibus
1112 1677 1162 1732 est
1183 1669 1316 1734 inimica
1344 1687 1386 1732 ex
1414 1689 1463 1749 eo,
1490 1665 1579 1755 qnod
1610 1667 1766 1732 oonfirsio·

342 1787 416 1828 nem
438 1763 572 1846 inducit,
594 1765 736 1854 ideoque
757 1765 894 1854 placuit,
916 1765 1003 1853 quod
1024 1765 1065 1832 de
1086 1777 1193 1832 cetero
1216 1778 1248 1833 et
1268 1769 1302 1832 in
1323 1768 1465 1832 futurum
1487 1766 1590 1830 solum
1614 1771 1680 1830 sint
1701 1775 1766 1832 octo

343 1863 491 1930 doctores
513 1863 554 1931 de
575 1864 711 1930 oonsilio
732 1865 897 1936 facultatis
917 1865 1084 1948 iuridicae,
1112 1865 1230 1930 stillis
1258 1866 1483 1954 praesentibus
1505 1865 1613 1930 nullus
1635 1865 1765 1931 aliorum
1874 1903 1875 1964 ζ

346 1963 512 2030 doctorum
542 1962 584 2028 ad
614 1964 783 2029 consilium
810 1967 877 2030 iam
899 1964 1005 2030 dictae
1032 1965 1194 2030 facultatis
1224 1975 1417 2046 assumatur,
1446 1963 1537 2030 salvo
1565 1973 1676 2029 tamen
1702 1966 1767 2029 iure

302 2071 333 2128 15
344 2061 513 2128 doctorum
534 2085 594 2150 pro
615 2085 701 2128 nunc
723 2064 758 2128 in
778 2063 913 2130 consilio
933 2061 1097 2129 facultatis
1118 2065 1332 2130 existencium
1356 2075 1388 2130 et
1408 2066 1441 2130 in
1460 2064 1605 2130 flaturum
1624 2063 1680 2130 hic
1700 2085 1767 2151 pro·

343 2161 587 2228 movendorum.

400 2347 559 2396 STATUTA
581 2346 811 2396 ulcuucmos
833 2348 879 2396 ET
901 2345 1087 2396 DOCTORES
1109 2347 1202 2394 ALIBI
1224 2345 1413 2396 PROMOTOS
1434 2347 1713 2396 concultatum.

425 2497 559 2545 xxxvn.
601 2479 714 2544 Primo
736 2479 859 2567 placet,
888 2478 975 2566 quod
1002 2478 1191 2545 licenciatus
1213 2490 1271 2545 aut
1289 2479 1404 2546 doctor
1428 2479 1508 2545 alibi
1529 2491 1698 2567 promotus
1720 2479 1769 2545 hio
1874 2459 1875 2476 χ

344 2601 408 2644 non
430 2587 614 2643 assumatur
635 2601 741 2666 neque
763 2580 951 2667 recipiatur,
972 2579 1035 2644 nisi
1057 2580 1147 2667 prius
1170 2581 1266 2645 luerit
1286 2577 1555 2645 immatriculatus
1576 2591 1609 2643 et
1630 2578 1769 2665 legitime

301 2675 506 2758 20docuerit,
538 2699 572 2742 se
599 2678 633 2741 in
653 2677 761 2764 aliquo
785 2676 892 2742 studio
920 2677 1127 2765 privilegiato
1154 2701 1214 2766 per
1243 2680 1384 2767 quinque
1413 2701 1516 2744 annos
1544 2680 1716 2746 continuos
1739 2681 1769 2744 in

343 2778 413 2840 iure
441 2773 611 2858 studuisse,
639 2785 671 2840 et
699 2777 741 2842 ad
763 2776 905 2842 medium
935 2800 1055 2843 annum
1077 2787 1173 2842 antea
1192 2776 1245 2842 hic
1270 2777 1305 2842 in
1326 2779 1389 2843 ista
1415 2779 1628 2843 universitate
1650 2780 1770 2845 steterit

343 2885 376 2940 et
397 2873 441 2940 ad
460 2874 627 2940 minimum
650 2875 755 2941 bisin
777 2878 959 2962 septimana
980 2877 1014 2941 in
1034 2878 1171 2942 materia
1192 2877 1272 2942 iuris
1294 2876 1411 2962 legerit
1431 2887 1487 2944 aut
1507 2879 1723 2964 resumpserit
1742 2887 1770 2942 et

342 2973 507 3062 publicam
528 2975 642 3039 fecerit
662 2975 901 3062 repeticionem.

425 3107 573 3156 xxxvm.
615 3091 706 3174 Item,
730 3101 765 3156 ut
787 3090 950 3156 scholares
973 3094 1053 3158 iuris
1080 3116 1117 3159 eo
1137 3094 1252 3159 fortius
1273 3071 1467 3158 inducantur
1489 3091 1532 3157 ad
1553 3095 1768 3180 promotiones

300 3191 378 3256 asin
406 3190 469 3256 hac
497 3189 653 3255 facultate
679 3199 791 3255 nostra
813 3191 1017 3278 recipiendas
1040 3193 1211 3282 minusque
1237 3191 1432 3280 praeiudicii
1459 3191 1512 3256 hic
1540 3197 1701 3279 promotis
1727 3195 1768 3257 in·
1874 3265 1875 3279 χ

343 3291 480 3372 feratur,
502 3289 640 3377 placuit,
662 3289 748 3377 quod
770 3289 848 3355 alibi
868 3291 902 3355 in
923 3290 1087 3357 doctorem
1110 3303 1165 3357 aut
1187 3291 1392 3357 licenciatum
1414 3303 1594 3380 promotus,
1615 3293 1644 3356 si
1668 3292 1769 3358 nobis·

345 3413 418 3456 eum
440 3387 580 3475 gradum
600 3387 838 3456 baccalariatus
860 3391 895 3454 in
914 3391 985 3456 iure
1005 3415 1069 3457 non
1092 3391 1134 3456 sit
1154 3402 1331 3474 assecutus,
1352 3413 1411 3480 pro
1428 3391 1478 3456 sui
1500 3390 1644 3479 simplici
1666 3414 1770 3480 recep·
1874 3393 1875 3452 ζ

344 3490 431 3554 tione
441 3509 499 3552 seu
509 3485 807 3576 assnm[18]ptione
830 3487 873 3554 ad
891 3488 995 3554 locum
1020 3489 1124 3557 solvat
1146 3509 1206 3556 xvs
1227 3491 1336 3556 floren.
1356 3511 1411 3572 re,
1434 3489 1476 3555 de
1497 3488 1617 3577 quibus
1638 3501 1770 3579 quatuor
1874 3499 1875 3520 ¹

342 3587 458 3654 cedent
478 3587 556 3653 fisco
581 3587 744 3652 facultatis
765 3597 897 3653 nostrae
919 3599 951 3653 et
980 3589 1037 3654 alii
1065 3588 1252 3655 doctoribus
1275 3599 1352 3656 tunc
1382 3587 1611 3678 praesentibus
1640 3601 1674 3654 et
1701 3600 1769 3655 actu

299 3686 550 3774 turegentibus,
582 3687 651 3751 sive
680 3687 713 3750 in
738 3685 840 3751 altero
868 3687 938 3752 sive
966 3689 1000 3752 in
1028 3699 1165 3777 utroque
1192 3690 1263 3753 iure
1288 3689 1385 3754 firerit
1415 3699 1592 3775 promotus.
1637 3688 1704 3754 Sed
1731 3712 1768 3754 ex

343 3797 419 3874 post
448 3807 508 3873 pro
534 3787 583 3850 sui
613 3787 834 3873 assumptione
858 3809 914 3850 seu
935 3790 1119 3875 receptione
1140 3787 1182 3853 ad
1212 3786 1383 3874 collegium
1409 3787 1462 3852 vel
1491 3787 1667 3854 consilium
1692 3791 1768 3854 eius-

342 3884 415 3950 dem
442 3883 615 3966 facultatis,
638 3882 778 3950 dumodo
798 3907 949 3950 numerus
972 3885 1139 3952 doctorum
1161 3886 1213 3964 (de
1235 3909 1298 3974 quo
1320 3891 1433 3974 supra)
1460 3895 1641 3974 pateretur,
1669 3887 1769 3954 solvat

345 3984 426 4050 alios
448 3982 618 4048 duodecim
640 3981 750 4050 floren.
775 4007 830 4066 re,
853 4007 989 4072 quorum
1011 3985 1076 4052 duo
1098 3986 1176 4051 fisco
1194 3985 1368 4070 facsdtatis,
1390 3985 1507 4074 reliqui
1530 4009 1609 4052 vero
1626 4005 1648 4052 x
1665 3986 1767 4052 docto

342 4083 435 4149 ribus
457 4081 585 4170 collegii
606 4083 832 4172 praesentibus
854 4093 886 4150 et
908 4096 982 4150 actu
1001 4083 1189 4172 regentibus
1212 4085 1328 4152 cedere
1349 4084 1522 4151 debebunt
1545 4084 1583 4150 Si
1600 4109 1679 4152 vero
1700 4109 1768 4174 gra·

300 4182 420 4250 35dum
438 4182 677 4250 baocalariatus
697 4185 732 4250 in
753 4185 824 4248 iure
844 4181 898 4248 hic
919 4184 1017 4250 fuerit
1039 4193 1215 4268 assecutus,
1242 4194 1318 4250 tunc
1340 4208 1400 4273 pro
1422 4189 1471 4251 sui
1499 4183 1641 4274 simplici
1662 4209 1767 4273 recep·

342 4284 427 4348 tione
453 4291 484 4348 et
511 4285 710 4348 assumtione
737 4283 780 4348 ad
807 4283 913 4349 locum
942 4283 1047 4349 solvat
1074 4303 1097 4350 x
1125 4284 1237 4350 floren.
1262 4307 1317 4367 re,
1345 4284 1386 4350 de
1415 4283 1533 4374 quibus
1563 4284 1628 4350 duo
1657 4285 1767 4350 cedam

342 4382 420 4448 fisco
443 4381 553 4447 etalii
582 4391 654 4447 octo
677 4381 865 4448 doctoribus
889 4382 1033 4448 eiusdem
1063 4382 1228 4448 facultatis
1251 4393 1327 4450 tsmc
1354 4383 1592 4472 praesentibus.
1636 4383 1703 4450 Sed
1730 4407 1766 4449 ex

342 4493 417 4569 post
437 4504 497 4568 pro
520 4481 569 4546 sui
591 4483 810 4570 assumptione
832 4481 875 4548 ad
896 4482 1065 4548 consilium
1086 4480 1250 4548 facultatis
1271 4483 1376 4549 solvat
1396 4483 1476 4550 alios
1493 4503 1517 4548 x
1531 4483 1655 4567 floren,
1677 4483 1766 4550 modo

342 4584 407 4648 iam
434 4581 520 4648 dicto
545 4579 747 4647 dividendos.
790 4581 873 4648 Aliis
895 4591 1003 4646 umen
1025 4580 1213 4668 praedictae
1240 4582 1403 4648 facultatis
1426 4583 1556 4648 statutis
1579 4593 1611 4648 et
1640 4605 1765 4648 consue

301 4678 521 4763 tutudinibus,
545 4681 634 4744 cirea
655 4679 733 4745 alibi
754 4689 920 4768 promotos
940 4679 1197 4768 disponentibus,
1220 4703 1347 4769 semper
1370 4681 1478 4748 salvis.

429 4815 551 4862 xxxix.
593 4795 673 4862 Item
703 4799 779 4885 quia
810 4798 1077 4883 ignominiosum¹
1103 4807 1165 4880 est,
1194 4797 1280 4864 illius
1309 4799 1533 4864 executionem
1562 4822 1622 4888 per
1649 4821 1764 4886 paucos

343 4896 510 4985 impediri,
537 4894 623 4983 quod
652 4916 673 4959 a
702 4895 848 4984 pluribus
877 4907 968 4962 extat
998 4895 1200 4962 concorditer
1228 4897 1423 4980 conclusum,
1454 4897 1496 4964 ob
1524 4898 1560 4964 id
1589 4898 1712 4985 placuit
1737 4907 1765 4962 et

432 5149 444 5202 1
464 5143 652 5202 Geschrieben
668 5142 742 5200 steht
759 5145 963 5213 iqrtoms'nomm.
