3788 6078
602 471 652 521 Die
671 470 789 521 Stmnmn
808 483 861 520 von
881 467 1051 522 rsus-¹520.
1475 471 1534 536 593

117 649 143 714 si
171 649 205 714 in
233 649 438 736 possessione
465 673 523 716 sex
551 653 709 716 mensium
735 652 833 717 fuerit
860 661 892 717 et
920 650 1150 738 permanserit,
1181 657 1213 714 ct
1244 647 1326 713 alter
1354 650 1535 717 medicinae

118 746 229 813 doctor
251 749 353 813 eciam
374 771 412 814 eo
436 752 544 816 senior
562 751 648 816 inira
669 749 731 815 hoc
759 760 888 839 tempus
910 773 975 815 non
996 748 1181 831 advenerit,
1209 771 1374 834 quousque
1398 750 1537 816 voluerit

116 848 245 928 (ceteris
258 847 408 933 paribus)
428 848 632 935 permanebit
652 851 686 915 in
706 873 765 916 sua
784 850 999 938 possessione,
1019 849 1082 912 nisi
1104 847 1301 912 domicilium
1323 846 1364 912 ab
1387 848 1449 913 hac
1468 852 1536 914 mri-

115 948 271 1011 versitate
291 945 333 1012 ad
354 947 452 1013 alium
472 947 579 1014 locum
600 948 810 1015 transtulerit.

292 1119 322 1179 2.
351 1131 399 1178 DE
422 1132 515 1181 LOCO
540 1133 670 1182 Ducam
691 1133 798 1182 INTER
817 1131 1004 1182 DOCTORES
1024 1131 1110 1179 SUAE
1132 1129 1359 1178 EACULTA'I'IS.
1562 1123 1579 1178 5

197 1244 353 1311 Decanns
374 1247 555 1314 medicinae
575 1249 756 1331 facultatis,
778 1249 834 1337 qui
863 1247 960 1314 habet
988 1245 1061 1312 aliis
1087 1245 1273 1311 doctoribus
1295 1246 1486 1332 praecipere
1508 1254 1539 1309 et

114 1343 273 1409 mandare
292 1345 328 1409 in
347 1344 446 1411 licitis
468 1360 500 1412 at
520 1349 674 1430 honestis,
697 1347 739 1414 ob
759 1347 794 1412 id
813 1347 1055 1413 racionabiliter
1077 1349 1217 1433 primum
1238 1344 1344 1410 locum
1365 1347 1448 1410 inter
1470 1368 1539 1411 eos·

114 1442 189 1509 dem
221 1442 368 1510 obtinere
396 1444 493 1512 debet
523 1449 557 1512 in
589 1445 788 1514 sessionibus
819 1449 1040 1512 universitatis
1073 1455 1104 1511 et
1136 1443 1428 1511 convocacionibus
1460 1469 1539 1508 suae

112 1541 288 1610 facultatis.

271 1717 299 1780 3·
322 1728 449 1789 QUIBUS
469 1730 629 1780 DECANUE
649 1731 817 1778 MANDARE
838 1729 991 1778 POTEEIT
1013 1729 1058 1776 ET
1082 1729 1145 1778 SUB
1169 1727 1237 1788 Qua
1260 1727 1384 1776 Ponat.
1549 1721 1582 1775 10

199 1839 260 1929 [Bl.
279 1839 330 1930 2¹¹]
364 1845 519 1911 Decanus
546 1845 645 1911 babet
671 1845 828 1911 mandare
858 1845 1005 1910 omnibus
1033 1852 1065 1908 et
1091 1843 1228 1929 singulis
1253 1842 1438 1908 doctoribus
1460 1865 1539 1907 suae

114 1940 290 2024 facultatis,
312 1965 383 2008 curn
405 1945 565 2011 intersunt
586 1947 653 2011 suis
675 1943 963 2010 convocationibus
990 1966 1050 2030 pro
1078 1943 1164 2007 bono
1185 1942 1349 2007 facultatis
1370 1941 1539 2024 faciendis,

114 2040 174 2104 sub
196 2061 303 2128 poena
324 2052 487 2108 certorum
508 2067 695 2129 grossorum
717 2042 983 2107 irremissibiliter
1003 2042 1151 2107 facultati
1172 2041 1469 2128 persolvendorum.
1500 2042 1538 2105 In

115 2141 213 2204 certis
235 2141 339 2205 eciam
361 2141 491 2207 casibus
512 2142 720 2226 licenciatos,
742 2142 973 2207 baccalaureos
996 2151 1027 2206 et
1049 2140 1191 2206 scolares
1213 2140 1357 2206 eiusdem
1377 2139 1541 2205 facultatis

113 2241 157 2308 (si
178 2240 209 2302 ei
231 2249 263 2302 et
285 2239 421 2326 collegio
447 2240 615 2307 doctorum
644 2243 749 2306 visum
772 2238 883 2328 fuerit)
915 2240 959 2307 ad
986 2239 1168 2306 huiusmodi
1197 2241 1450 2304 convocaciones
1481 2262 1539 2304 seu
1553 2251 1582 2304 15

115 2339 225 2403 verius
248 2338 291 2403 ad
312 2343 536 2426 praesenciam
557 2340 727 2406 doctorum
747 2363 867 2406 vocare
887 2341 1015 2427 poterit,
1038 2339 1097 2406 sub
1118 2362 1225 2426 poena
1246 2341 1436 2426 praemissa.

117 2509 146 2567 4.
167 2519 215 2568 DE
230 2521 436 2572 Immitto
457 2523 726 2572 coaroutnlrna
746 2522 976 2572 PEAESTANDO
998 2523 1221 2570 ASSUMMENDI
1242 2523 1289 2569 AD
1311 2521 1542 2570 EACULTATEE

430 2623 620 2670 MEDICINAE
644 2624 708 2671 SEU
731 2623 777 2671 AD
799 2621 987 2670 comsmmn
1009 2622 1237 2670 recusatam.

206 2736 355 2818 Quilibet
369 2737 581 2804 assumendus
602 2738 646 2803 ad
666 2737 853 2804 facultatem
873 2737 1054 2802 medicinae
1074 2737 1126 2803 vel
1147 2738 1190 2803 ad
1211 2737 1379 2803 consilimn
1401 2737 1545 2803 eiusdem

115 2837 241 2904 iurabit
261 2837 475 2924 corporaliter
497 2838 620 2904 decano
648 2838 813 2903 facrdtatis
842 2836 1023 2902 medicinae
1049 2837 1109 2902 sub
1136 2837 1198 2902 hac
1224 2839 1344 2902 forma:
1378 2837 1472 2922 „Ego
1495 2837 1586 2902 mm

119 2939 191 3002 iuro
215 2935 311 3002 vobis
333 2934 455 3002 decano
476 2939 658 3024 vestrisque
680 2937 921 3002 successoribus
951 2938 1172 3002 reverenciam
1201 2947 1233 3001 et
1260 2935 1483 3002 obedienciam
1510 2938 1545 3002 in

115 3037 219 3101 licitis
241 3046 274 3099 et
301 3035 462 3119 honestis,
492 3047 524 3101 et
552 3058 721 3102 reservare
749 3045 870 3100 statuta
898 3047 930 3100 et
958 3034 1148 3118 statuenda,
1177 3057 1261 3120 quae
1290 3044 1364 3099 sunt
1392 3047 1424 3100 et
1452 3045 1547 3100 erunt

119 3159 178 3224 per
199 3133 387 3200 facultatem
409 3157 466 3200 seu
487 3137 643 3201 maiorem
665 3143 791 3222 partem
813 3133 1015 3221 approbata,
1037 3144 1069 3198 et
1097 3156 1273 3219 procurare
1303 3134 1421 3199 bonum
1444 3135 1544 3200 facul·

114 3237 202 3318 tatis,
228 3233 271 3299 ad
291 3256 514 3324 quemcunque
537 3242 657 3300 statum
679 3233 849 3300 devenero.
892 3233 947 3297 Sic
969 3232 1120 3298 madeus
1143 3232 1275 3298 adiuvet
1296 3243 1328 3296 et
1349 3243 1462 3298 sancta
1490 3233 1544 3298 dei

116 3333 327 3421 ewangelia“
1553 3343 1586 3399 25

116 3507 143 3564 5.
177 3517 224 3564 DE
249 3516 348 3564 MODO
372 3515 622 3578 collatunnam
650 3516 718 3564 PER
744 3515 911 3564 DECANUM
938 3515 974 3563 m
1004 3513 1327 3564 convocacloltneus
1351 3514 1546 3566 DOCTORUM

521 3617 566 3664 ET
588 3615 799 3664 exterminus
821 3614 1146 3664 PEOMOVENDOBUM.

203 3732 359 3798 Decanus
388 3733 421 3795 in
451 3730 745 3797 convocacionibu's
775 3732 943 3796 doctorum
980 3753 1040 3817 pro
1076 3729 1183 3817 aliquo
1215 3732 1350 3817 negocio
1383 3732 1546 3799 facsdtatis

120 3829 295 3898 tractando
311 3842 342 3896 et
356 3829 560 3917 expediendo
572 3829 670 3896 habet
682 3831 835 3896 inducere
855 3843 887 3894 et
908 3829 1085 3894 secundum
1108 3829 1261 3894 maiorem
1284 3840 1411 3917 partem
1434 3833 1545 3898 suffra·

117 3937 247 4019 giorum
268 3933 470 4016 vocumqne¹
500 3931 769 3997 concordancium
793 3928 1000 4011 concludere,
1028 3941 1256 4017 praeterquam
1277 3931 1310 3994 in
1331 3933 1490 4016 graciosia
1513 3943 1587 3998 etto

117 4029 408 4118 praeiudicialibus
422 4051 505 4094 unus
528 4030 615 4095 solus
637 4034 759 4118 poterit
780 4027 1003 4094 contradicere
1023 4039 1054 4092 et
1075 4027 1254 4093 reclamare
1274 4035 1321 4108 (et
1335 4032 1404 4095 eius
1419 4044 1545 4097 contra-

118 4130 218 4197 dictio
241 4144 273 4196 et
293 4128 481 4195 reclamatio
504 4129 607 4213 valet;
629 4131 776 4207 verum)²
798 4131 831 4194 in
854 4129 1058 4193 examinibus
1087 4128 1382 4214 promovendorum
1405 4153 1472 4196 vox
1494 4132 1546 4196 vel

117 4241 230 4296 votum
258 4231 354 4295 unius
381 4237 507 4294 tantum
536 4227 677 4294 doctoris
702 4241 868 4318 tamquam
898 4251 963 4291 vox
990 4224 1108 4292 mallius
1135 4228 1356 4314 reputabitur,
1384 4253 1459 4296 narn
1486 4231 1545 4297 boc

117 4353 207 4414 casu,
230 4328 317 4417 quod
337 4330 442 4394 maior
463 4351 542 4414 pars
562 4329 685 4410 fecerit,
710 4325 773 4417 [3⁸]
796 4331 876 4394 iuris
898 4327 1116 4412 disposicione
1136 4327 1253 4393 fecisse
1275 4328 1436 4395 dicuntur.
1466 4331 1543 4396 ideo

116 4441 197 4496 tunc
219 4451 292 4493 cum
314 4430 436 4493 maiore
465 4439 560 4514 parte
588 4426 732 4493 decanus
762 4450 853 4493 suam
884 4434 1009 4491 tantum
1037 4448 1148 4491 vocem
1179 4427 1440 4494 connumerando
1469 4439 1586 4496 con-3⁵

120 4527 253 4594 cludere
278 4525 375 4593 debet
396 4549 467 4592 esse
489 4528 667 4592 astrictua.³

206 4731 217 4782 1
237 4726 296 4782 Eiir
305 4725 504 4824 saffropionan
514 4743 661 4797 voeamqroe
672 4742 729 4780 war
742 4723 862 4796 anfangs
878 4723 1057 4797 geschrieben
1074 4731 1199 4794 caenam,
1216 4723 1306 4780 sicher
1322 4745 1374 4781 nur
1390 4727 1435 4782 ein
1448 4727 1547 4784 Eehler

115 4815 166 4870 dm
183 4809 582 4965 Δῆἓῗιιιιὶειιῖιίιίιωωειωυ
599 4895 697 4950 Worte
722 4893 782 4947 sind
807 4911 862 4948 von
884 4892 1027 4948 desselben
1044 4893 1127 4947 Hand
1146 4911 1190 4948 am
1211 4895 1308 4951 Raude
1325 4895 1483 4968 beigefiigt,
1500 4898 1545 4952 die

116 4983 164 5038 dis
182 4977 405 5050 voraufgshende
421 4977 567 5034 Comectur
587 4979 705 5048 aintrug.

204 5071 220 5120 3
237 5065 292 5119 Am
304 5063 403 5118 Raude
414 5063 451 5117 ist
463 5063 515 5118 auf
525 5065 569 5118 die
581 5063 733 5118 vorletaten
748 5059 1008 5116 Znsatabeschliisse
1024 5062 1056 5131 (a.
1069 5063 1107 5134 a.)
1119 5065 1265 5121 verwiesen
1283 5064 1332 5118 mit
1348 5065 1401 5119 den
1416 5066 1544 5122 Worten:

118 5153 165 5208 Dc
181 5149 309 5205 aetna
320 5149 658 5220 promoamtinm'quosre
674 5147 705 5200 ia
719 5146 787 5212 fine.

188 5251 407 5292 aestumandum
425 5251 483 5287 ΜΒ
501 5251 574 5288 EMV.
591 5250 711 5286 uinta.
1334 5242 1373 5304 38
