3758 6072
357 467 418 534 404
850 461 902 514 Die
920 461 1139 528 philosophirche
1157 459 1285 516 Faculttt.

441 651 563 711 Fortun
582 651 663 710 wird
691 650 739 709 die
759 650 951 727 Eintheiluup
978 652 1047 709 sehr
1075 650 1230 728 rehwieriy
1256 671 1293 710 ιιι
1320 651 1556 710 carceratam.
1600 653 1655 710 let
1678 652 1778 729 plaude

361 751 404 808 aie
424 751 463 810 ιἠι
482 749 655 828 Fotpendea
676 752 754 808 nach
775 751 937 827 Anteitauq
957 751 1009 808 des
1030 745 1121 812 Ordo
1143 755 1337 812 statutorum
1361 755 1423 824 aas
1439 751 1487 810 Bt.
1508 752 1554 814 3·
1574 751 1718 828 richtiper
1735 771 1776 828 pe-

362 853 472 926 troffea
491 871 528 908 ιιι
555 851 649 910 haben
677 853 724 908 als
751 850 783 908 ιἰι
812 852 869 909 deu
895 849 1040 910 Urtundt.
1066 850 1191 916 Quellea
1213 849 1246 908 S.
1268 850 1328 914 832
1342 855 1392 926 sq.
1442 851 1504 928 Vqr.
1525 851 1604 910 ιιιιιΙι
1631 851 1679 909 die
1700 852 1777 910 Διιιιι.
1858 909 1859 926 ,

359 969 396 1009 ιιι
424 951 520 1024 VIII,
543 954 581 1014 10
601 971 629 1008 ιι.
650 950 707 1010 ΙΧ.

317 1175 334 1230 5
360 1165 432 1230 VII.
465 1161 525 1252 [Bl.
550 1160 624 1252 14⁸]
655 1163 714 1228 De
736 1163 1021 1249 assumptione
1048 1159 1386 1230 baccalariorum
1414 1161 1592 1228 alterius
1619 1163 1776 1227 univer·

360 1265 511 1329 sitatis
533 1272 572 1327 ct
594 1261 640 1327 de
661 1263 957 1349 disputatione
977 1271 1014 1324 et
1033 1260 1247 1328 honestate
1267 1262 1601 1328 baccalariorum
1620 1273 1778 1327 nostrae

766 1361 1067 1426 universitatis
1088 1372 1129 1426 et
1149 1361 1381 1428 facultatis.

449 1547 493 1614 1.¹
520 1545 663 1631 Placuit,
685 1555 720 1612 ut
746 1544 853 1610 nullus
881 1543 1084 1610 baccalarius
1112 1543 1245 1611 alterius
1273 1547 1494 1612 smiversitatis
1525 1552 1712 1610 assumatur
1741 1543 1779 1608 ad

359 1647 547 1712 facultatem
568 1648 708 1729 areium,
726 1646 790 1710 nisi
813 1643 959 1710 docuerit
980 1645 1215 1731 promotionem
1242 1668 1335 1712 suam
1360 1644 1477 1710 litteris
1505 1645 1678 1710 autenticis
1708 1667 1779 1709 suae

322 1747 584 1813 touuiversitatis
608 1745 660 1810 vel
678 1744 859 1828 facultatis;
890 1742 942 1809 vel
964 1743 1047 1809 duos
1068 1745 1243 1830 magistros
1262 1744 1393 1828 habeat,
1413 1745 1468 1831 qui
1489 1765 1551 1831 pro
1573 1765 1612 1808 eo
1632 1743 1779 1808 fideiube·

360 1858 426 1930 ant,
447 1855 484 1911 ut
502 1844 585 1910 tales
604 1845 717 1910 literas
737 1844 824 1909 infra
850 1843 992 1908 medium
1021 1865 1143 1908 annum
1171 1843 1231 1909 sub
1253 1867 1358 1932 poena
1380 1845 1517 1932 periurii
1537 1853 1570 1908 et
1591 1842 1780 1909 exclusionis

362 1945 506 2012 eiusdem
521 1945 708 2011 assumendi
724 1952 891 2031 apportet,
913 1942 965 2008 vel
983 1964 1043 2030 per
1057 1944 1275 2008 iuramentum
1295 1967 1389 2010 suum
1408 1945 1585 2032 proprium,
1611 1944 1641 2008 si
1661 1942 1780 2007 litteras

362 2047 542 2112 autenticas
568 2055 786 2132 competenter
813 2042 934 2108 habere
959 2066 1025 2109 nou
1052 2045 1186 2130 poterit,
1208 2053 1241 2108 et
1265 2041 1386 2110 habeat
1411 2045 1493 2109 duas
1524 2065 1683 2130 personas
1710 2041 1780 2106 fide

362 2145 489 2232 dignas,
511 2147 568 2233 qui
589 2145 649 2212 sub
671 2146 738 2210 suis
756 2144 945 2210 iuramentis
967 2142 1088 2227 dicant,
1109 2142 1207 2209 talam
1230 2145 1277 2208 sic
1299 2142 1528 2209 assumendum
1550 2147 1585 2208 in
1604 2141 1664 2206 tali
1683 2139 1782 2227 gradu

320 2255 352 2310 tt
362 2267 433 2310 csse
455 2255 647 2332 promotum.

446 2350 474 2411 2.
494 2345 577 2410 Item
592 2344 699 2410 nullus
719 2341 978 2408 baccalariorum
994 2344 1029 2408 in
1044 2340 1169 2408 artibus
1188 2351 1296 2430 portet
1313 2341 1449 2429 pallium
1468 2365 1510 2408 ex
1525 2353 1664 2430 unoque
1684 2340 1779 2406 latere

359 2444 412 2510 vel
430 2467 494 2511 uno
507 2455 657 2532 apertum
675 2466 748 2509 cum
761 2442 874 2530 iopula
893 2441 945 2507 vel
964 2443 1126 2527 tunicella,
1146 2465 1230 2528 quae
1250 2464 1316 2507 non
1335 2441 1541 2530 protenditur
1562 2441 1649 2507 ultra
1670 2463 1779 2526 genua,

360 2567 465 2633 neque
488 2543 587 2609 alium
608 2542 756 2608 habitum
776 2541 977 2607 indecentem
1000 2542 1134 2608 deferat.
1178 2542 1245 2623 Qui
1267 2546 1295 2607 si
1318 2545 1517 2608 contrarium
1539 2543 1666 2624 fecerit,
1688 2543 1721 2604 in
1739 2539 1779 2603 di·

365 2644 465 2708 midio
482 2643 603 2709 floreno
619 2665 679 2730 per
698 2642 855 2707 decanum
871 2641 1034 2707 facultatis
1051 2645 1175 2708 arcium
1190 2644 1352 2731 puniatur.
1395 2642 1461 2723 Qui
1482 2643 1509 2708 ai
1531 2665 1566 2708 se
1588 2641 1779 2728 opposuerit,

318 2741 405 2807 toad
425 2742 595 2808 ulteriores
616 2740 739 2830 gradus
760 2743 794 2806 in
815 2739 940 2806 artibus
962 2764 1026 2807 non
1048 2742 1246 2808 admittatur.

448 2848 477 2910 3.
498 2843 580 2908 Item
597 2839 803 2906 baccalarius
820 2840 953 2907 alterius
973 2843 1195 2908 universitatis
1217 2843 1270 2908 hic
1294 2852 1481 2928 assumptus
1501 2839 1625 2906 iurabit
1647 2839 1707 2906 sub
1727 2840 1780 2905 hac

362 2942 482 3007 forma:
504 2941 599 3028 „Ego
621 2941 670 3006 .N.
691 2943 772 3027 iuro,
795 2941 882 3029 quod
903 2942 989 3007 infra
1010 2942 1208 3030 quindenam
1226 2941 1372 3008 facultati
1393 2939 1491 3006 velim
1514 2939 1674 3007 solveret
1697 2941 1781 3006 flore·

364 3065 440 3106 uum
456 3042 639 3107 reinensem
659 3050 691 3106 et
708 3042 852 3107 medium
866 3042 1023 3107 florenum
1044 3065 1104 3131 pro
1126 3043 1204 3109 fisco
1225 3043 1457 3124 universitatis,
1477 3039 1530 3104 vel
1552 3040 1700 3106 obtinere
1720 3041 1780 3104 cius

363 3141 584 3207 dimissionem
597 3141 651 3206 vel
662 3140 850 3206 dilationem
862 3164 882 3207 a
893 3141 1061 3226 facultate,
1083 3145 1159 3207 item
1175 3141 1263 3230 quod
1283 3151 1428 3228 tempore
1444 3161 1537 3205 meae
1557 3141 1780 3228 assumptionis

319 3243 509 3308 ttnuncciis
524 3243 747 3306 universitatis
765 3241 850 3308 dabo
864 3240 1014 3306 adminus
1026 3253 1165 3327 quatuor
1176 3265 1325 3329 grossos3
1347 3243 1425 3305 item
1443 3239 1530 3328 quod
1554 3239 1674 3305 bonum
1694 3240 1779 3306 huius

364 3343 586 3407 universitatis
610 3351 643 3406 ct
661 3340 825 3407 facultatis
847 3343 972 3407 arcium
992 3341 1090 3408 velim
1118 3364 1311 3429 procurare,
1338 3351 1370 3406 ct
1400 3349 1522 3405 staurta
1549 3351 1582 3404 et
1609 3339 1780 3420 statuenda,

364 3465 448 3530 quae
471 3452 545 3508 suut
566 3464 626 3530 pro
647 3441 733 3508 bono
761 3443 982 3506 uniuersitatis
1011 3452 1043 3507 et
1070 3441 1234 3508 facultatis
1261 3440 1465 3531 praedictae,
1494 3439 1539 3506 ad
1565 3461 1780 3528 quemcunque

365 3550 485 3608 statum
505 3542 677 3627 devenero,
698 3541 797 3607 velim
819 3541 1024 3608 observare.“

966 3684 993 3743 4.
1018 3694 1078 3759 Vgl.
1097 3695 1130 3758 X,
1149 3695 1188 3747 lt.

321 3801 356 3860 30
447 3796 529 3861 Item
552 3792 674 3880 placet,
696 3792 782 3879 quod
804 3791 939 3882 quilibet
960 3792 1164 3858 baccalarius
1185 3793 1219 3858 in
1241 3791 1367 3858 artibus
1395 3800 1523 3856 tenetur
1543 3793 1578 3856 in
1597 3790 1713 3856 ordine
1732 3811 1782 3856 suo

364 3892 416 3957 die
434 3893 595 3959 dominico
614 3892 792 3980 disputare,
815 3916 888 3958 cum
910 3895 1112 3959 intimatione
1132 3892 1264 3981 publica
1285 3915 1349 3958 uon
1369 3890 1473 3957 solum
1495 3890 1538 3954 ad
1559 3889 1676 3956 valvas
1697 3890 1781 3956 colle·

367 3993 495 4079 giorum
517 3993 699 4059 sedeciam
721 3993 764 4058 ad
785 3993 918 4058 bursam
939 3993 1121 4077 facultatis,
1143 4015 1227 4080 quae
1255 4004 1306 4058 est
1330 3990 1420 4056 locus
1446 3991 1663 4078 paedagogii3
1695 4013 1783 4080 quam

366 4091 621 4179 disputationem
634 4092 776 4160 decanus
795 4103 922 4160 tenetur
945 4094 1009 4160 sibi
1029 4092 1072 4159 ad
1094 4103 1165 4158 octo
1188 4091 1259 4158 dios
1281 4101 1355 4157 ante
1374 4113 1435 4179 per
1454 4090 1612 4156 famulum
1634 4092 1784 4158 universi-

366 4195 443 4257 tatis
455 4193 615 4260 intimare.
649 4193 694 4258 Et
709 4193 906 4281 disputando
924 4193 1090 4260 ordinarie
1111 4215 1177 4257 oon
1199 4195 1308 4279 capiat
1329 4191 1534 4279 quaestiones
1555 4191 1621 4255 nisi
1643 4193 1678 4257 iu
1698 4191 1785 4278 loyca

322 4301 355 4358 35
365 4301 398 4358 et
410 4292 616 4381 philosophia
629 4293 781 4376 naturali,
803 4316 863 4358 nec
878 4294 1082 4381 sophismata
1096 4295 1159 4357 nisi
1174 4295 1208 4357 in
1224 4294 1437 4380 grammatica
1458 4303 1491 4358 at
1510 4291 1617 4379 loyca,
1641 4291 1690 4357 sic
1706 4288 1785 4378 quod

365 4392 528 4458 rethorica
541 4403 671 4460 maneat
685 4417 746 4482 pro
765 4395 932 4480 magistris
952 4403 1088 4482 propter
1109 4395 1245 4458 tercium
1265 4391 1444 4480 zophisma,
1467 4391 1528 4457 sub
1550 4415 1659 4479 poena
1681 4392 1784 4457 decem

366 4516 574 4581 grossorum,
602 4515 684 4580 quos
712 4495 855 4561 decanus
883 4492 942 4560 sub
973 4516 1031 4560 suo
1059 4495 1240 4559 iuramento
1269 4503 1395 4558 tenetur
1424 4495 1570 4580 rigorose
1597 4503 1785 4580 extorquere

361 4593 544 4660 abeodem.

962 4703 991 4763 5·
1009 4712 1070 4778 Vgl.
1089 4713 1124 4778 X,
1143 4711 1182 4764 ll.

446 4812 530 4877 Item
552 4810 685 4899 placuit,
708 4810 793 4899 quod
813 4811 919 4878 nullus
939 4811 1199 4878 baccalariorum
1221 4808 1412 4898 plusquam
1433 4808 1533 4875 semol
1553 4811 1589 4874 in
1608 4808 1663 4875 die
1684 4819 1783 4875 extra·

320 4911 529 4977 ttlordinaric
551 4911 694 4998 disputet
715 4913 749 4975 in
770 4911 878 5001 aliquo
908 4912 1114 4978 lectorionun
1145 4935 1219 4978 oum
1240 4911 1449 4976 intimacionc
1470 4907 1603 4997 publica
1624 4919 1658 4974 et
1677 4907 1782 4974 habitu

448 5084 459 5135 l
481 5080 537 5134 Am
548 5078 661 5134 Raude:
679 5078 903 5134 maurusam
920 5079 1009 5134 Ιιιιίιιι
1025 5079 1196 5136 recuruum
1213 5079 1243 5133 iu
1253 5079 1334 5151 solio
1350 5083 1379 5133 19
1397 5077 1459 5152 (²1),
1474 5079 1524 5133 aot
1541 5080 1628 5136 ισίιιιιι
1646 5079 1738 5149 opiter
1752 5076 1782 5128 de

364 5163 532 5218 buemlurifr
548 5165 717 5218 αιιιιιιιιιιάιζι
732 5164 848 5230 ulterius
863 5165 1059 5220 miserturo.
