3788 6078
336 455 396 518 590
845 443 896 500 Die
914 447 1101 500 medicinlache
1118 447 1244 501 henim.

421 637 470 700 33.
496 631 578 698 Item
610 641 776 717 promotus
803 631 837 696 in
863 628 1083 696 baccalarium
1110 627 1273 694 facultatis
1293 627 1473 696 medicinae
1495 631 1528 696 in
1550 633 1750 698 universitate

339 733 532 820 Lipoaensi,
555 739 725 818 postquam
754 741 941 815 assumptus
963 730 1062 794 fuerit
1087 729 1129 794 ad
1154 727 1327 814 legendum
1349 751 1409 818 pro
1431 729 1644 796 licenciatura
1662 731 1751 796 facul·

341 834 418 898 tatis
440 829 620 895 medicinae
641 838 673 893 et
691 827 807 914 legerit
826 849 887 914 pro
909 827 1039 914 publico
1061 829 1212 892 examine
1238 826 1486 912 licencisturae,
1514 841 1651 913 extunc,
1675 844 1750 918 post·

339 955 435 1021 quam
465 937 630 1017 promotus
657 927 754 992 fuerit
788 928 822 992 in
860 926 1024 992 doctorem
1063 925 1243 992 medicinae
1273 927 1306 991 111
1332 929 1544 994 universitate
1578 930 1751 1018 Inponensi,

298 1045 315 1098 t
343 1027 540 1120 praecedere
572 1024 704 1092 babebit
736 1027 769 1092 in
802 1025 873 1092 loco
905 1023 1080 1113 quemlibet
1109 1026 1272 1091 doctorem
1304 1025 1484 1093 medicinae
1516 1039 1698 1116 promotum
1724 1035 1751 1094 in

342 1131 504 1196 doctorem
528 1125 706 1192 medicinae
732 1127 764 1190 iu
786 1124 852 1190 alia
873 1127 1100 1204 universitate,
1121 1126 1184 1189 nisi
1206 1123 1281 1190 talis
1308 1124 1421 1192 doctor
1451 1127 1586 1194 alterius
1606 1131 1752 1194 universi·

342 1231 419 1294 tatis
452 1230 486 1292 iu
519 1226 731 1290 universitate
759 1224 932 1312 Lipczensi
965 1237 1039 1289 ante
1070 1223 1298 1290 admissionem
1335 1226 1478 1291 eiusdem
1510 1227 1688 1293 baccalarii
1716 1228 1753 1292 ad

339 1328 507 1393 licenciam
536 1334 621 1390 esset
646 1333 928 1412 praeassumptus3
960 1323 1013 1388 hic
1040 1325 1125 1388 enim
1154 1322 1229 1388 talis
1256 1321 1380 1408 doctor,
1408 1324 1462 1389 bic
1491 1327 1525 1390 111
1552 1327 1753 1392 universitate

339 1427 512 1514 Idpczensi
534 1435 718 1512 promotus,
740 1421 839 1488 talem
861 1421 1025 1488 doctorem
1051 1421 1190 1486 alienum
1219 1426 1309 1512 sequi
1336 1422 1452 1506 debet,
1488 1425 1592 1490 eciam
1628 1428 1656 1490 si
1688 1439 1753 1491 ante

301 1538 333 1592 10
342 1528 445 1614 ipsius
475 1523 617 1590 doctoris
647 1521 689 1588 ad
717 1520 903 1588 facultatem
932 1520 1113 1589 medicinae
1142 1523 1400 1610 assumpciouem
1429 1521 1471 1587 ad
1500 1523 1675 1612 legendum
1702 1549 1753 1612 pro

341 1626 476 1691 licencia
494 1632 581 1688 esset
600 1621 772 1687 admissus.
814 1619 974 1686 Doctores
996 1631 1101 1686 autem
1123 1620 1176 1685 bio
1198 1623 1338 1708 promoti
1361 1621 1466 1687 locum
1487 1621 1632 1689 habeant
1653 1647 1754 1688 secuu-

341 1726 418 1792 dum
440 1723 659 1812 primogenita
680 1721 824 1808 ipsorum
848 1720 890 1785 ad
911 1719 1082 1785 licenciam
1104 1722 1374 1808 assnmpcionum.

422 1929 470 1991 34.
500 1921 580 1986 Item
607 1919 826 1987 doctorandus
857 1919 890 1984 in
921 1917 978 1983 illa
1007 1919 1217 1984 universitate
1247 1929 1393 2008 tempore
1426 1943 1505 1987 suae
1543 1925 1754 2010 promocionis

339 2024 430 2089 dabit
450 2024 592 2109 quinque
614 2020 753 2085 florenos
773 2019 920 2084 riueuses
942 2017 1070 2084 famulis
1093 2020 1323 2086 universitatis.

301 2235 332 2288 n
423 2229 473 2289 35.
503 2221 583 2286 Item
604 2219 710 2285 nullus
730 2217 899 2283 doctorum
922 2219 965 2282 sit
985 2217 1026 2283 de
1048 2217 1182 2283 consilio
1210 2217 1371 2284 facultatis
1397 2217 1596 2304 medicinae,
1622 2225 1685 2288 nisi
1709 2223 1753 2286 bic

339 2327 373 2389 in
394 2321 604 2388 universitate
625 2317 677 2383 vel
697 2321 730 2382 in
751 2317 817 2382 alia
837 2340 931 2383 suum
952 2316 1116 2382 biennium
1136 2316 1346 2405 conpleverit,
1367 2327 1400 2384 et
1421 2319 1481 2385 hoc
1503 2344 1561 2386 suo
1585 2322 1754 2386 iuramento

339 2419 550 2490 confirmabit.

423 2627 473 2688 36.
493 2619 574 2684 Item
596 2615 731 2702 quilibet
754 2616 992 2702 promovendus
1015 2617 1047 2680 111
1068 2615 1272 2680 licenciatum
1294 2615 1458 2682 facultatis
1481 2618 1664 2685 medicinae
1685 2631 1754 2684 10111-

342 2743 421 2808 pore
450 2718 608 2782 examinis
639 2713 781 2780 fiendae¹
807 2738 867 2801 pro
896 2715 1104 2779 licenciatura
1134 2715 1224 2780 dabit
1254 2738 1312 2802 pro
1343 2713 1531 2782 doctoribus
1560 2717 1601 2783 de
1630 2721 1753 2784 consilio

299 2819 506 2886 wlacultatis
527 2813 707 2880 medicinae
729 2813 941 2879 existentibus
965 2813 1134 2880 duodecim
1156 2813 1294 2879 florenos
1317 2815 1471 2884 rinenses.

424 3025 471 3086 37.
493 3017 573 3082 Item
587 3011 722 3102 quilibet
740 3012 977 3100 promovendus
1000 3015 1034 3078 in
1057 3013 1276 3079 baccalarium
1298 3014 1460 3080 facultatis
1483 3013 1665 3082 medicinae
1686 3027 1754 3082 tem·

343 3141 422 3208 pore
444 3117 493 3182 sui
514 3116 674 3181 examinis
696 3135 755 3200 pro
776 3112 996 3178 baccalariatu
1018 3112 1110 3178 dabit
1131 3137 1188 3178 sex
1210 3111 1347 3178 florenos
1372 3136 1548 3201 reynenses
1571 3138 1632 3202 pro
1654 3115 1755 3181 docto

343 3219 433 3284 ribus
454 3216 496 3282 de
516 3213 648 3281 consilio
671 3211 884 3278 existentibus
905 3212 1067 3278 facultatis
1089 3211 1243 3278 eiusdem.

425 3419 475 3484 38.
510 3415 591 3480 ltem
619 3409 753 3500 quilibet
781 3410 1051 3476 baccalariandus
1083 3409 1354 3496 (stercona-iesca
1388 3410 1626 3500 baccalarins),
1655 3415 1757 3479 volens

300 3515 530 3606 ttpromoveri
560 3515 592 3576 111
624 3510 838 3594 licenciatum‚
868 3509 964 3574 debet
992 3511 1098 3596 primo
1120 3511 1267 3595 optinere
1297 3533 1317 3574 a
1346 3509 1533 3576 doctoribus
1561 3511 1603 3578 de
1630 3513 1757 3578 consilio

342 3615 507 3684 facultatis
527 3609 708 3676 medicinae
728 3613 870 3674 lisvorem
890 3608 1019 3696 legendi
1036 3631 1096 3696 pro
1112 3607 1259 3690 licencia,
1280 3621 1312 3672 ct
1331 3619 1406 3696 post
1426 3609 1488 3674 boc
1507 3611 1654 3676 favorem
1677 3635 1758 3677 assu-

341 3713 449 3782 mendi
471 3711 514 3778 ad
536 3709 680 3777 eandem

426 3971 468 4030 So
502 3969 568 4028 weit
599 3969 651 4026 lat
688 3964 734 4024 die
765 3972 842 4022 erate
874 3965 971 4022 Hand
1001 3961 1208 4040 yescdrielem
1250 3963 1298 4022 die
1328 3967 1494 4041 sotyevsdcn
1528 3967 1658 4027 Zuadtzc
1698 3969 1761 4027 eiad

342 4071 548 4150 Autoyraplta.

301 4229 336 4286 ³0
428 4221 477 4284 311.
508 4213 604 4279 Auno
631 4211 753 4278 domini
774 4207 824 4272 Mo
845 4207 1061 4274 0000011111ιο
1088 4205 1250 4272 sedecima
1281 4206 1335 4271 die
1361 4207 1553 4276 Decembris
1586 4219 1683 4290 (1465
1708 4219 1758 4275 den

346 4323 394 4385 16.
417 4312 590 4400 December)
612 4311 796 4376 conclusum
818 4311 878 4373 fuit
900 4317 1056 4372 statutum
1078 4307 1181 4390 istud,
1205 4305 1356 4371 videlicet
1377 4308 1463 4393 quod
1484 4309 1593 4375 nullus
1616 4311 1759 4376 denotem

344 4417 522 4503 recipiatur
550 4410 593 4476 ad
619 4408 805 4474 facultatem
834 4407 1030 4488 medicinae,
1062 4407 1123 4471 nisi
1152 4427 1211 4491 per
1238 4407 1411 4471 triennium
1438 4409 1481 4473 ad
1510 4412 1618 4474 minus
1647 4413 1680 4476 111
1701 4410 1761 4476 111111

343 4515 554 4582 universitate
579 4510 705 4574 famosa
733 4509 859 4572 steterit
887 4517 919 4570 et
947 4505 1095 4570 doctores
1132 4503 1311 4570 medicinae
1339 4505 1504 4572 facultmis
1531 4507 1706 4595 diligenter
1731 4512 1759 4573 111

343 4613 542 4681 leccionibus
565 4608 741 4689 audiverit3
768 4617 801 4670 et
825 4605 885 4671 boe
907 4629 965 4670 suo
987 4607 1167 4670 iuramento
1190 4605 1404 4672 confirmabit
1446 4606 1490 4672 Et
1510 4607 1573 4674 boc
1594 4607 1636 4674 de
1657 4609 1759 4675 docto·

302 4713 437 4782 arion
457 4715 491 4778 in
515 4709 579 4776 alia
601 4709 811 4772 universitate
831 4707 987 4792 promotis
1009 4711 1161 4770 statutum
1183 4711 1241 4768 est„
