<?xml version="1.0" encoding="UTF-8"?>
<!DOCTYPE html PUBLIC "-//W3C//DTD XHTML 1.0 Transitional//EN"
    "http://www.w3.org/TR/xhtml1/DTD/xhtml1-transitional.dtd">
<html xmlns="http://www.w3.org/1999/xhtml" xml:lang="en" lang="en">
 <head>
  <title>
</title>
<meta http-equiv="Content-Type" content="text/html;charset=utf-8" />
  <meta name='ocr-system' content='tesseract 3.04.00' />
  <meta name='ocr-capabilities' content='ocr_page ocr_carea ocr_par ocr_line ocrx_word'/>
</head>
<body>
  <div class='ocr_page' id='page_1' title='image "./diestatutenbche00leipgoog_0440.png"; bbox 0 0 3758 6072; ppageno 0'>
   <div class='ocr_carea' id='block_1_1' title="bbox 477 401 1516 466">
    <p class='ocr_par' dir='ltr' id='par_1_1' title="bbox 477 401 1516 466">
     <span class='ocr_line' id='line_1_1' title="bbox 477 401 1516 466; baseline 0.01 -12"><span class='ocrx_word' id='word_1_1' title='bbox 477 405 561 454; x_wconf 83' lang='lat' dir='ltr'><strong>Dritte</strong></span> <span class='ocrx_word' id='word_1_2' title='bbox 579 403 848 464; x_wconf 75' lang='lat' dir='ltr'><strong>Statutenreducdon,</strong></span> <span class='ocrx_word' id='word_1_3' title='bbox 866 417 919 453; x_wconf 89' lang='lat' dir='ltr'><strong>von</strong></span> <span class='ocrx_word' id='word_1_4' title='bbox 938 401 1127 457; x_wconf 69' lang='lat' dir='ltr'><strong>totth-1490.</strong></span> <span class='ocrx_word' id='word_1_5' title='bbox 1456 402 1516 466; x_wconf 81' lang='grc'><strong>419</strong></span> 
     </span>
    </p>
   </div>
   <div class='ocr_carea' id='block_1_2' title="bbox 92 581 1567 2858">
    <p class='ocr_par' dir='ltr' id='par_1_2' title="bbox 92 581 1567 2858">
     <span class='ocr_line' id='line_1_2' title="bbox 92 581 1516 672; baseline -0.004 -22"><span class='ocrx_word' id='word_1_6' title='bbox 92 585 288 668; x_wconf 88' lang='lat' dir='ltr'><strong>iuramenti,</strong></span> <span class='ocrx_word' id='word_1_7' title='bbox 324 587 401 672; x_wconf 92' lang='lat' dir='ltr'><strong>quia</strong></span> <span class='ocrx_word' id='word_1_8' title='bbox 432 585 588 672; x_wconf 88' lang='lat' dir='ltr'><strong>praefatis</strong></span> <span class='ocrx_word' id='word_1_9' title='bbox 621 585 785 672; x_wconf 79' lang='lat' dir='ltr'>magistris</span> <span class='ocrx_word' id='word_1_10' title='bbox 824 593 962 672; x_wconf 88' lang='lat' dir='ltr'><strong>protunc</strong></span> <span class='ocrx_word' id='word_1_11' title='bbox 991 587 1226 654; x_wconf 81' lang='lat' dir='ltr'><strong>rationabiliter</strong></span> <span class='ocrx_word' id='word_1_12' title='bbox 1262 585 1370 649; x_wconf 86' lang='lat' dir='ltr'><strong>visum</strong></span> <span class='ocrx_word' id='word_1_13' title='bbox 1401 581 1516 663; x_wconf 87' lang='lat' dir='ltr'><strong>fuerat,</strong></span> 
     </span>
     <span class='ocr_line' id='line_1_3' title="bbox 93 681 1519 774; baseline -0.005 -24"><span class='ocrx_word' id='word_1_14' title='bbox 93 685 284 774; x_wconf 89' lang='lat' dir='ltr'><strong>plerumque</strong></span> <span class='ocrx_word' id='word_1_15' title='bbox 306 706 376 750; x_wconf 89' lang='lat' dir='ltr'><strong>esse</strong></span> <span class='ocrx_word' id='word_1_16' title='bbox 399 693 430 748; x_wconf 89' lang='lat' dir='ltr'><strong>et</strong></span> <span class='ocrx_word' id='word_1_17' title='bbox 455 683 525 749; x_wconf 88' lang='lat' dir='ltr'><strong>fore</strong></span> <span class='ocrx_word' id='word_1_18' title='bbox 549 707 613 750; x_wconf 89' lang='lat' dir='ltr'><strong>non</strong></span> <span class='ocrx_word' id='word_1_19' title='bbox 642 707 758 772; x_wconf 92' lang='lat' dir='ltr'><strong>parum</strong></span> <span class='ocrx_word' id='word_1_20' title='bbox 790 681 1022 772; x_wconf 88' lang='lat' dir='ltr'><strong>praeiudiciale</strong></span> <span class='ocrx_word' id='word_1_21' title='bbox 1050 686 1116 752; x_wconf 87' lang='lat' dir='ltr'><strong>fere</strong></span> <span class='ocrx_word' id='word_1_22' title='bbox 1149 685 1315 766; x_wconf 89' lang='lat' dir='ltr'><strong>omnibus,</strong></span> <span class='ocrx_word' id='word_1_23' title='bbox 1343 681 1519 768; x_wconf 90' lang='lat' dir='ltr'><strong>praecipue</strong></span> 
     </span>
     <span class='ocr_line' id='line_1_4' title="bbox 92 781 1517 874; baseline -0.006 -23"><span class='ocrx_word' id='word_1_24' title='bbox 92 795 202 851; x_wconf 84' lang='lat' dir='ltr'><strong>tamen</strong></span> <span class='ocrx_word' id='word_1_25' title='bbox 230 781 411 850; x_wconf 88' lang='lat' dir='ltr'><strong>iunioribus</strong></span> <span class='ocrx_word' id='word_1_26' title='bbox 437 781 531 848; x_wconf 89' lang='lat' dir='ltr'><strong>huius</strong></span> <span class='ocrx_word' id='word_1_27' title='bbox 557 795 687 849; x_wconf 88' lang='lat' dir='ltr'><strong>nostrae</strong></span> <span class='ocrx_word' id='word_1_28' title='bbox 718 783 822 848; x_wconf 74' lang='lat' dir='ltr'><strong>almam</strong></span> <span class='ocrx_word' id='word_1_29' title='bbox 850 785 1071 851; x_wconf 88' lang='lat' dir='ltr'><strong>universitatis</strong></span> <span class='ocrx_word' id='word_1_30' title='bbox 1093 786 1277 874; x_wconf 83' lang='lat' dir='ltr'><strong>magistris,</strong></span> <span class='ocrx_word' id='word_1_31' title='bbox 1300 783 1517 866; x_wconf 90' lang='lat' dir='ltr'><strong>cuiuscunque</strong></span> 
     </span>
     <span class='ocr_line' id='line_1_5' title="bbox 92 876 1518 969; baseline -0.006 -19"><span class='ocrx_word' id='word_1_32' title='bbox 92 887 197 950; x_wconf 87' lang='lat' dir='ltr'><strong>eciam</strong></span> <span class='ocrx_word' id='word_1_33' title='bbox 217 884 358 950; x_wconf 86' lang='lat' dir='ltr'><strong>nationis</strong></span> <span class='ocrx_word' id='word_1_34' title='bbox 380 882 555 966; x_wconf 88' lang='lat' dir='ltr'><strong>extiterint,</strong></span> <span class='ocrx_word' id='word_1_35' title='bbox 576 885 750 969; x_wconf 87' lang='lat' dir='ltr'><strong>magistros</strong></span> <span class='ocrx_word' id='word_1_36' title='bbox 764 882 916 948; x_wconf 88' lang='lat' dir='ltr'><strong>videlicet</strong></span> <span class='ocrx_word' id='word_1_37' title='bbox 934 883 1071 949; x_wconf 84' lang='lat' dir='ltr'><strong>aliarum</strong></span> <span class='ocrx_word' id='word_1_38' title='bbox 1089 887 1351 964; x_wconf 82' lang='lat' dir='ltr'><strong>universitatum,</strong></span> <span class='ocrx_word' id='word_1_39' title='bbox 1373 876 1416 945; x_wconf 93' lang='lat' dir='ltr'><strong>ad</strong></span> <span class='ocrx_word' id='word_1_40' title='bbox 1434 877 1518 942; x_wconf 88' lang='lat' dir='ltr'><strong>hane</strong></span> 
     </span>
     <span class='ocr_line' id='line_1_6' title="bbox 93 976 1559 1072; baseline -0.008 -22"><span class='ocrx_word' id='word_1_41' title='bbox 93 987 202 1072; x_wconf 85' lang='lat' dir='ltr'><strong>ipsam</strong></span> <span class='ocrx_word' id='word_1_42' title='bbox 218 992 366 1048; x_wconf 88' lang='lat' dir='ltr'><strong>nostram</strong></span> <span class='ocrx_word' id='word_1_43' title='bbox 379 981 589 1068; x_wconf 84' lang='lat' dir='ltr'><strong>Liptzensern</strong></span> <span class='ocrx_word' id='word_1_44' title='bbox 609 983 854 1048; x_wconf 87' lang='lat' dir='ltr'><strong>universitatem</strong></span> <span class='ocrx_word' id='word_1_45' title='bbox 877 983 1085 1068; x_wconf 89' lang='lat' dir='ltr'><strong>confluentes,</strong></span> <span class='ocrx_word' id='word_1_46' title='bbox 1108 982 1282 1051; x_wconf 79' lang='lat' dir='ltr'><strong>admodum</strong></span> <span class='ocrx_word' id='word_1_47' title='bbox 1304 981 1345 1046; x_wconf 92' lang='lat' dir='ltr'><strong>de</strong></span> <span class='ocrx_word' id='word_1_48' title='bbox 1365 976 1455 1043; x_wconf 89' lang='lat' dir='ltr'><strong>facili</strong></span> <span class='ocrx_word' id='word_1_49' title='bbox 1477 999 1516 1041; x_wconf 93' lang='lat' dir='ltr'><strong>ac</strong></span> <span class='ocrx_word' id='word_1_50' title='bbox 1543 983 1559 1040; x_wconf 87' lang='lat'><strong>5</strong></span> 
     </span>
     <span class='ocr_line' id='line_1_7' title="bbox 93 1075 1519 1173; baseline -0.007 -24"><span class='ocrx_word' id='word_1_51' title='bbox 93 1083 187 1173; x_wconf 88' lang='lat' dir='ltr'><strong>quasi</strong></span> <span class='ocrx_word' id='word_1_52' title='bbox 204 1081 248 1147; x_wconf 91' lang='lat' dir='ltr'><strong>ad</strong></span> <span class='ocrx_word' id='word_1_53' title='bbox 264 1081 366 1148; x_wconf 88' lang='lat' dir='ltr'><strong>solam</strong></span> <span class='ocrx_word' id='word_1_54' title='bbox 380 1081 565 1168; x_wconf 84' lang='lat' dir='ltr'><strong>petitionem</strong></span> <span class='ocrx_word' id='word_1_55' title='bbox 579 1083 733 1169; x_wconf 88' lang='lat' dir='ltr'><strong>ipsorum,</strong></span> <span class='ocrx_word' id='word_1_56' title='bbox 747 1085 817 1146; x_wconf 89' lang='lat' dir='ltr'><strong>vita</strong></span> <span class='ocrx_word' id='word_1_57' title='bbox 837 1105 902 1146; x_wconf 83' lang='lat' dir='ltr'><strong>saw</strong></span> <span class='ocrx_word' id='word_1_58' title='bbox 925 1082 1069 1149; x_wconf 88' lang='lat' dir='ltr'><strong>moribus</strong></span> <span class='ocrx_word' id='word_1_59' title='bbox 1090 1085 1233 1150; x_wconf 89' lang='lat' dir='ltr'><strong>nondum</strong></span> <span class='ocrx_word' id='word_1_60' title='bbox 1255 1081 1402 1168; x_wconf 77' lang='lat' dir='ltr'><strong>cognitis,</strong></span> <span class='ocrx_word' id='word_1_61' title='bbox 1422 1075 1519 1140; x_wconf 91' lang='lat' dir='ltr'><strong>nullis</strong></span> 
     </span>
     <span class='ocr_line' id='line_1_8' title="bbox 95 1179 1517 1270; baseline -0.006 -22"><span class='ocrx_word' id='word_1_62' title='bbox 95 1185 200 1248; x_wconf 89' lang='lat' dir='ltr'><strong>eciam</strong></span> <span class='ocrx_word' id='word_1_63' title='bbox 230 1183 404 1268; x_wconf 85' lang='lat' dir='ltr'><strong>expensis,</strong></span> <span class='ocrx_word' id='word_1_64' title='bbox 425 1179 542 1268; x_wconf 88' lang='lat' dir='ltr'><strong>quibus</strong></span> <span class='ocrx_word' id='word_1_65' title='bbox 571 1185 673 1246; x_wconf 81' lang='lat' dir='ltr'><strong>nostri</strong></span> <span class='ocrx_word' id='word_1_66' title='bbox 700 1181 916 1268; x_wconf 86' lang='lat' dir='ltr'><strong>magistrandi</strong></span> <span class='ocrx_word' id='word_1_67' title='bbox 945 1185 1126 1270; x_wconf 77' lang='lat' dir='ltr'><strong>magisterii</strong></span> <span class='ocrx_word' id='word_1_68' title='bbox 1151 1194 1298 1270; x_wconf 87' lang='lat' dir='ltr'><strong>tempore</strong></span> <span class='ocrx_word' id='word_1_69' title='bbox 1328 1185 1517 1266; x_wconf 87' lang='lat' dir='ltr'><strong>gravantur,</strong></span> 
     </span>
     <span class='ocr_line' id='line_1_9' title="bbox 99 1277 1520 1368; baseline -0.006 -21"><span class='ocrx_word' id='word_1_70' title='bbox 99 1279 304 1368; x_wconf 76' lang='lat' dir='ltr'><strong>praehabitis</strong></span> <span class='ocrx_word' id='word_1_71' title='bbox 326 1291 382 1344; x_wconf 90' lang='lat' dir='ltr'><strong>aut</strong></span> <span class='ocrx_word' id='word_1_72' title='bbox 401 1280 506 1362; x_wconf 84' lang='lat' dir='ltr'><strong>factis,</strong></span> <span class='ocrx_word' id='word_1_73' title='bbox 527 1278 569 1345; x_wconf 86' lang='lat' dir='ltr'><strong>ad</strong></span> <span class='ocrx_word' id='word_1_74' title='bbox 590 1281 834 1367; x_wconf 87' lang='lat' dir='ltr'><strong>responsionem</strong></span> <span class='ocrx_word' id='word_1_75' title='bbox 854 1304 914 1368; x_wconf 93' lang='lat' dir='ltr'><strong>pro</strong></span> <span class='ocrx_word' id='word_1_76' title='bbox 934 1279 1004 1348; x_wconf 88' lang='lat' dir='ltr'><strong>loco</strong></span> <span class='ocrx_word' id='word_1_77' title='bbox 1027 1281 1196 1349; x_wconf 85' lang='lat' dir='ltr'><strong>admittere</strong></span> <span class='ocrx_word' id='word_1_78' title='bbox 1218 1305 1257 1347; x_wconf 89' lang='lat' dir='ltr'><strong>ao</strong></span> <span class='ocrx_word' id='word_1_79' title='bbox 1277 1278 1410 1345; x_wconf 77' lang='lat' dir='ltr'><strong>tandem</strong></span> <span class='ocrx_word' id='word_1_80' title='bbox 1430 1277 1520 1362; x_wconf 87' lang='lat' dir='ltr'><strong>ipsos</strong></span> 
     </span>
     <span class='ocr_line' id='line_1_10' title="bbox 95 1377 1520 1470; baseline -0.006 -24"><span class='ocrx_word' id='word_1_81' title='bbox 95 1381 137 1445; x_wconf 91' lang='lat' dir='ltr'><strong>ad</strong></span> <span class='ocrx_word' id='word_1_82' title='bbox 158 1379 353 1446; x_wconf 80' lang='lat' dir='ltr'><strong>facultatem</strong></span> <span class='ocrx_word' id='word_1_83' title='bbox 374 1401 582 1444; x_wconf 89' lang='lat' dir='ltr'><strong>assummere.</strong></span> <span class='ocrx_word' id='word_1_84' title='bbox 629 1379 773 1467; x_wconf 88' lang='lat' dir='ltr'><strong>Ideoque</strong></span> <span class='ocrx_word' id='word_1_85' title='bbox 801 1391 877 1446; x_wconf 91' lang='lat' dir='ltr'><strong>tuno</strong></span> <span class='ocrx_word' id='word_1_86' title='bbox 905 1404 965 1469; x_wconf 89' lang='lat' dir='ltr'><strong>per</strong></span> <span class='ocrx_word' id='word_1_87' title='bbox 990 1383 1175 1470; x_wconf 88' lang='lat' dir='ltr'><strong>praedictos</strong></span> <span class='ocrx_word' id='word_1_88' title='bbox 1202 1380 1367 1447; x_wconf 88' lang='lat' dir='ltr'><strong>facultatis</strong></span> <span class='ocrx_word' id='word_1_89' title='bbox 1396 1377 1520 1442; x_wconf 87' lang='lat' dir='ltr'><strong>areium</strong></span> 
     </span>
     <span class='ocr_line' id='line_1_11' title="bbox 95 1474 1558 1566; baseline -0.007 -21"><span class='ocrx_word' id='word_1_90' title='bbox 95 1481 271 1566; x_wconf 86' lang='lat' dir='ltr'><strong>magistros</strong></span> <span class='ocrx_word' id='word_1_91' title='bbox 294 1479 506 1562; x_wconf 87' lang='lat' dir='ltr'><strong>concorditer,</strong></span> <span class='ocrx_word' id='word_1_92' title='bbox 528 1477 680 1566; x_wconf 92' lang='lat' dir='ltr'><strong>nulloque</strong></span> <span class='ocrx_word' id='word_1_93' title='bbox 691 1479 941 1564; x_wconf 88' lang='lat' dir='ltr'><strong>contradicente,</strong></span> <span class='ocrx_word' id='word_1_94' title='bbox 963 1505 1028 1548; x_wconf 94' lang='lat' dir='ltr'><strong>non</strong></span> <span class='ocrx_word' id='word_1_95' title='bbox 1048 1485 1117 1548; x_wconf 91' lang='lat' dir='ltr'><strong>sine</strong></span> <span class='ocrx_word' id='word_1_96' title='bbox 1137 1477 1387 1549; x_wconf 88' lang='lat' dir='ltr'><strong>rationabilibus</strong></span> <span class='ocrx_word' id='word_1_97' title='bbox 1409 1474 1515 1542; x_wconf 91' lang='lat' dir='ltr'><strong>causis</strong></span> <span class='ocrx_word' id='word_1_98' title='bbox 1527 1479 1558 1536; x_wconf 85' lang='lat'><strong>10</strong></span> 
     </span>
     <span class='ocr_line' id='line_1_12' title="bbox 99 1573 1519 1668; baseline -0.005 -24"><span class='ocrx_word' id='word_1_99' title='bbox 99 1579 289 1645; x_wconf 89' lang='lat' dir='ltr'><strong>conclusum</strong></span> <span class='ocrx_word' id='word_1_100' title='bbox 303 1587 335 1643; x_wconf 89' lang='lat' dir='ltr'><strong>et</strong></span> <span class='ocrx_word' id='word_1_101' title='bbox 357 1587 511 1644; x_wconf 90' lang='lat' dir='ltr'><strong>statutum</strong></span> <span class='ocrx_word' id='word_1_102' title='bbox 532 1580 593 1644; x_wconf 87' lang='lat' dir='ltr'><strong>fuit</strong></span> <span class='ocrx_word' id='word_1_103' title='bbox 613 1588 645 1643; x_wconf 88' lang='lat' dir='ltr'><strong>et</strong></span> <span class='ocrx_word' id='word_1_104' title='bbox 664 1587 730 1643; x_wconf 89' lang='lat' dir='ltr'><strong>est:</strong></span> <span class='ocrx_word' id='word_1_105' title='bbox 753 1579 839 1668; x_wconf 91' lang='lat' dir='ltr'><strong>quod</strong></span> <span class='ocrx_word' id='word_1_106' title='bbox 860 1581 1016 1666; x_wconf 88' lang='lat' dir='ltr'><strong>magister</strong></span> <span class='ocrx_word' id='word_1_107' title='bbox 1037 1582 1168 1647; x_wconf 85' lang='lat' dir='ltr'><strong>alterius</strong></span> <span class='ocrx_word' id='word_1_108' title='bbox 1187 1580 1418 1660; x_wconf 86' lang='lat' dir='ltr'><strong>universitatis,</strong></span> <span class='ocrx_word' id='word_1_109' title='bbox 1440 1573 1519 1639; x_wconf 81' lang='lat' dir='ltr'><strong>Ger·</strong></span> 
     </span>
     <span class='ocr_line' id='line_1_13' title="bbox 98 1675 1521 1761; baseline -0.008 -14"><span class='ocrx_word' id='word_1_110' title='bbox 98 1681 228 1747; x_wconf 88' lang='lat' dir='ltr'><strong>maniae</strong></span> <span class='ocrx_word' id='word_1_111' title='bbox 250 1677 383 1759; x_wconf 88' lang='lat' dir='ltr'><strong>saltem,</strong></span> <span class='ocrx_word' id='word_1_112' title='bbox 405 1676 448 1742; x_wconf 93' lang='lat' dir='ltr'><strong>ad</strong></span> <span class='ocrx_word' id='word_1_113' title='bbox 468 1687 613 1744; x_wconf 87' lang='lat' dir='ltr'><strong>nostram</strong></span> <span class='ocrx_word' id='word_1_114' title='bbox 633 1681 877 1745; x_wconf 86' lang='lat' dir='ltr'><strong>universitatem</strong></span> <span class='ocrx_word' id='word_1_115' title='bbox 898 1679 996 1745; x_wconf 90' lang='lat' dir='ltr'><strong>studii</strong></span> <span class='ocrx_word' id='word_1_116' title='bbox 1027 1703 1127 1746; x_wconf 89' lang='lat' dir='ltr'><strong>causa</strong></span> <span class='ocrx_word' id='word_1_117' title='bbox 1155 1680 1336 1761; x_wconf 89' lang='lat' dir='ltr'><strong>confluens,</strong></span> <span class='ocrx_word' id='word_1_118' title='bbox 1367 1675 1521 1760; x_wconf 82' lang='lat' dir='ltr'><strong>deinceps</strong></span> 
     </span>
     <span class='ocr_line' id='line_1_14' title="bbox 98 1776 1521 1868; baseline -0.004 -25"><span class='ocrx_word' id='word_1_119' title='bbox 98 1778 140 1843; x_wconf 88' lang='lat' dir='ltr'><strong>ad</strong></span> <span class='ocrx_word' id='word_1_120' title='bbox 161 1779 409 1865; x_wconf 87' lang='lat' dir='ltr'><strong>responsionem</strong></span> <span class='ocrx_word' id='word_1_121' title='bbox 431 1798 490 1863; x_wconf 94' lang='lat' dir='ltr'><strong>pro</strong></span> <span class='ocrx_word' id='word_1_122' title='bbox 519 1776 590 1843; x_wconf 88' lang='lat' dir='ltr'><strong>loco</strong></span> <span class='ocrx_word' id='word_1_123' title='bbox 619 1801 682 1842; x_wconf 92' lang='lat' dir='ltr'><strong>non</strong></span> <span class='ocrx_word' id='word_1_124' title='bbox 712 1777 902 1843; x_wconf 89' lang='lat' dir='ltr'><strong>admittatur</strong></span> <span class='ocrx_word' id='word_1_125' title='bbox 923 1789 978 1844; x_wconf 90' lang='lat' dir='ltr'><strong>aut</strong></span> <span class='ocrx_word' id='word_1_126' title='bbox 1004 1791 1079 1867; x_wconf 92' lang='lat' dir='ltr'><strong>post</strong></span> <span class='ocrx_word' id='word_1_127' title='bbox 1105 1780 1350 1868; x_wconf 85' lang='lat' dir='ltr'><strong>responsionem</strong></span> <span class='ocrx_word' id='word_1_128' title='bbox 1378 1793 1521 1841; x_wconf 86' lang='lat' dir='ltr'><strong>assuma-</strong></span> 
     </span>
     <span class='ocr_line' id='line_1_15' title="bbox 97 1873 1519 1963; baseline -0.006 -21"><span class='ocrx_word' id='word_1_129' title='bbox 97 1889 158 1960; x_wconf 91' lang='lat' dir='ltr'><strong>tur,</strong></span> <span class='ocrx_word' id='word_1_130' title='bbox 187 1879 251 1942; x_wconf 91' lang='lat' dir='ltr'><strong>nisi</strong></span> <span class='ocrx_word' id='word_1_131' title='bbox 278 1877 370 1963; x_wconf 89' lang='lat' dir='ltr'><strong>prius</strong></span> <span class='ocrx_word' id='word_1_132' title='bbox 403 1875 446 1940; x_wconf 95' lang='lat' dir='ltr'><strong>ad</strong></span> <span class='ocrx_word' id='word_1_133' title='bbox 473 1898 571 1941; x_wconf 89' lang='lat' dir='ltr'><strong>unum</strong></span> <span class='ocrx_word' id='word_1_134' title='bbox 597 1878 759 1963; x_wconf 88' lang='lat' dir='ltr'><strong>integrum</strong></span> <span class='ocrx_word' id='word_1_135' title='bbox 789 1901 907 1942; x_wconf 88' lang='lat' dir='ltr'><strong>annum</strong></span> <span class='ocrx_word' id='word_1_136' title='bbox 935 1879 969 1944; x_wconf 93' lang='lat' dir='ltr'><strong>in</strong></span> <span class='ocrx_word' id='word_1_137' title='bbox 991 1880 1060 1944; x_wconf 89' lang='lat' dir='ltr'><strong>vita</strong></span> <span class='ocrx_word' id='word_1_138' title='bbox 1090 1889 1122 1945; x_wconf 87' lang='lat' dir='ltr'><strong>et</strong></span> <span class='ocrx_word' id='word_1_139' title='bbox 1149 1877 1294 1945; x_wconf 89' lang='lat' dir='ltr'><strong>moribus</strong></span> <span class='ocrx_word' id='word_1_140' title='bbox 1323 1873 1519 1941; x_wconf 87' lang='lat' dir='ltr'><strong>sufficienter</strong></span> 
     </span>
     <span class='ocr_line' id='line_1_16' title="bbox 100 1973 1564 2066; baseline -0.007 -24"><span class='ocrx_word' id='word_1_141' title='bbox 100 1977 268 2064; x_wconf 84' lang='lat' dir='ltr'><strong>probetur,</strong></span> <span class='ocrx_word' id='word_1_142' title='bbox 289 1997 353 2063; x_wconf 89' lang='lat' dir='ltr'><strong>quo</strong></span> <span class='ocrx_word' id='word_1_143' title='bbox 369 1973 571 2063; x_wconf 89' lang='lat' dir='ltr'><strong>probationis</strong></span> <span class='ocrx_word' id='word_1_144' title='bbox 586 1997 670 2042; x_wconf 91' lang='lat' dir='ltr'><strong>anno</strong></span> <span class='ocrx_word' id='word_1_145' title='bbox 686 1975 780 2063; x_wconf 89' lang='lat' dir='ltr'><strong>lapso</strong></span> <span class='ocrx_word' id='word_1_146' title='bbox 795 1976 1003 2065; x_wconf 86' lang='lat' dir='ltr'><strong>moribusque</strong></span> <span class='ocrx_word' id='word_1_147' title='bbox 1018 1980 1122 2066; x_wconf 88' lang='lat' dir='ltr'><strong>ipsius</strong></span> <span class='ocrx_word' id='word_1_148' title='bbox 1138 2002 1197 2066; x_wconf 90' lang='lat' dir='ltr'><strong>per</strong></span> <span class='ocrx_word' id='word_1_149' title='bbox 1218 1978 1392 2063; x_wconf 89' lang='lat' dir='ltr'><strong>magistros</strong></span> <span class='ocrx_word' id='word_1_150' title='bbox 1415 1973 1522 2038; x_wconf 87' lang='lat' dir='ltr'><strong>diotae</strong></span> <span class='ocrx_word' id='word_1_151' title='bbox 1535 1977 1564 2033; x_wconf 72' lang='lat'><strong>¹5</strong></span> 
     </span>
     <span class='ocr_line' id='line_1_17' title="bbox 99 2072 1525 2164; baseline -0.006 -23"><span class='ocrx_word' id='word_1_152' title='bbox 99 2075 264 2142; x_wconf 81' lang='lat' dir='ltr'><strong>facultatis</strong></span> <span class='ocrx_word' id='word_1_153' title='bbox 286 2072 522 2161; x_wconf 90' lang='lat' dir='ltr'><strong>comprobatis,</strong></span> <span class='ocrx_word' id='word_1_154' title='bbox 545 2075 588 2139; x_wconf 92' lang='lat' dir='ltr'><strong>ad</strong></span> <span class='ocrx_word' id='word_1_155' title='bbox 609 2077 851 2163; x_wconf 89' lang='lat' dir='ltr'><strong>responsionem</strong></span> <span class='ocrx_word' id='word_1_156' title='bbox 875 2079 969 2142; x_wconf 87' lang='lat' dir='ltr'><strong>unius</strong></span> <span class='ocrx_word' id='word_1_157' title='bbox 996 2079 1115 2164; x_wconf 87' lang='lat' dir='ltr'><strong>integri</strong></span> <span class='ocrx_word' id='word_1_158' title='bbox 1145 2078 1210 2143; x_wconf 91' lang='lat' dir='ltr'><strong>diei</strong></span> <span class='ocrx_word' id='word_1_159' title='bbox 1239 2077 1437 2156; x_wconf 89' lang='lat' dir='ltr'><strong>admittatur,</strong></span> <span class='ocrx_word' id='word_1_160' title='bbox 1460 2091 1525 2158; x_wconf 90' lang='lat' dir='ltr'><strong>qua</strong></span> 
     </span>
     <span class='ocr_line' id='line_1_18' title="bbox 102 2171 1523 2263; baseline -0.004 -23"><span class='ocrx_word' id='word_1_161' title='bbox 102 2173 266 2262; x_wconf 87' lang='lat' dir='ltr'><strong>completa</strong></span> <span class='ocrx_word' id='word_1_162' title='bbox 287 2171 384 2238; x_wconf 90' lang='lat' dir='ltr'><strong>debet</strong></span> <span class='ocrx_word' id='word_1_163' title='bbox 405 2195 476 2237; x_wconf 88' lang='lat' dir='ltr'><strong>esse</strong></span> <span class='ocrx_word' id='word_1_164' title='bbox 498 2175 650 2238; x_wconf 90' lang='lat' dir='ltr'><strong>astrictus</strong></span> <span class='ocrx_word' id='word_1_165' title='bbox 672 2174 715 2239; x_wconf 90' lang='lat' dir='ltr'><strong>ad</strong></span> <span class='ocrx_word' id='word_1_166' title='bbox 736 2174 920 2241; x_wconf 90' lang='lat' dir='ltr'><strong>faciendum</strong></span> <span class='ocrx_word' id='word_1_167' title='bbox 949 2176 1098 2242; x_wconf 90' lang='lat' dir='ltr'><strong>omnibus</strong></span> <span class='ocrx_word' id='word_1_168' title='bbox 1127 2177 1293 2263; x_wconf 86' lang='lat' dir='ltr'><strong>magistris</strong></span> <span class='ocrx_word' id='word_1_169' title='bbox 1315 2177 1348 2239; x_wconf 93' lang='lat' dir='ltr'><strong>in</strong></span> <span class='ocrx_word' id='word_1_170' title='bbox 1370 2173 1458 2238; x_wconf 87' lang='lat' dir='ltr'><strong>dicta</strong></span> <span class='ocrx_word' id='word_1_171' title='bbox 1477 2171 1523 2234; x_wconf 89' lang='lat' dir='ltr'><strong>fa·</strong></span> 
     </span>
     <span class='ocr_line' id='line_1_19' title="bbox 100 2269 1525 2364; baseline -0.004 -26"><span class='ocrx_word' id='word_1_172' title='bbox 100 2273 221 2339; x_wconf 77' lang='lat' dir='ltr'><strong>ordtate</strong></span> <span class='ocrx_word' id='word_1_173' title='bbox 236 2273 361 2338; x_wconf 89' lang='lat' dir='ltr'><strong>arcium</strong></span> <span class='ocrx_word' id='word_1_174' title='bbox 374 2283 449 2338; x_wconf 88' lang='lat' dir='ltr'><strong>actu</strong></span> <span class='ocrx_word' id='word_1_175' title='bbox 462 2273 647 2360; x_wconf 88' lang='lat' dir='ltr'><strong>regentibus</strong></span> <span class='ocrx_word' id='word_1_176' title='bbox 670 2273 837 2340; x_wconf 88' lang='lat' dir='ltr'><strong>honestam</strong></span> <span class='ocrx_word' id='word_1_177' title='bbox 857 2276 1064 2341; x_wconf 88' lang='lat' dir='ltr'><strong>resectionem</strong></span> <span class='ocrx_word' id='word_1_178' title='bbox 1087 2298 1143 2342; x_wconf 87' lang='lat' dir='ltr'><strong>seu</strong></span> <span class='ocrx_word' id='word_1_179' title='bbox 1161 2276 1335 2364; x_wconf 89' lang='lat' dir='ltr'><strong>prandium</strong></span> <span class='ocrx_word' id='word_1_180' title='bbox 1356 2282 1413 2339; x_wconf 87' lang='lat' dir='ltr'><strong>aut</strong></span> <span class='ocrx_word' id='word_1_181' title='bbox 1433 2269 1525 2336; x_wconf 91' lang='lat' dir='ltr'><strong>dabit</strong></span> 
     </span>
     <span class='ocr_line' id='line_1_20' title="bbox 102 2371 1525 2462; baseline -0.004 -22"><span class='ocrx_word' id='word_1_182' title='bbox 102 2395 126 2440; x_wconf 85' lang='lat' dir='ltr'><strong>x</strong></span> <span class='ocrx_word' id='word_1_183' title='bbox 149 2374 331 2455; x_wconf 81' lang='lat' dir='ltr'><strong>florenos3¹</strong></span> <span class='ocrx_word' id='word_1_184' title='bbox 364 2383 553 2462; x_wconf 85' lang='lat' dir='ltr'><strong>tantumque</strong></span> <span class='ocrx_word' id='word_1_185' title='bbox 581 2373 742 2439; x_wconf 89' lang='lat' dir='ltr'><strong>tenebitur</strong></span> <span class='ocrx_word' id='word_1_186' title='bbox 773 2397 834 2462; x_wconf 92' lang='lat' dir='ltr'><strong>pro</strong></span> <span class='ocrx_word' id='word_1_187' title='bbox 860 2375 939 2440; x_wconf 85' lang='lat' dir='ltr'><strong>fisco</strong></span> <span class='ocrx_word' id='word_1_188' title='bbox 968 2375 1113 2440; x_wconf 88' lang='lat' dir='ltr'><strong>eiusdem</strong></span> <span class='ocrx_word' id='word_1_189' title='bbox 1141 2375 1305 2441; x_wconf 88' lang='lat' dir='ltr'><strong>facultatis</strong></span> <span class='ocrx_word' id='word_1_190' title='bbox 1331 2371 1525 2460; x_wconf 88' lang='lat' dir='ltr'><strong>expendere,</strong></span> 
     </span>
     <span class='ocr_line' id='line_1_21' title="bbox 101 2470 1567 2562; baseline -0.003 -24"><span class='ocrx_word' id='word_1_191' title='bbox 101 2483 258 2561; x_wconf 86' lang='lat' dir='ltr'><strong>quantum</strong></span> <span class='ocrx_word' id='word_1_192' title='bbox 286 2475 403 2555; x_wconf 87' lang='lat' dir='ltr'><strong>nostri,</strong></span> <span class='ocrx_word' id='word_1_193' title='bbox 433 2473 613 2558; x_wconf 88' lang='lat' dir='ltr'><strong>magisterii</strong></span> <span class='ocrx_word' id='word_1_194' title='bbox 645 2473 773 2560; x_wconf 91' lang='lat' dir='ltr'><strong>apicem</strong></span> <span class='ocrx_word' id='word_1_195' title='bbox 805 2474 951 2539; x_wconf 90' lang='lat' dir='ltr'><strong>nancisci</strong></span> <span class='ocrx_word' id='word_1_196' title='bbox 985 2475 1167 2561; x_wconf 88' lang='lat' dir='ltr'><strong>cupientes,</strong></span> <span class='ocrx_word' id='word_1_197' title='bbox 1197 2473 1382 2562; x_wconf 86' lang='lat' dir='ltr'><strong>expendere</strong></span> <span class='ocrx_word' id='word_1_198' title='bbox 1413 2470 1567 2537; x_wconf 70' lang='lat' dir='ltr'><strong>solentw</strong></span> 
     </span>
     <span class='ocr_line' id='line_1_22' title="bbox 104 2571 1525 2660; baseline -0.004 -22"><span class='ocrx_word' id='word_1_199' title='bbox 104 2574 245 2660; x_wconf 89' lang='lat' dir='ltr'><strong>Insuper</strong></span> <span class='ocrx_word' id='word_1_200' title='bbox 278 2574 388 2637; x_wconf 90' lang='lat' dir='ltr'><strong>iurare</strong></span> <span class='ocrx_word' id='word_1_201' title='bbox 418 2571 595 2655; x_wconf 88' lang='lat' dir='ltr'><strong>tenebitur,</strong></span> <span class='ocrx_word' id='word_1_202' title='bbox 621 2571 709 2658; x_wconf 91' lang='lat' dir='ltr'><strong>quod</strong></span> <span class='ocrx_word' id='word_1_203' title='bbox 737 2573 779 2638; x_wconf 92' lang='lat' dir='ltr'><strong>sit</strong></span> <span class='ocrx_word' id='word_1_204' title='bbox 805 2571 949 2659; x_wconf 89' lang='lat' dir='ltr'><strong>legitime</strong></span> <span class='ocrx_word' id='word_1_205' title='bbox 975 2584 1088 2658; x_wconf 62' lang='lat' dir='ltr'><strong>natum</strong></span> <span class='ocrx_word' id='word_1_206' title='bbox 1122 2575 1188 2641; x_wconf 89' lang='lat' dir='ltr'><strong>alia</strong></span> <span class='ocrx_word' id='word_1_207' title='bbox 1209 2577 1312 2640; x_wconf 91' lang='lat' dir='ltr'><strong>eciam</strong></span> <span class='ocrx_word' id='word_1_208' title='bbox 1333 2573 1525 2654; x_wconf 89' lang='lat' dir='ltr'><strong>iuramenta,</strong></span> 
     </span>
     <span class='ocr_line' id='line_1_23' title="bbox 102 2669 1528 2762; baseline -0.001 -25"><span class='ocrx_word' id='word_1_209' title='bbox 102 2669 344 2759; x_wconf 87' lang='lat' dir='ltr'><strong>magistrandos</strong></span> <span class='ocrx_word' id='word_1_210' title='bbox 371 2681 501 2736; x_wconf 88' lang='lat' dir='ltr'><strong>nostros</strong></span> <span class='ocrx_word' id='word_1_211' title='bbox 529 2672 758 2759; x_wconf 89' lang='lat' dir='ltr'><strong>respicienoia,</strong></span> <span class='ocrx_word' id='word_1_212' title='bbox 786 2671 850 2738; x_wconf 89' lang='lat' dir='ltr'><strong>illis</strong></span> <span class='ocrx_word' id='word_1_213' title='bbox 876 2684 1001 2740; x_wconf 85' lang='lat' dir='ltr'><strong>tanturn</strong></span> <span class='ocrx_word' id='word_1_214' title='bbox 1035 2674 1185 2758; x_wconf 87' lang='lat' dir='ltr'><strong>seclusis,</strong></span> <span class='ocrx_word' id='word_1_215' title='bbox 1215 2695 1297 2762; x_wconf 89' lang='lat' dir='ltr'><strong>qnae</strong></span> <span class='ocrx_word' id='word_1_216' title='bbox 1327 2679 1528 2758; x_wconf 86' lang='lat' dir='ltr'><strong>temptsmen</strong></span> 
     </span>
     <span class='ocr_line' id='line_1_24' title="bbox 93 2770 738 2858; baseline 0.002 -22"><span class='ocrx_word' id='word_1_217' title='bbox 93 2781 199 2858; x_wconf 83' lang='lat' dir='ltr'><strong>atque</strong></span> <span class='ocrx_word' id='word_1_218' title='bbox 222 2792 361 2836; x_wconf 82' lang='lat' dir='ltr'><strong>examen</strong></span> <span class='ocrx_word' id='word_1_219' title='bbox 382 2781 587 2854; x_wconf 89' lang='lat' dir='ltr'><strong>concernunt,</strong></span> <span class='ocrx_word' id='word_1_220' title='bbox 608 2770 738 2837; x_wconf 89' lang='lat' dir='ltr'><strong>iurabit</strong></span> 
     </span>
    </p>
   </div>
   <div class='ocr_carea' id='block_1_3' title="bbox 143 2981 1568 3154">
    <p class='ocr_par' dir='ltr' id='par_1_3' title="bbox 143 2981 1568 3154">
     <span class='ocr_line' id='line_1_25' title="bbox 143 2981 1486 3074; baseline -0.002 -19"><span class='ocrx_word' id='word_1_221' title='bbox 143 2996 172 3055; x_wconf 89' lang='grc'><strong>4.</strong></span> <span class='ocrx_word' id='word_1_222' title='bbox 195 2984 256 3074; x_wconf 88' lang='lat' dir='ltr'><strong>[Bl.</strong></span> <span class='ocrx_word' id='word_1_223' title='bbox 274 2991 309 3052; x_wconf 78' lang='lat'><strong>21</strong></span> <span class='ocrx_word' id='word_1_224' title='bbox 322 2981 348 3073; x_wconf 87' lang='lat' dir='ltr'><strong>b]</strong></span> <span class='ocrx_word' id='word_1_225' title='bbox 371 3003 559 3054; x_wconf 80' lang='lat' dir='ltr'><strong>srsrurun</strong></span> <span class='ocrx_word' id='word_1_226' title='bbox 579 3003 1044 3056; x_wconf 77' lang='lat' dir='ltr'><strong>ansr1orsusssocsnnu1on</strong></span> <span class='ocrx_word' id='word_1_227' title='bbox 1064 3009 1112 3056; x_wconf 86' lang='lat' dir='ltr'><strong>ns</strong></span> <span class='ocrx_word' id='word_1_228' title='bbox 1132 3009 1212 3058; x_wconf 79' lang='lat' dir='ltr'><strong>snm</strong></span> <span class='ocrx_word' id='word_1_229' title='bbox 1232 3005 1486 3056; x_wconf 80' lang='lat' dir='ltr'><strong>uurvnssrrsrn</strong></span> 
     </span>
     <span class='ocr_line' id='line_1_26' title="bbox 694 3095 1568 3154; baseline 0 -2"><span class='ocrx_word' id='word_1_230' title='bbox 694 3103 937 3154; x_wconf 67' lang='lat' dir='ltr'><strong>assonarenon.</strong></span> <span class='ocrx_word' id='word_1_231' title='bbox 1535 3095 1568 3152; x_wconf 84' lang='lat'><strong>25</strong></span> 
     </span>
    </p>
   </div>
   <div class='ocr_carea' id='block_1_4' title="bbox 101 3252 1571 4815">
    <p class='ocr_par' dir='ltr' id='par_1_4' title="bbox 101 3252 1571 4815">
     <span class='ocr_line' id='line_1_27' title="bbox 191 3252 1527 3342; baseline -0.002 -22"><span class='ocrx_word' id='word_1_232' title='bbox 191 3255 275 3321; x_wconf 88' lang='lat' dir='ltr'><strong>Item</strong></span> <span class='ocrx_word' id='word_1_233' title='bbox 303 3275 365 3340; x_wconf 92' lang='lat' dir='ltr'><strong>quo</strong></span> <span class='ocrx_word' id='word_1_234' title='bbox 397 3253 440 3318; x_wconf 95' lang='lat' dir='ltr'><strong>ad</strong></span> <span class='ocrx_word' id='word_1_235' title='bbox 467 3252 671 3319; x_wconf 86' lang='lat' dir='ltr'><strong>baccalarios</strong></span> <span class='ocrx_word' id='word_1_236' title='bbox 699 3252 837 3318; x_wconf 89' lang='lat' dir='ltr'><strong>aliarum</strong></span> <span class='ocrx_word' id='word_1_237' title='bbox 868 3254 1130 3340; x_wconf 82' lang='lat' dir='ltr'><strong>universitatum,</strong></span> <span class='ocrx_word' id='word_1_238' title='bbox 1153 3255 1230 3342; x_wconf 91' lang='lat' dir='ltr'><strong>quia</strong></span> <span class='ocrx_word' id='word_1_239' title='bbox 1256 3253 1434 3319; x_wconf 75' lang='lat' dir='ltr'><strong>bandalarii</strong></span> <span class='ocrx_word' id='word_1_240' title='bbox 1459 3274 1527 3318; x_wconf 88' lang='lat' dir='ltr'><strong>soo-</strong></span> 
     </span>
     <span class='ocr_line' id='line_1_28' title="bbox 103 3351 1526 3440; baseline -0.001 -21"><span class='ocrx_word' id='word_1_241' title='bbox 103 3355 191 3421; x_wconf 85' lang='lat' dir='ltr'><strong>lares</strong></span> <span class='ocrx_word' id='word_1_242' title='bbox 214 3375 287 3420; x_wconf 89' lang='lat' dir='ltr'><strong>esse</strong></span> <span class='ocrx_word' id='word_1_243' title='bbox 308 3363 489 3435; x_wconf 87' lang='lat' dir='ltr'><strong>censentur,</strong></span> <span class='ocrx_word' id='word_1_244' title='bbox 509 3375 575 3418; x_wconf 92' lang='lat' dir='ltr'><strong>non</strong></span> <span class='ocrx_word' id='word_1_245' title='bbox 602 3352 797 3440; x_wconf 87' lang='lat' dir='ltr'><strong>recipientes</strong></span> <span class='ocrx_word' id='word_1_246' title='bbox 818 3351 1033 3419; x_wconf 87' lang='lat' dir='ltr'><strong>emolumenta</strong></span> <span class='ocrx_word' id='word_1_247' title='bbox 1053 3355 1274 3421; x_wconf 87' lang='lat' dir='ltr'><strong>univcrsitatis</strong></span> <span class='ocrx_word' id='word_1_248' title='bbox 1300 3352 1357 3419; x_wconf 89' lang='lat' dir='ltr'><strong>sed</strong></span> <span class='ocrx_word' id='word_1_249' title='bbox 1378 3351 1526 3417; x_wconf 88' lang='lat' dir='ltr'><strong>substan·</strong></span> 
     </span>
     <span class='ocr_line' id='line_1_29' title="bbox 104 3453 1527 3539; baseline -0.004 -19"><span class='ocrx_word' id='word_1_250' title='bbox 104 3457 191 3522; x_wconf 85' lang='lat' dir='ltr'><strong>ciam</strong></span> <span class='ocrx_word' id='word_1_251' title='bbox 219 3475 333 3520; x_wconf 90' lang='lat' dir='ltr'><strong>eorum</strong></span> <span class='ocrx_word' id='word_1_252' title='bbox 360 3455 463 3518; x_wconf 88' lang='lat' dir='ltr'><strong>instar</strong></span> <span class='ocrx_word' id='word_1_253' title='bbox 489 3463 673 3518; x_wconf 88' lang='lat' dir='ltr'><strong>nostrorum</strong></span> <span class='ocrx_word' id='word_1_254' title='bbox 705 3453 946 3539; x_wconf 89' lang='lat' dir='ltr'><strong>suppositorum</strong></span> <span class='ocrx_word' id='word_1_255' title='bbox 979 3463 1251 3536; x_wconf 88' lang='lat' dir='ltr'><strong>consummentes,</strong></span> <span class='ocrx_word' id='word_1_256' title='bbox 1280 3461 1433 3519; x_wconf 77' lang='lat' dir='ltr'><strong>statuum</strong></span> <span class='ocrx_word' id='word_1_257' title='bbox 1466 3473 1527 3538; x_wconf 91' lang='lat' dir='ltr'><strong>pro</strong></span> 
     </span>
     <span class='ocr_line' id='line_1_30' title="bbox 101 3550 1528 3641; baseline -0.003 -21"><span class='ocrx_word' id='word_1_258' title='bbox 101 3564 180 3620; x_wconf 91' lang='lat' dir='ltr'><strong>tunc</strong></span> <span class='ocrx_word' id='word_1_259' title='bbox 194 3554 266 3636; x_wconf 75' lang='lat' dir='ltr'><strong>finit,</strong></span> <span class='ocrx_word' id='word_1_260' title='bbox 286 3552 373 3639; x_wconf 90' lang='lat' dir='ltr'><strong>quod</strong></span> <span class='ocrx_word' id='word_1_261' title='bbox 397 3550 600 3617; x_wconf 88' lang='lat' dir='ltr'><strong>bacoalarius</strong></span> <span class='ocrx_word' id='word_1_262' title='bbox 622 3551 755 3617; x_wconf 85' lang='lat' dir='ltr'><strong>alterius</strong></span> <span class='ocrx_word' id='word_1_263' title='bbox 775 3553 1006 3636; x_wconf 84' lang='lat' dir='ltr'><strong>universitatis,</strong></span> <span class='ocrx_word' id='word_1_264' title='bbox 1029 3554 1059 3619; x_wconf 91' lang='lat' dir='ltr'><strong>si</strong></span> <span class='ocrx_word' id='word_1_265' title='bbox 1078 3552 1152 3619; x_wconf 87' lang='lat' dir='ltr'><strong>talis</strong></span> <span class='ocrx_word' id='word_1_266' title='bbox 1173 3553 1279 3637; x_wconf 88' lang='lat' dir='ltr'><strong>fuerit,</strong></span> <span class='ocrx_word' id='word_1_267' title='bbox 1300 3551 1387 3641; x_wconf 92' lang='lat' dir='ltr'><strong>quod</strong></span> <span class='ocrx_word' id='word_1_268' title='bbox 1407 3551 1441 3616; x_wconf 91' lang='lat' dir='ltr'><strong>in</strong></span> <span class='ocrx_word' id='word_1_269' title='bbox 1463 3550 1528 3616; x_wconf 90' lang='lat' dir='ltr'><strong>alia</strong></span> 
     </span>
     <span class='ocr_line' id='line_1_31' title="bbox 102 3651 1570 3740; baseline -0.001 -22"><span class='ocrx_word' id='word_1_270' title='bbox 102 3653 316 3718; x_wconf 86' lang='lat' dir='ltr'><strong>universitate</strong></span> <span class='ocrx_word' id='word_1_271' title='bbox 337 3653 371 3718; x_wconf 88' lang='lat' dir='ltr'><strong>in</strong></span> <span class='ocrx_word' id='word_1_272' title='bbox 393 3661 460 3718; x_wconf 94' lang='lat' dir='ltr'><strong>toto</strong></span> <span class='ocrx_word' id='word_1_273' title='bbox 480 3651 533 3717; x_wconf 89' lang='lat' dir='ltr'><strong>vel</strong></span> <span class='ocrx_word' id='word_1_274' title='bbox 556 3653 650 3739; x_wconf 86' lang='lat' dir='ltr'><strong>quasi</strong></span> <span class='ocrx_word' id='word_1_275' title='bbox 670 3653 704 3716; x_wconf 92' lang='lat' dir='ltr'><strong>in</strong></span> <span class='ocrx_word' id='word_1_276' title='bbox 725 3659 791 3716; x_wconf 90' lang='lat' dir='ltr'><strong>toto</strong></span> <span class='ocrx_word' id='word_1_277' title='bbox 814 3673 874 3738; x_wconf 92' lang='lat' dir='ltr'><strong>pro</strong></span> <span class='ocrx_word' id='word_1_278' title='bbox 896 3653 1085 3738; x_wconf 88' lang='lat' dir='ltr'><strong>magisterio</strong></span> <span class='ocrx_word' id='word_1_279' title='bbox 1108 3653 1326 3740; x_wconf 88' lang='lat' dir='ltr'><strong>compleverit,</strong></span> <span class='ocrx_word' id='word_1_280' title='bbox 1349 3663 1461 3739; x_wconf 90' lang='lat' dir='ltr'><strong>petens</strong></span> <span class='ocrx_word' id='word_1_281' title='bbox 1482 3651 1570 3717; x_wconf 75' lang='lat' dir='ltr'><strong>adso</strong></span> 
     </span>
     <span class='ocr_line' id='line_1_32' title="bbox 102 3749 1528 3840; baseline -0.002 -22"><span class='ocrx_word' id='word_1_282' title='bbox 102 3753 351 3840; x_wconf 88' lang='lat' dir='ltr'><strong>responsionem</strong></span> <span class='ocrx_word' id='word_1_283' title='bbox 374 3752 501 3817; x_wconf 85' lang='lat' dir='ltr'><strong>admitti</strong></span> <span class='ocrx_word' id='word_1_284' title='bbox 530 3774 569 3815; x_wconf 86' lang='lat' dir='ltr'><strong>ac</strong></span> <span class='ocrx_word' id='word_1_285' title='bbox 598 3750 641 3816; x_wconf 88' lang='lat' dir='ltr'><strong>ad</strong></span> <span class='ocrx_word' id='word_1_286' title='bbox 662 3749 847 3816; x_wconf 88' lang='lat' dir='ltr'><strong>facultatem</strong></span> <span class='ocrx_word' id='word_1_287' title='bbox 868 3763 1001 3816; x_wconf 89' lang='lat' dir='ltr'><strong>nostrae</strong></span> <span class='ocrx_word' id='word_1_288' title='bbox 1025 3753 1247 3818; x_wconf 88' lang='lat' dir='ltr'><strong>univcrsitatis</strong></span> <span class='ocrx_word' id='word_1_289' title='bbox 1277 3753 1448 3833; x_wconf 89' lang='lat' dir='ltr'><strong>assummi,</strong></span> <span class='ocrx_word' id='word_1_290' title='bbox 1475 3751 1528 3816; x_wconf 89' lang='lat' dir='ltr'><strong>de·</strong></span> 
     </span>
     <span class='ocr_line' id='line_1_33' title="bbox 106 3849 1529 3940; baseline -0.003 -22"><span class='ocrx_word' id='word_1_291' title='bbox 106 3851 202 3918; x_wconf 84' lang='lat' dir='ltr'><strong>babit</strong></span> <span class='ocrx_word' id='word_1_292' title='bbox 215 3851 421 3918; x_wconf 90' lang='lat' dir='ltr'><strong>ettenebitur</strong></span> <span class='ocrx_word' id='word_1_293' title='bbox 442 3872 503 3939; x_wconf 95' lang='lat' dir='ltr'><strong>pro</strong></span> <span class='ocrx_word' id='word_1_294' title='bbox 526 3849 641 3916; x_wconf 89' lang='lat' dir='ltr'><strong>solatio</strong></span> <span class='ocrx_word' id='word_1_295' title='bbox 664 3852 897 3936; x_wconf 88' lang='lat' dir='ltr'><strong>magistrorum</strong></span> <span class='ocrx_word' id='word_1_296' title='bbox 921 3851 961 3916; x_wconf 91' lang='lat' dir='ltr'><strong>de</strong></span> <span class='ocrx_word' id='word_1_297' title='bbox 983 3850 1118 3918; x_wconf 89' lang='lat' dir='ltr'><strong>oonsilio</strong></span> <span class='ocrx_word' id='word_1_298' title='bbox 1140 3851 1346 3940; x_wconf 88' lang='lat' dir='ltr'><strong>saepedictae</strong></span> <span class='ocrx_word' id='word_1_299' title='bbox 1365 3849 1529 3915; x_wconf 90' lang='lat' dir='ltr'><strong>facultatis</strong></span> 
     </span>
     <span class='ocr_line' id='line_1_34' title="bbox 108 3949 1529 4039; baseline -0.002 -22"><span class='ocrx_word' id='word_1_300' title='bbox 108 3953 236 4017; x_wconf 88' lang='lat' dir='ltr'><strong>arcium</strong></span> <span class='ocrx_word' id='word_1_301' title='bbox 257 3961 323 4016; x_wconf 90' lang='lat' dir='ltr'><strong>tres</strong></span> <span class='ocrx_word' id='word_1_302' title='bbox 341 3951 480 4017; x_wconf 86' lang='lat' dir='ltr'><strong>florenos</strong></span> <span class='ocrx_word' id='word_1_303' title='bbox 500 3950 646 4014; x_wconf 87' lang='lat' dir='ltr'><strong>rinenses</strong></span> <span class='ocrx_word' id='word_1_304' title='bbox 667 3949 746 4015; x_wconf 89' lang='lat' dir='ltr'><strong>dare</strong></span> <span class='ocrx_word' id='word_1_305' title='bbox 768 3950 1041 4038; x_wconf 85' lang='lat' dir='ltr'><strong>effectualiterque</strong></span> <span class='ocrx_word' id='word_1_306' title='bbox 1063 3950 1258 4039; x_wconf 86' lang='lat' dir='ltr'><strong>persolvere.</strong></span> <span class='ocrx_word' id='word_1_307' title='bbox 1301 3949 1433 4016; x_wconf 76' lang='lat' dir='ltr'><strong>sivero</strong></span> <span class='ocrx_word' id='word_1_308' title='bbox 1454 3949 1529 4015; x_wconf 86' lang='lat' dir='ltr'><strong>talis</strong></span> 
     </span>
     <span class='ocr_line' id='line_1_35' title="bbox 105 4047 1530 4139; baseline -0.003 -22"><span class='ocrx_word' id='word_1_309' title='bbox 105 4051 264 4134; x_wconf 84' lang='lat' dir='ltr'><strong>extiterit,</strong></span> <span class='ocrx_word' id='word_1_310' title='bbox 286 4049 374 4139; x_wconf 90' lang='lat' dir='ltr'><strong>quod</strong></span> <span class='ocrx_word' id='word_1_311' title='bbox 394 4052 429 4114; x_wconf 92' lang='lat' dir='ltr'><strong>in</strong></span> <span class='ocrx_word' id='word_1_312' title='bbox 450 4049 517 4116; x_wconf 89' lang='lat' dir='ltr'><strong>alia</strong></span> <span class='ocrx_word' id='word_1_313' title='bbox 538 4051 749 4114; x_wconf 87' lang='lat' dir='ltr'><strong>universitate</strong></span> <span class='ocrx_word' id='word_1_314' title='bbox 770 4073 886 4137; x_wconf 92' lang='lat' dir='ltr'><strong>parum</strong></span> <span class='ocrx_word' id='word_1_315' title='bbox 910 4061 966 4116; x_wconf 88' lang='lat' dir='ltr'><strong>aut</strong></span> <span class='ocrx_word' id='word_1_316' title='bbox 987 4051 1085 4117; x_wconf 89' lang='lat' dir='ltr'><strong>niohil</strong></span> <span class='ocrx_word' id='word_1_317' title='bbox 1105 4073 1166 4139; x_wconf 94' lang='lat' dir='ltr'><strong>pro</strong></span> <span class='ocrx_word' id='word_1_318' title='bbox 1188 4050 1375 4138; x_wconf 87' lang='lat' dir='ltr'><strong>magisterio</strong></span> <span class='ocrx_word' id='word_1_319' title='bbox 1392 4047 1530 4136; x_wconf 91' lang='lat' dir='ltr'><strong>comple·</strong></span> 
     </span>
     <span class='ocr_line' id='line_1_36' title="bbox 103 4149 1570 4237; baseline -0.001 -21"><span class='ocrx_word' id='word_1_320' title='bbox 103 4152 205 4235; x_wconf 88' lang='lat' dir='ltr'><strong>verit,</strong></span> <span class='ocrx_word' id='word_1_321' title='bbox 234 4173 294 4237; x_wconf 90' lang='lat' dir='ltr'><strong>pro</strong></span> <span class='ocrx_word' id='word_1_322' title='bbox 322 4149 542 4237; x_wconf 88' lang='lat' dir='ltr'><strong>praefatorum</strong></span> <span class='ocrx_word' id='word_1_323' title='bbox 569 4150 797 4235; x_wconf 86' lang='lat' dir='ltr'><strong>magistrorum</strong></span> <span class='ocrx_word' id='word_1_324' title='bbox 825 4149 981 4216; x_wconf 90' lang='lat' dir='ltr'><strong>solamine</strong></span> <span class='ocrx_word' id='word_1_325' title='bbox 1009 4150 1089 4216; x_wconf 90' lang='lat' dir='ltr'><strong>duos</strong></span> <span class='ocrx_word' id='word_1_326' title='bbox 1117 4150 1257 4216; x_wconf 90' lang='lat' dir='ltr'><strong>florenos</strong></span> <span class='ocrx_word' id='word_1_327' title='bbox 1285 4151 1430 4215; x_wconf 85' lang='lat' dir='ltr'><strong>rinenscs</strong></span> <span class='ocrx_word' id='word_1_328' title='bbox 1456 4171 1528 4214; x_wconf 90' lang='lat' dir='ltr'><strong>curn</strong></span> <span class='ocrx_word' id='word_1_329' title='bbox 1537 4158 1570 4214; x_wconf 87' lang='grc'><strong>35</strong></span> 
     </span>
     <span class='ocr_line' id='line_1_37' title="bbox 103 4247 1529 4337; baseline -0.001 -21"><span class='ocrx_word' id='word_1_330' title='bbox 103 4251 222 4316; x_wconf 82' lang='lat' dir='ltr'><strong>effectu</strong></span> <span class='ocrx_word' id='word_1_331' title='bbox 251 4249 439 4336; x_wconf 82' lang='lat' dir='ltr'><strong>expendere</strong></span> <span class='ocrx_word' id='word_1_332' title='bbox 467 4248 646 4332; x_wconf 88' lang='lat' dir='ltr'><strong>tenebitur,</strong></span> <span class='ocrx_word' id='word_1_333' title='bbox 677 4247 849 4336; x_wconf 87' lang='lat' dir='ltr'><strong>utrobique</strong></span> <span class='ocrx_word' id='word_1_334' title='bbox 869 4251 1027 4335; x_wconf 88' lang='lat' dir='ltr'><strong>peccunia</strong></span> <span class='ocrx_word' id='word_1_335' title='bbox 1046 4273 1107 4337; x_wconf 91' lang='lat' dir='ltr'><strong>pro</strong></span> <span class='ocrx_word' id='word_1_336' title='bbox 1127 4249 1205 4315; x_wconf 90' lang='lat' dir='ltr'><strong>fisco</strong></span> <span class='ocrx_word' id='word_1_337' title='bbox 1228 4249 1410 4316; x_wconf 85' lang='lat' dir='ltr'><strong>antedictae</strong></span> <span class='ocrx_word' id='word_1_338' title='bbox 1431 4248 1529 4314; x_wconf 88' lang='lat' dir='ltr'><strong>facul·</strong></span> 
     </span>
     <span class='ocr_line' id='line_1_38' title="bbox 103 4347 1529 4436; baseline -0.002 -21"><span class='ocrx_word' id='word_1_339' title='bbox 103 4353 183 4416; x_wconf 85' lang='lat' dir='ltr'><strong>tatis</strong></span> <span class='ocrx_word' id='word_1_340' title='bbox 199 4351 324 4414; x_wconf 89' lang='lat' dir='ltr'><strong>arcium</strong></span> <span class='ocrx_word' id='word_1_341' title='bbox 345 4358 378 4414; x_wconf 88' lang='lat' dir='ltr'><strong>et</strong></span> <span class='ocrx_word' id='word_1_342' title='bbox 396 4349 523 4435; x_wconf 89' lang='lat' dir='ltr'><strong>signeto</strong></span> <span class='ocrx_word' id='word_1_343' title='bbox 545 4348 656 4414; x_wconf 89' lang='lat' dir='ltr'><strong>debita</strong></span> <span class='ocrx_word' id='word_1_344' title='bbox 676 4370 805 4435; x_wconf 88' lang='lat' dir='ltr'><strong>semper</strong></span> <span class='ocrx_word' id='word_1_345' title='bbox 825 4347 926 4432; x_wconf 88' lang='lat' dir='ltr'><strong>salva,</strong></span> <span class='ocrx_word' id='word_1_346' title='bbox 946 4350 1009 4414; x_wconf 91' lang='lat' dir='ltr'><strong>nisi</strong></span> <span class='ocrx_word' id='word_1_347' title='bbox 1030 4351 1134 4436; x_wconf 89' lang='lat' dir='ltr'><strong>ipsius</strong></span> <span class='ocrx_word' id='word_1_348' title='bbox 1156 4349 1375 4414; x_wconf 89' lang='lat' dir='ltr'><strong>assummendi</strong></span> <span class='ocrx_word' id='word_1_349' title='bbox 1396 4348 1529 4415; x_wconf 83' lang='lat' dir='ltr'><strong>evidens</strong></span> 
     </span>
     <span class='ocr_line' id='line_1_39' title="bbox 104 4446 1528 4535; baseline -0.002 -20"><span class='ocrx_word' id='word_1_350' title='bbox 104 4448 253 4516; x_wconf 84' lang='lat' dir='ltr'><strong>obstaret</strong></span> <span class='ocrx_word' id='word_1_351' title='bbox 273 4457 461 4535; x_wconf 86' lang='lat' dir='ltr'><strong>paupertas.</strong></span> <span class='ocrx_word' id='word_1_352' title='bbox 503 4446 662 4522; x_wconf 85' lang='lat' dir='ltr'><strong>Dimissio</strong></span> <span class='ocrx_word' id='word_1_353' title='bbox 691 4457 799 4513; x_wconf 89' lang='lat' dir='ltr'><strong>tamen</strong></span> <span class='ocrx_word' id='word_1_354' title='bbox 827 4469 892 4512; x_wconf 84' lang='lat' dir='ltr'><strong>sev</strong></span> <span class='ocrx_word' id='word_1_355' title='bbox 922 4450 1094 4515; x_wconf 88' lang='lat' dir='ltr'><strong>minoratio</strong></span> <span class='ocrx_word' id='word_1_356' title='bbox 1115 4448 1167 4514; x_wconf 90' lang='lat' dir='ltr'><strong>vel</strong></span> <span class='ocrx_word' id='word_1_357' title='bbox 1194 4451 1319 4514; x_wconf 87' lang='lat' dir='ltr'><strong>taxatio</strong></span> <span class='ocrx_word' id='word_1_358' title='bbox 1345 4447 1528 4514; x_wconf 90' lang='lat' dir='ltr'><strong>huiusmodi</strong></span> 
     </span>
     <span class='ocr_line' id='line_1_40' title="bbox 105 4545 1529 4637; baseline -0.001 -24"><span class='ocrx_word' id='word_1_359' title='bbox 105 4549 285 4637; x_wconf 86' lang='lat' dir='ltr'><strong>peccuniae</strong></span> <span class='ocrx_word' id='word_1_360' title='bbox 307 4549 342 4612; x_wconf 95' lang='lat' dir='ltr'><strong>in</strong></span> <span class='ocrx_word' id='word_1_361' title='bbox 363 4555 430 4612; x_wconf 92' lang='lat' dir='ltr'><strong>toto</strong></span> <span class='ocrx_word' id='word_1_362' title='bbox 451 4545 504 4612; x_wconf 90' lang='lat' dir='ltr'><strong>vel</strong></span> <span class='ocrx_word' id='word_1_363' title='bbox 526 4551 561 4612; x_wconf 93' lang='lat' dir='ltr'><strong>in</strong></span> <span class='ocrx_word' id='word_1_364' title='bbox 582 4556 677 4634; x_wconf 86' lang='lat' dir='ltr'><strong>parte</strong></span> <span class='ocrx_word' id='word_1_365' title='bbox 699 4570 759 4634; x_wconf 88' lang='lat' dir='ltr'><strong>pro</strong></span> <span class='ocrx_word' id='word_1_366' title='bbox 781 4546 937 4635; x_wconf 87' lang='lat' dir='ltr'><strong>qualitate</strong></span> <span class='ocrx_word' id='word_1_367' title='bbox 959 4571 1023 4612; x_wconf 84' lang='lat' dir='ltr'><strong>sew</strong></span> <span class='ocrx_word' id='word_1_368' title='bbox 1045 4547 1232 4614; x_wconf 86' lang='lat' dir='ltr'><strong>differencia</strong></span> <span class='ocrx_word' id='word_1_369' title='bbox 1246 4548 1443 4635; x_wconf 89' lang='lat' dir='ltr'><strong>opulenciae,</strong></span> <span class='ocrx_word' id='word_1_370' title='bbox 1465 4569 1529 4612; x_wconf 89' lang='lat' dir='ltr'><strong>mc·</strong></span> 
     </span>
     <span class='ocr_line' id='line_1_41' title="bbox 105 4645 1571 4734; baseline -0.002 -20"><span class='ocrx_word' id='word_1_371' title='bbox 105 4647 289 4716; x_wconf 83' lang='lat' dir='ltr'><strong>diocritatis</strong></span> <span class='ocrx_word' id='word_1_372' title='bbox 310 4669 367 4712; x_wconf 89' lang='lat' dir='ltr'><strong>seu</strong></span> <span class='ocrx_word' id='word_1_373' title='bbox 387 4648 590 4734; x_wconf 87' lang='lat' dir='ltr'><strong>paupertatis</strong></span> <span class='ocrx_word' id='word_1_374' title='bbox 610 4669 739 4734; x_wconf 88' lang='lat' dir='ltr'><strong>semper</strong></span> <span class='ocrx_word' id='word_1_375' title='bbox 761 4646 821 4712; x_wconf 87' lang='lat' dir='ltr'><strong>sub</strong></span> <span class='ocrx_word' id='word_1_376' title='bbox 840 4645 976 4713; x_wconf 90' lang='lat' dir='ltr'><strong>arbitrio</strong></span> <span class='ocrx_word' id='word_1_377' title='bbox 997 4645 1198 4733; x_wconf 86' lang='lat' dir='ltr'><strong>praelibatae</strong></span> <span class='ocrx_word' id='word_1_378' title='bbox 1218 4648 1382 4714; x_wconf 86' lang='lat' dir='ltr'><strong>facultatis</strong></span> <span class='ocrx_word' id='word_1_379' title='bbox 1403 4648 1571 4713; x_wconf 81' lang='lat' dir='ltr'><strong>aroiumto</strong></span> 
     </span>
     <span class='ocr_line' id='line_1_42' title="bbox 105 4745 583 4815; baseline -0.01 0"><span class='ocrx_word' id='word_1_380' title='bbox 105 4747 216 4815; x_wconf 87' lang='lat' dir='ltr'><strong>claudi</strong></span> <span class='ocrx_word' id='word_1_381' title='bbox 239 4745 337 4812; x_wconf 86' lang='lat' dir='ltr'><strong>debet</strong></span> <span class='ocrx_word' id='word_1_382' title='bbox 356 4769 396 4812; x_wconf 89' lang='lat' dir='ltr'><strong>ac</strong></span> <span class='ocrx_word' id='word_1_383' title='bbox 417 4747 583 4812; x_wconf 89' lang='lat' dir='ltr'><strong>contineri.</strong></span> 
     </span>
    </p>
   </div>
   <div class='ocr_carea' id='block_1_5' title="bbox 106 4994 1528 5234">
    <p class='ocr_par' dir='ltr' id='par_1_5' title="bbox 106 4994 1528 5234">
     <span class='ocr_line' id='line_1_43' title="bbox 193 4994 1528 5068; baseline -0.001 -15"><span class='ocrx_word' id='word_1_384' title='bbox 193 5002 205 5053; x_wconf 88' lang='lat' dir='ltr'><strong>t</strong></span> <span class='ocrx_word' id='word_1_385' title='bbox 231 4996 286 5052; x_wconf 86' lang='lat' dir='ltr'><strong>Die</strong></span> <span class='ocrx_word' id='word_1_386' title='bbox 308 4995 406 5053; x_wconf 88' lang='lat' dir='ltr'><strong>Worte</strong></span> <span class='ocrx_word' id='word_1_387' title='bbox 430 5003 479 5050; x_wconf 82' lang='lat' dir='ltr'><strong>cat</strong></span> <span class='ocrx_word' id='word_1_388' title='bbox 502 4994 546 5050; x_wconf 84' lang='lat' dir='ltr'><strong>bis</strong></span> <span class='ocrx_word' id='word_1_389' title='bbox 563 4995 686 5065; x_wconf 75' lang='lat' dir='ltr'><strong>florenos</strong></span> <span class='ocrx_word' id='word_1_390' title='bbox 711 4995 773 5051; x_wconf 87' lang='lat' dir='ltr'><strong>sind</strong></span> <span class='ocrx_word' id='word_1_391' title='bbox 798 5015 852 5053; x_wconf 86' lang='lat' dir='ltr'><strong>von</strong></span> <span class='ocrx_word' id='word_1_392' title='bbox 878 4999 1000 5067; x_wconf 72' lang='lat' dir='ltr'><strong>sptterer</strong></span> <span class='ocrx_word' id='word_1_393' title='bbox 1025 4995 1109 5052; x_wconf 86' lang='lat' dir='ltr'><strong>Hand</strong></span> <span class='ocrx_word' id='word_1_394' title='bbox 1140 4995 1274 5054; x_wconf 80' lang='lat' dir='ltr'><strong>zwischen</strong></span> <span class='ocrx_word' id='word_1_395' title='bbox 1297 4996 1342 5052; x_wconf 88' lang='lat' dir='ltr'><strong>die</strong></span> <span class='ocrx_word' id='word_1_396' title='bbox 1366 4995 1459 5051; x_wconf 84' lang='lat' dir='ltr'><strong>Zoilen</strong></span> <span class='ocrx_word' id='word_1_397' title='bbox 1482 5012 1528 5068; x_wconf 86' lang='lat' dir='ltr'><strong>gc·</strong></span> 
     </span>
     <span class='ocr_line' id='line_1_44' title="bbox 106 5081 258 5138; baseline -0.007 0"><span class='ocrx_word' id='word_1_398' title='bbox 106 5081 258 5138; x_wconf 77' lang='lat' dir='ltr'><strong>schriebsn</strong></span> 
     </span>
     <span class='ocr_line' id='line_1_45' title="bbox 1302 5168 1361 5234; baseline -0.051 0"><span class='ocrx_word' id='word_1_399' title='bbox 1302 5168 1361 5234; x_wconf 78' lang='lat'><strong>27·</strong></span> 
     </span>
    </p>
   </div>
   <div class='ocr_carea' id='block_1_6' title="bbox 0 0 1903 6068">
    <p class='ocr_par' dir='ltr' id='par_1_6' title="bbox 0 0 1903 6068">
     <span class='ocr_line' id='line_1_46' title="bbox 0 0 1903 6068; baseline 0 0"><span class='ocrx_word' id='word_1_400' title='bbox 0 0 1903 6068; x_wconf 95' lang='lat' dir='ltr'><strong> </strong></span> 
     </span>
    </p>
   </div>
  </div>
 </body>
</html>
