3758 6072
355 465 416 531 390
840 459 891 510 Dis
910 457 1130 532 philosophiqohe
1146 459 1271 512 Multis

354 645 410 711 diu
432 643 576 726 sedeant,
598 641 686 732 quod
706 640 769 707 duo
789 639 939 729 magistri
960 649 1109 728 arguant,
1131 641 1160 706 si
1180 640 1226 706 ibi
1248 647 1323 706 sunt
1342 639 1492 728 magistri
1511 659 1654 726 arguere
1672 637 1772 703 volen-

353 754 413 829 tes,
434 746 463 810 si
486 743 601 809 saltem
621 742 728 809 locum
748 741 907 828 arguendi
925 739 1047 806 habere
1069 737 1219 830 possunt)
1245 740 1388 808 habeant
1407 737 1544 828 quilibet
1565 761 1666 804 unum
1691 759 1774 824 gros·

353 867 425 911 sum
451 865 581 926 novum,
609 865 704 928 quem
725 839 867 905 decanus
889 839 1011 906 eisdem
1037 839 1151 906 eodem
1178 839 1231 906 die
1257 837 1488 929 praesentabit.
1530 837 1577 903 Ut
1599 859 1679 924 ergo
1701 838 1775 902 scia·

354 953 422 1028 tur,
455 944 511 1030 qui
541 942 690 1028 magistri
721 949 911 1027 praesentes
942 939 1077 1022 fuerint,
1115 939 1254 1007 famulus
1286 939 1522 1021 universitatis,
1555 938 1612 1024 qui
1645 947 1777 1024 protunc

311 1057 328 1112 t
355 1065 511 1133 praesens
530 1041 637 1124 fuerit,
658 1063 769 1106 omnes
783 1040 958 1126 magistros
979 1049 1166 1126 praesentes
1187 1043 1222 1106 in
1243 1039 1380 1127 singulis
1402 1036 1686 1124 disputacionibus
1705 1035 1775 1101 fids

352 1145 428 1211 liter
449 1139 634 1208 conscribat
656 1139 698 1204 ad
720 1139 894 1225 registrum
917 1147 948 1203 et
969 1138 1092 1205 decano
1119 1139 1283 1205 facrdtatis
1314 1140 1438 1204 arcium
1465 1139 1500 1202 in
1529 1137 1663 1226 scriptis
1689 1158 1776 1222 prae

353 1251 471 1324 santet,
498 1249 534 1306 ut
562 1240 639 1304 sciri
669 1240 775 1326 possit
796 1237 972 1324 diligencia
997 1241 1229 1324 magistrorum
1256 1238 1426 1305 consilium
1449 1235 1616 1302 sacudtatis
1637 1247 1776 1323 tempore

354 1365 412 1409 suo
433 1343 556 1406 intrare
576 1338 761 1406 volentium.
805 1337 851 1402 Ut
871 1359 949 1424 ergo
968 1336 1108 1403 famulus
1129 1339 1350 1406 universitatis
1370 1339 1405 1402 in
1428 1336 1619 1422 exequendo
1641 1335 1776 1402 officium

354 1463 445 1508 suum
476 1440 633 1505 maiorem
660 1445 807 1525 apponat
834 1435 1050 1524 diligenciam,
1080 1437 1115 1502 in
1143 1437 1280 1525 singulis
1307 1435 1587 1526 disputacionibus
1608 1433 1776 1503 ordinariis

314 1553 346 1608 10
356 1539 506 1608 admiuus
527 1539 647 1606 habeat
667 1545 734 1602 tres
757 1536 917 1602 denarios.

559 1727 588 1788 6.
609 1737 753 1799 ousrno
773 1736 847 1787 son
866 1737 984 1786 unnnr
1008 1739 1101 1787 rrum
1123 1739 1332 1789 orsrunsmo
1354 1723 1572 1788 oanmsnn.¹

435 1875 518 1942 Item
540 1870 629 1960 quod
647 1872 682 1936 in
702 1871 895 1936 annualibus
917 1871 996 1936 foris
1018 1893 1084 1936 non
1106 1868 1203 1936 debet
1220 1870 1292 1936 fieri
1316 1870 1499 1958 disputacio
1523 1868 1702 1952 ordinaris,
1727 1889 1773 1932 ne

354 1988 416 2065 qne
439 1973 525 2040 iufra
545 1973 761 2038 mutacionem
783 1981 814 2036 et
836 1971 909 2036 aliis
929 1970 1131 2057 temporibus
1155 1969 1351 2056 abantiquo
1375 1970 1566 2036 observatis

436 2074 520 2139 Item
551 2070 639 2156 quod
670 2079 817 2157 tempore
846 2069 1080 2157 disputacionis
1108 2069 1295 2135 ordinariae
1322 2069 1431 2136 nullae
1458 2067 1580 2135 debent
1608 2068 1681 2134 lieri
1709 2089 1772 2156 pro

314 2172 603 2252 summissiones,
635 2169 789 2235 lectiones
819 2169 871 2235 vel
902 2170 1139 2257 resumptiones
1170 2169 1222 2235 vel
1254 2171 1362 2260 quivis
1393 2169 1449 2236 alii
1481 2179 1573 2236 actus
1604 2167 1773 2248 scolastici3

353 2295 458 2363 neque
497 2270 562 2336 illis
593 2269 724 2352 diebus,
756 2267 874 2356 quibus
903 2268 940 2334 fit
971 2267 1153 2355 disputacio
1183 2267 1350 2334 ordinaria
1382 2271 1628 2364 magistrorum,
1666 2267 1774 2334 debent

353 2374 507 2440 lectiones
528 2379 585 2436 aut
606 2369 765 2435 exercitia
784 2368 856 2433 fieri
877 2379 933 2432 aut
952 2369 1150 2450 continuari;
1179 2377 1275 2432 extra
1299 2377 1409 2435 tamen
1429 2369 1617 2434 ordinariae
1639 2367 1773 2455 disputa·

355 2475 465 2539 ciones
484 2470 556 2535 fieri
576 2476 720 2556 possunt

690 2656 719 2717 7.
740 2667 802 2728 om
823 2665 1011 2715 rnnuurnu
1032 2667 1227 2718 nrsrursnn
1250 2669 1449 2719 cannarum.

313 2815 347 2872 20
438 2804 520 2869 ltem
542 2799 678 2888 quilibet
697 2801 864 2886 magister,
886 2798 939 2864 hic
963 2799 997 2862 in
1018 2800 1229 2866 universitate
1252 2809 1431 2887 promotus,
1459 2799 1642 2887 disputabit
1659 2801 1693 2866 in
1712 2799 1773 2865 loco

355 2926 413 2970 suo
435 2901 600 2969 ordinarie
620 2907 696 2988 post
714 2899 947 2985 promotionem
970 2921 1060 2963 suam
1082 2899 1125 2964 ad
1144 2903 1250 2964 minus
1272 2899 1316 2966 ad
1338 2898 1448 2966 decem
1470 2920 1574 2966 annos
1594 2901 1658 2968 sub
1679 2919 1773 2987 pocus

355 3001 547 3090 privationis
568 2999 632 3064 loci
653 3000 687 3062 in
708 2998 804 3064 scolis
827 3007 859 3062 et
879 2997 1077 3084 quibuslibet
1102 2997 1175 3064 eliis
1198 2999 1333 3065 actibus.
1375 2999 1479 3080 Quem
1509 3001 1613 3066 eclam
1643 3001 1772 3066 decanus

356 3124 417 3190 pro
435 3111 582 3186 tempore
603 3098 747 3163 existens
768 3096 929 3164 tenebitur
949 3097 1108 3185 repellere
1137 3098 1179 3164 de
1207 3097 1304 3165 scolis
1331 3119 1390 3186 per
1417 3100 1569 3164 nuncium
1591 3101 1771 3166 universita-

353 3203 406 3285 tis,
426 3200 490 3266 nisi
511 3199 609 3264 tuerit
629 3199 663 3262 iu
685 3196 750 3262 alia
772 3197 926 3262 facultate
948 3207 1125 3284 promotus.

312 3311 346 3368 m
439 3300 521 3366 Item
544 3297 666 3386 placet,
695 3295 782 3384 quod
803 3295 939 3384 quilibet
959 3299 1198 3384 magistrorum,
1225 3297 1335 3364 volens
1356 3298 1521 3364 ordinarie
1543 3299 1720 3388 disputare,
1739 3295 1773 3361 de

353 3397 624 3488 respondentibus
655 3395 718 3462 sibi
747 3394 866 3461 debeat
894 3397 1084 3483 providere,
1114 3409 1147 3462 et
1174 3397 1323 3462 adminns
1351 3398 1601 3486 principalibus,
1632 3399 1693 3466 sub
1718 3416 1772 3463 non

355 3499 600 3586 computacione
619 3496 864 3583 disputacionis.

574 3687 604 3749 8.
625 3699 672 3746 nn
691 3697 949 3746 nrsnursmosn
971 3695 1279 3748 nxrnsonnnums
1299 3699 1557 3748 usmsrnonmn

438 3813 583 3896 Placuit,
621 3811 709 3898 quod
746 3811 881 3900 quilibet
910 3823 1078 3901 promotus
1109 3814 1143 3878 iu
1171 3815 1363 3900 magistrum
1390 3815 1496 3880 occisa
1524 3811 1773 3881 extraordinarie

314 3913 443 3981 minfra
465 3915 607 4000 primum
629 3933 749 3976 annum
772 3933 849 3976 suae
870 3913 1063 4001 inceptionis
1085 3913 1240 4000 disputet,
1263 3921 1295 3979 et
1316 3923 1489 4002 antequam
1511 3913 1696 3980 huiusmodi
1717 3911 1773 3976 dis·

357 4014 542 4100 putationes
562 4009 784 4098 compleverit,
811 4009 854 4076 ad
881 4011 1048 4078 consilium
1070 4011 1234 4078 facultatis
1257 4036 1323 4078 non
1346 4011 1545 4079 admittatur.
1589 4013 1657 4095 Qui
1678 4023 1772 4078 auten

358 4113 457 4177 octies
484 4112 519 4175 in
546 4113 651 4198 primo
676 4131 761 4177 anno
783 4108 951 4196 disputare
974 4110 1164 4196 neglexerit,
1193 4112 1267 4178 talis
1295 4112 1351 4177 det
1372 4111 1513 4178 medium
1539 4113 1699 4179 florenum
1722 4133 1772 4198 pro

357 4231 472 4297 poena,
492 4211 564 4276 aut²
585 4210 696 4297 triplet
714 4209 900 4275 huiusmodi
922 4207 1180 4296 disputacionem
1201 4211 1398 4298 disputando
1420 4212 1593 4299 diligenter
1609 4211 1772 4278 secundun

334 4397 339 4404 ,
358 4307 556 4374 laudabilem
578 4311 745 4397 antiquam
768 4309 1042 4392 consuetudinem,
1068 4309 1222 4376 videlicet
1242 4311 1400 4398 capiendo
1421 4311 1503 4376 duas
1526 4315 1729 4400 questiones
1748 4317 1773 4373 et

316 4420 348 4478 tt
361 4410 424 4477 duo
452 4407 650 4497 sophismata
677 4409 710 4473 in
728 4407 848 4494 ‘aliquo
877 4407 1093 4492 lectoriorum,
1122 4431 1194 4474 cum
1221 4412 1423 4477 intimatione
1453 4411 1601 4499 publica,
1631 4412 1674 4477 ad
1701 4410 1772 4475 duas

358 4510 456 4577 horas
477 4511 602 4595 integre
624 4506 829 4595 disputando,
857 4506 917 4572 snb
939 4529 1045 4596 poena
1066 4530 1130 4573 non
1152 4511 1410 4598 computacionis
1430 4511 1517 4576 illius
1539 4509 1772 4599 disputationis,

359 4611 446 4676 etin
472 4606 585 4674 habitu
606 4608 788 4694 magistrali
817 4617 985 4690 consuet03
1013 4615 1137 4673 tantum
1168 4610 1266 4675 semel
1292 4612 1326 4676 iu
1354 4611 1406 4676 die
1433 4611 1693 4678 extraordinarie
1718 4607 1771 4672 dis·

443 4877 455 4929 l
475 4871 611 4928 Daneben
629 4874 809 4942 gesohrieben
828 4883 957 4931 statam
975 4873 1140 4930 {mosomus
1177 4876 1307 4934 Dariiber
1330 4880 1387 4934 und
1410 4895 1455 4934 am
1476 4877 1575 4934 Raude
1591 4895 1657 4948 war,
1680 4873 1770 4950 gleich-

359 4957 424 5014 falls
439 4956 491 5012 mit
508 4954 602 5012 rother
617 4957 709 5026 Tinte,
727 4958 772 5013 eiu
796 4959 923 5032 lingeret
940 4959 1005 5016 siu
1024 4956 1220 5030 gescbriebeu3
1249 4961 1328 5018 Alles
1344 4961 1381 5018 ist
1397 4962 1489 5018 iudess
1507 4962 1607 5018 wieder
1622 4960 1770 5018 anuudiert.

443 5040 532 5098 ²Die
547 5041 646 5098 Worte
665 5045 732 5098 totis
748 5043 790 5098 bis
809 5053 858 5100 out
881 5044 942 5100 sind
961 5047 1055 5114 sptter
1077 5043 1305 5116 cingeklammert
1325 5047 1384 5104 und
1409 5063 1456 5102 an
1471 5046 1572 5106 Raude
1593 5047 1631 5104 ist
1654 5045 1770 5115 timet*

358 5124 436 5201 ffigt:
464 5127 592 5200 magist-i
606 5127 702 5184 uoluat
717 5129 844 5200 deinceps
858 5147 979 5200 pomam
994 5129 1123 5206 recipere.
