3758 6072
341 465 402 532 396
827 469 878 521 Dio
902 469 1122 534 philosopblscbs
1140 469 1269 524 rusius.

336 651 432 716 mites
453 649 605 720 obstaret.
647 649 755 718 Debet
785 662 893 718 tamen
918 650 1040 718 habere
1069 662 1206 739 protunc
1233 675 1331 719 unum
1360 651 1394 716 in
1425 649 1533 718 locum
1562 651 1642 735 eins,
1674 651 1758 718 vices

337 749 527 839 supplendo,
548 773 590 817 ne
609 752 688 818 fiant
709 751 933 838 negligenciae
953 751 1084 820 ibidem.

619 925 669 986 22.
691 937 738 984 ua
759 936 965 986 scansurus
986 937 1032 984 nr
1054 936 1184 986 aaaron
1206 937 1466 986 use1sra0auu.

418 1051 514 1134 Item,
541 1054 568 1116 si
599 1051 640 1117 de
668 1051 775 1140 aliquo
808 1054 965 1140 magistro
993 1061 1192 1140 compertum
1218 1053 1329 1136 fuerit,
1361 1051 1449 1138 quod
1475 1055 1510 1118 in
1538 1050 1676 1118 comodo
1705 1075 1758 1118 auo

294 1159 310 1213 ⁵
336 1150 501 1237 publicam
523 1151 725 1217 meretricem
744 1151 909 1235 babuerit,
936 1153 989 1219 vel
1017 1154 1051 1218 in
1077 1152 1177 1218 bursa
1200 1149 1251 1216 vel
1281 1151 1347 1218 alia
1367 1151 1463 1218 domo
1486 1175 1544 1217 seu
1567 1150 1760 1218 domuncula

338 1271 394 1315 seu
416 1250 550 1316 comodo
571 1253 733 1317 meretrici
761 1251 910 1340 publicae
931 1251 983 1318 vel
1010 1251 1235 1317 meretricibus
1257 1251 1396 1339 publicis
1417 1261 1630 1318 conversatus
1656 1251 1758 1332 fuerit,

335 1349 389 1414 vel
416 1351 450 1414 in
471 1350 702 1417 collacionibus
729 1365 785 1418 aut
813 1351 971 1440 prandiis,
999 1351 1054 1418 ubi
1083 1351 1180 1417 talem
1202 1351 1254 1416 vel
1281 1351 1363 1418 tales
1391 1375 1463 1418 esse
1490 1353 1638 1433 sciverit,
1667 1351 1760 1416 fuerit
1845 1335 1846 1358 ¹

338 1449 390 1515 vel
411 1451 445 1514 iu
464 1449 669 1517 habitacione
691 1475 749 1516 sua
771 1450 984 1516 concubinam
1014 1451 1144 1539 publice
1165 1451 1320 1533 tenuerit,
1349 1451 1401 1516 vel
1428 1451 1536 1517 locum
1566 1459 1758 1537 suspectum,

336 1549 489 1616 videlicet
517 1549 747 1638 prostibulum,
777 1553 975 1634 visitaverit,
1006 1563 1062 1616 aut
1091 1553 1120 1616 si
1150 1547 1191 1615 de
1219 1551 1281 1615 hoc
1310 1561 1478 1638 suspectus
1509 1571 1544 1614 se
1573 1572 1757 1637 expurgare

298 1659 328 1715 to
337 1651 520 1736 nequiverit
541 1649 593 1716 vel
614 1650 654 1716 de
676 1651 738 1717 hoo
760 1653 926 1716 convictus
953 1651 1066 1716 fuerit:
1106 1649 1181 1715 talis
1212 1651 1254 1714 sit
1281 1649 1412 1716 inabilis
1434 1650 1477 1716 ad
1501 1659 1593 1716 actus
1617 1648 1759 1716 scolasti-

336 1769 392 1814 cos
414 1749 629 1816 exercendum
653 1760 683 1816 et
710 1751 753 1816 ad
782 1751 924 1840 aliquem
946 1751 998 1817 vel
1020 1749 1146 1838 aliquos
1169 1750 1425 1838 promovendum
1447 1750 1612 1814 adunam
1634 1772 1758 1830 annum,

335 1871 395 1914 nec
417 1849 460 1914 ad
488 1850 656 1917 consilium
677 1850 851 1933 facultatis,
878 1853 906 1915 si
929 1851 970 1917 de
990 1852 1076 1916 facto
1098 1852 1132 1916 in
1154 1873 1192 1914 eo
1215 1871 1280 1916 non
1307 1849 1418 1932 tuerit,
1440 1851 1504 1914 nisi
1525 1871 1561 1914 se
1582 1851 1758 1915 correxerit

335 1958 367 2013 et
389 1948 535 2014 facultati
554 1973 652 2038 super
673 1951 735 2016 hoc
756 1951 966 2017 sufficientem
990 1949 1160 2016 emendam
1180 1950 1302 2032 feccrit,
1324 1959 1518 2015 assumatiu.

416 2048 498 2114 ltem
526 2049 635 2115 nullus
666 2053 896 2138 magistrorum
927 2059 1037 2138 portet
1068 2049 1202 2138 pallium
1234 2071 1276 2114 ex
1307 2060 1445 2136 utroque
1479 2047 1582 2115 latere
1616 2047 1669 2114 vel
1700 2071 1757 2112 uno

295 2158 325 2214 1⁵
335 2157 484 2237 apertum
504 2172 579 2216 cum
601 2147 685 2238 [10⁵]
708 2150 818 2238 iopula
839 2149 891 2215 vel
920 2149 1081 2232 tunicella,
1111 2172 1193 2237 quae
1220 2172 1285 2214 non
1315 2148 1519 2235 protenditur
1540 2148 1628 2214 ultra
1648 2169 1758 2236 genua

336 2247 402 2328 Qui
425 2249 453 2312 si
477 2251 675 2316 scunarium
695 2251 824 2334 fecerit,
854 2273 912 2338 per
930 2261 997 2316 tres
1018 2272 1145 2315 menses
1166 2248 1209 2315 ab
1231 2248 1359 2314 actibus
1382 2246 1561 2314 scolasticis
1583 2258 1616 2313 et
1636 2269 1757 2335 promo

335 2346 483 2412 cionibus
504 2348 663 2414 faciendis
685 2353 728 2414 sit
749 2372 934 2437 suspensus.

419 2448 500 2513 Item
522 2448 655 2536 placuit,
677 2450 764 2537 quod
786 2473 896 2515 omnes
919 2459 951 2515 et
973 2449 1092 2536 singuli
1112 2451 1263 2536 magistri
1284 2449 1409 2514 arcium
1430 2445 1582 2512 decenter
1603 2445 1757 2512 habituati

335 2545 488 2612 incedant
509 2548 626 2614 calceis
648 2572 712 2614 non
734 2551 892 2632 rostratis,
921 2549 1037 2637 palleis
1058 2558 1116 2614 aut
1135 2550 1253 2614 tunicis
1274 2570 1339 2614 non
1366 2548 1551 2629 accurtatis,
1580 2569 1641 2612 nec
1662 2547 1756 2611 maui-

292 2648 381 2712 fflcis
402 2647 523 2711 strictis
544 2670 646 2736 usque
667 2647 710 2712 ad
735 2649 877 2714 cubitum
901 2650 1105 2736 semiapertis
1128 2661 1184 2716 aut
1206 2647 1345 2715 collariis
1368 2646 1566 2728 cancellatis,
1587 2669 1649 2711 nec
1671 2647 1755 2712 schu-

333 2746 386 2812 bis
414 2748 448 2812 in
477 2757 572 2832 parte
594 2749 750 2813 anteriori
779 2749 902 2834 apertis
930 2749 987 2814 sed
1015 2749 1145 2814 nodatis
1168 2771 1224 2814 seu
1247 2747 1367 2814 clausis
1389 2769 1462 2812 cum
1486 2747 1579 2812 uncis
1608 2755 1665 2811 aut
1690 2744 1756 2810 aliis

332 2847 500 2929 iuncturis,
528 2855 583 2912 aut
605 2846 686 2912 alias
707 2859 814 2913 vestes
836 2847 1021 2913 indecentes
1043 2848 1173 2934 publice
1196 2847 1358 2930 deferant,
1386 2849 1420 2911 in
1450 2846 1570 2934 quibus
1591 2847 1754 2932 magistra-

333 2946 373 3012 lis
395 2969 460 3011 non
481 2944 762 3012 recommendatur
784 2947 938 3032 dignitas.
977 2947 1022 3014 Et
1051 2949 1078 3014 si
1107 2949 1161 3037 qui
1186 2970 1278 3014 secus
1304 2947 1440 3012 fecerint
1466 2955 1512 3028 et,
1543 2968 1641 3032 super
1661 2944 1755 3010 boca

335 3047 457 3112 decano
479 3046 635 3134 requisiti,
659 3069 694 3111 se
716 3046 888 3112 emendare
909 3071 974 3113 non
996 3050 1195 3128 ornaverint,
1222 3046 1264 3112 ab
1292 3046 1440 3112 omnibus
1461 3044 1590 3110 actibus
1618 3046 1751 3114 scolasti-

292 3149 381 3212 2tcis
420 3157 453 3211 et
490 3145 714 3210 emolumentis
745 3145 909 3212 facultatis
948 3149 1012 3212 siut
1045 3149 1209 3234 suspensi,
1244 3147 1347 3212 donec
1377 3143 1526 3210 facultati
1561 3145 1754 3212 reconciliati

331 3247 451 3312 fuerint
472 3255 597 3311 etcum
619 3245 734 3312 effectu
760 3246 802 3312 de
827 3244 886 3310 tali
911 3246 1138 3312 inobediencia
1165 3256 1197 3312 ct
1225 3246 1485 3332 transgressione
1511 3247 1641 3311 statutis
1670 3247 1753 3312 satis·

331 3347 476 3412 fecerint

555 3485 605 3547 23.
626 3497 673 3545 un
695 3496 938 3545 ramroamus
960 3497 1005 3545 ar
1028 3495 1202 3558 Quouono
1223 3495 1364 3544 usuam
1386 3495 1536 3544 raxam.

413 3612 555 3698 Placuit,
583 3613 670 3703 quod
692 3615 724 3678 in
747 3613 910 3701 principio
934 3613 1104 3679 cuiuslibet
1125 3611 1311 3678 mutationis
1332 3633 1392 3700 per
1412 3610 1603 3678 faoirltatem
1624 3623 1753 3700 quatuor

288 3721 498 3780 totaxatores
520 3714 560 3780 de
583 3711 717 3779 consilio
739 3713 902 3779 facultatis
930 3735 988 3800 per
1015 3723 1134 3778 sortem
1157 3713 1226 3776 sine
1252 3711 1435 3776 differentia
1460 3714 1629 3778 nationum
1660 3713 1753 3800 depu-

331 3821 448 3878 tentur.
489 3812 535 3878 Et
561 3836 680 3896 omncs,
704 3813 847 3880 volentes
871 3835 942 3877 esse
968 3821 1042 3877 actu
1063 3820 1222 3898 regentes,
1244 3819 1392 3876 tenentur
1416 3820 1502 3878 stare
1522 3813 1557 3878 in
1578 3823 1675 3896 sorte,
1697 3813 1753 3878 biis

332 3910 434 3976 solum
462 3911 618 3995 exclusis,
650 3914 704 4000 qui
735 3914 826 4000 prius
853 3912 982 3978 fuerunt
1011 3921 1186 3976 taxatores.
1230 3909 1295 3992 Qui
1327 3920 1494 3976 taxatores
1525 3923 1665 4002 quatuor
1695 3935 1752 3978 una

334 4032 406 4075 cum
440 4010 562 4077 decano
595 4022 671 4098 post
705 4013 900 4101 principium
933 4011 1105 4077 lectionum
1140 4020 1171 4076 et
1200 4011 1434 4075 exerciciorum
1464 4010 1507 4075 ad
1539 4015 1647 4078 minus
1677 4013 1753 4080 infra

335 4131 487 4194 mensem,
508 4113 710 4179 intimatione
732 4111 864 4199 publica
886 4111 945 4177 sub
968 4109 1075 4196 sigillo
1096 4111 1276 4175 decanatus
1298 4110 1490 4196 praemissa,
1515 4114 1657 4200 receptis
1678 4112 1753 4198 regi·

295 4210 415 4274 35stris
449 4232 469 4274 a
500 4209 681 4297 legentibus
704 4222 735 4276 et
766 4209 1030 4291 exercitantibus,
1062 4209 1104 4274 ad
1136 4209 1314 4276 taxandum
1350 4207 1504 4274 lectiones
1537 4224 1569 4276 et
1601 4211 1753 4276 exercicu

333 4307 540 4375 audiencium
566 4310 662 4376 simul
688 4311 880 4376 conveniant
905 4321 937 4374 et
966 4319 1081 4374 taxent
1108 4307 1283 4373 secundum
1312 4307 1441 4373 modum
1471 4308 1579 4394 talem,
1610 4309 1754 4376 videlicet

333 4408 436 4489 uu0d¹
466 4431 526 4496 pro
555 4409 746 4476 lectionibus
776 4420 807 4474 et
833 4411 1003 4475 exerciciis
1030 4409 1191 4494 recipiant
1218 4418 1321 4474 totum
1352 4428 1372 4472 a
1397 4407 1564 4492 divitibus,
1592 4409 1752 4475 sciliceta

417 4642 503 4698 lDie
520 4641 619 4696 Worte
637 4659 693 4696 aaa
709 4659 768 4696 mam
789 4644 893 4696 decano
916 4641 957 4709 (Ζ.
974 4641 1017 4710 32)
1041 4639 1085 4694 bis
1102 4639 1229 4696 uidelicet
1253 4645 1330 4713 quood
1353 4640 1414 4696 sind
1440 4643 1534 4712 opiter
1550 4639 1750 4698 durcbstrlcbeu

331 4727 387 4782 und
405 4727 489 4782 dafiir
505 4727 542 4782 ist
564 4743 601 4781 au
627 4725 680 4780 den
698 4727 779 4781 Rand
805 4725 999 4798 geschrieben:
1037 4725 1118 4778 Anno
1141 4725 1248 4780 domiai
1273 4731 1335 4782 1474
1360 4727 1474 4781 sobboto
1496 4733 1559 4781 autc
1578 4725 1749 4798 Philippici

331 4813 429 4866 Iacchi
444 4811 509 4882 (den
528 4817 567 4868 30.
586 4809 678 4882 April)
701 4813 749 4864 aab
771 4813 906 4864 moneas
928 4810 1057 4881 mapistri
1075 4809 1155 4862 Petri
1172 4809 1316 4881 Hoscmaa
1338 4809 1444 4881 (totta)
1466 4811 1622 4865 conclis-suot
1636 4811 1708 4881 fuit,
1726 4815 1751 4860 at

330 4897 437 4950 motio
460 4897 609 4950 kcciouum
628 4903 653 4948 et
675 4896 871 4949 arcrcimomm
890 4913 943 4966 per
965 4895 1085 4966 amplius
1108 4893 1203 4948 abeat
1221 4897 1291 4962 fier-i
1312 4896 1424 4950 &vesta
1446 4911 1499 4966 pot·
1518 4897 1595 4966 ipsos
1614 4901 1748 4958 maulam,

330 4981 457 5035 uidelicet
473 4984 549 5051 qtaod
563 4980 678 5050 wilibct
696 4987 851 5034 motos-m
868 4983 898 5034 in
915 4981 976 5035 loco
995 4997 1061 5034 auos
1078 4980 1263 5034 habitacionis
1282 4987 1355 5034 tacet
1375 4997 1511 5050 personas
1528 4980 1558 5033 ia
1577 4981 1681 5034 ootibu
1698 4993 1748 5048 pro

330 5065 508 5136 completione
529 5065 634 5118 eadiu'a
654 5065 799 5118 amedeum
819 5065 937 5133 capistro
961 5065 1017 5118 sibi
1036 5070 1213 5134 praesentata
1236 5065 1317 5134 infra
1339 5081 1453 5118 manaa
1477 5083 1496 5118 a
1515 5063 1659 5136 principio
1680 5062 1748 5116 iusta

329 5154 463 5204 mamm.
