3748 6070
453 498 550 552 Zsreite
569 499 831 562 Stsmtenredsction,
851 511 905 550 von
927 496 1099 551 tete—leet.
1469 499 1529 564 335

151 685 202 748 50.
221 697 270 747 nn
291 695 493 748 maturuere
515 697 790 748 ssccmssmsnr
810 693 1039 746 rmassssoo
1062 693 1228 744 usurons
1249 693 1478 773 samsucius.

707 815 768 878 vgt.
788 830 811 864 ι.
833 814 871 865 St
887 813 913 866 9.

200 928 285 995 Item
314 929 552 1017 promovendus
580 931 623 997 ad
648 929 785 1017 gradum
809 927 1047 994 baccalariatus
1068 927 1102 992 in
1122 926 1245 995 artibus
1267 928 1388 995 iurabit
1408 927 1530 996 decano

112 1027 165 1094 vel
185 1027 386 1096 vicedecanc
413 1028 587 1096 secundum
606 1031 747 1095 formam
766 1029 852 1094 infra
874 1027 1047 1112 scriptam:
1065 1023 1159 1111 „Ego
1176 1026 1223 1092 .N.
1244 1028 1326 1111 iuro,
1346 1027 1434 1113 quod
1446 1029 1531 1092 infra

110 1127 310 1216 quindenam
322 1125 420 1193 velim
440 1127 566 1194 solvere
586 1127 734 1194 facultati
753 1149 852 1192 unum
873 1125 1030 1191 florenum
1049 1125 1229 1190 reinensem
1249 1125 1301 1191 vel
1323 1127 1529 1213 aequivalens
1555 1138 1572 1192 5

110 1238 140 1292 et
174 1229 209 1310 ¹l2
234 1226 394 1292 florenum
422 1249 483 1315 pro
512 1227 590 1294 fisco
610 1227 847 1309 universitatis,
868 1223 920 1290 vel
942 1221 1086 1289 obtinere
1106 1223 1249 1291 eiusdem
1267 1224 1459 1292 dilacionem
1480 1225 1532 1292 vel

108 1325 334 1392 dimissionem
360 1324 402 1391 ab
428 1326 580 1394 eadem.“
620 1325 665 1392 Et
689 1324 776 1391 idem
796 1322 916 1390 iurabit
935 1321 1137 1389 baccalarius
1159 1322 1291 1392 alterius
1311 1326 1532 1392 universitatis

105 1425 145 1490 de
168 1447 256 1491 novo
277 1424 502 1492 assumendus.

231 1615 284 1677 51.
303 1625 350 1674 ns
371 1623 577 1676 mmusuro
604 1623 879 1675 ssccsaaruaunr
901 1621 1064 1673 rsuroas
1084 1621 1406 1674 rnassaurscrours.

765 1743 826 1808 ναι.
843 1758 868 1793 a
886 1743 924 1794 ss.
945 1742 982 1794 iu.
1542 1752 1574 1809 10

194 1857 281 1924 Item
309 1856 580 1924 baccalariandus
606 1867 751 1946 tempore
783 1856 1060 1945 praesentacionis
1087 1854 1209 1921 iurabit
1226 1856 1312 1922 infra
1330 1859 1454 1947 scripta
1473 1858 1533 1925 sub

112 1957 174 2023 hac
203 1958 328 2023 forma:
369 1957 464 2044 „Ego
493 1957 541 2022 .N.
567 1961 657 2042 iuro,
680 1955 766 2044 quod
792 1969 938 2043 tempore
967 1954 1248 2021 determinacionis
1275 1977 1367 2022 meae
1387 1960 1533 2024 nuncciis

111 2058 338 2123 universitatis
367 2055 515 2122 adminus
544 2053 628 2122 dabo
653 2063 673 2122 4
702 2078 854 2142 grossos3
883 2056 960 2120 item
989 2053 1075 2142 quod
1102 2055 1200 2119 istum
1227 2054 1365 2143 gradum
1391 2057 1425 2122 in
1446 2056 1534 2124 nulla

110 2157 178 2223 alia
199 2157 414 2222 universitate
440 2177 618 2240 resumam;
647 2156 724 2220 item
742 2153 830 2241 quod
857 2156 893 2219 in
919 2156 985 2220 ista
1011 2155 1220 2219 universitate
1247 2154 1340 2222 stabo
1364 2179 1424 2244 per
1453 2155 1534 2223 duos

112 2279 217 2322 annus
227 2254 379 2342 legendo,
398 2255 597 2342 disputando
618 2253 671 2318 vel
692 2253 839 2318 adminus
861 2252 999 2340 aliquem
1019 2253 1248 2339 magistrorum
1269 2257 1303 2319 in
1319 2254 1461 2322 leccione
1480 2255 1533 2321 vel
1545 2266 1576 2322 te

111 2355 275 2421 exercicio
303 2353 482 2438 audiendo,
513 2355 578 2419 nisi
605 2377 664 2441 per
691 2352 876 2418 facultatem
904 2373 1001 2439 super
1024 2351 1087 2417 hoc
1106 2374 1231 2418 meeum
1250 2353 1347 2420 fiterit
1368 2353 1534 2443 dispensa-

110 2465 205 2538 tum3
238 2453 319 2518 item
349 2452 435 2540 quod
455 2452 575 2520 bonum
601 2453 820 2518 universitatis
848 2461 879 2517 et
902 2449 1065 2517 facultatis
1086 2452 1224 2536 arcium,
1254 2453 1297 2518 ad
1318 2476 1538 2544 quemcunque

116 2563 237 2619 statum
260 2551 436 2638 devenero,
465 2551 564 2618 velim
580 2552 715 2619 firmiter
742 2550 917 2618 observare
930 2553 956 2636 ¹3
992 2553 1069 2618 item
1102 2573 1168 2618 non
1193 2551 1292 2618 velim
1322 2553 1536 2621 determinare

114 2653 178 2717 nisi
200 2651 313 2720 habite
336 2653 494 2740 signeto.“

114 2821 162 2886 at.
184 2835 232 2884 os
253 2834 459 2886 mamare
476 2832 710 2885 rasssrssno
731 2833 799 2883 rsa
816 2833 1058 2882 succinimus
1078 2833 1248 2884 assumus
1268 2831 1579 2890 uswnnsrraursm

706 2953 767 3018 vgr.
785 2968 810 3005 a.
829 2951 866 3003 ss
888 2953 926 3003 11.

203 3069 286 3134 Item
298 3070 363 3135 ista
375 3066 497 3136 iurabit
509 3067 711 3135 baccalarius
734 3067 866 3134 alterius
887 3067 1116 3150 universitatis,
1137 3067 1197 3132 sub
1218 3068 1281 3134 hae
1299 3069 1424 3138 forma:
1443 3073 1536 3160 „Ego

119 3168 167 3234 df.
189 3170 272 3252 iuro,
294 3167 380 3254 quod
400 3167 486 3234 infra
506 3166 700 3254 quindenam
720 3165 867 3232 facultati
886 3164 983 3231 velim
1006 3165 1132 3232 solvere
1151 3174 1167 3234 1
1191 3167 1348 3234 florenum
1368 3180 1401 3236 et
1427 3172 1457 3256 Ἰ,
1482 3171 1537 3238 flo-

119 3291 232 3334 renum
262 3289 323 3355 pro
349 3267 429 3332 fiseo
455 3268 690 3350 universitatis,
711 3264 764 3332 vel
784 3265 929 3332 obtinere
949 3267 1018 3330 eius
1039 3264 1259 3333 dimissionem
1279 3268 1331 3334 vel
1352 3268 1538 3336 dilationem
1625 3325 1629 3332 .

120 3392 141 3434 a
167 3365 341 3452 facultate;
368 3369 446 3432 item
478 3365 564 3454 quod
590 3375 737 3450 tempore
763 3385 854 3430 meae
883 3365 1119 3450 assumpcionia
1146 3366 1293 3434 nuncciis
1313 3369 1577 3458 universitatiste

120 3467 206 3534 dabo
229 3466 274 3532 ad
291 3467 397 3532 minus
418 3473 437 3532 4
459 3487 606 3552 grossos3
626 3467 704 3530 item
726 3462 811 3552 quod
830 3461 950 3528 bonum
968 3462 1062 3530 hunus
1083 3464 1303 3532 universitatis
1323 3477 1356 3534 et
1375 3466 1538 3536 facultatis

119 3569 246 3634 arcium
273 3565 371 3632 velim
400 3587 577 3656 procurare
604 3574 637 3630 et
664 3573 784 3631 statuta
813 3572 846 3628 et
871 3561 1058 3647 statuenda,
1085 3585 1168 3650 quae
1190 3576 1264 3631 sunt
1283 3589 1345 3653 pro
1366 3565 1450 3636 bono
1470 3569 1539 3636 uni·

116 3667 284 3732 versitatis
313 3675 346 3732 et
372 3664 536 3732 facultatis
566 3663 767 3750 praedictae,
794 3663 838 3730 ad
865 3685 1083 3754 quemcunque
1106 3673 1225 3732 etatum
1244 3664 1421 3754 devenero,
1440 3669 1539 3738 velim

118 3766 328 3834 observare.“

183 3939 236 4001 53.
256 3950 304 3998 os
325 3945 527 4000 rumrmsro
551 3945 773 3995 massonam
795 3945 958 3995 asmona
982 3947 1200 3998 ansussrosrs
1221 3950 1267 4000 sn
1287 3951 1483 4004 messena.
1544 3946 1579 4005 ³⁰

704 4063 765 4130 var.
782 4076 807 4116 a
826 4065 864 4116 es.
884 4064 923 4116 1³.

200 4184 284 4250 Item
310 4183 375 4250 ista
400 4179 523 4249 iurabit
549 4180 789 4270 magistrandus
815 4187 890 4244 aute
918 4178 1016 4245 finem
1036 4183 1211 4270 examinis,
1238 4183 1298 4249 sub
1326 4185 1388 4254 hac
1414 4187 1535 4256 forma:

122 4283 215 4371 „Ego
244 4283 292 4350 n.
318 4284 408 4367 iure,
436 4281 522 4370 quod
547 4283 633 4348 infra
662 4303 781 4347 annium
808 4302 829 4345 a
852 4278 916 4344 fine
936 4281 1110 4365 examinis,
1140 4283 1168 4347 si
1190 4282 1349 4351 admissm
1370 4285 1475 4373 fuero,
1502 4290 1536 4354 in

119 4384 201 4450 ista²
229 4383 441 4450 universitate
468 4383 503 4448 in
530 4381 654 4448 artibus
680 4382 825 4468 incipere
848 4377 962 4464 velim,
987 4381 1051 4446 nisi
1076 4384 1247 4447 terminum
1268 4406 1290 4448 a
1307 4384 1461 4452 facultate
1482 4387 1537 4454 ola

120 4486 247 4550 tinuero
269 4481 560 4570 longiorem31tem
580 4480 667 4568 quod
687 4503 753 4548 non
770 4479 870 4545 velim
889 4480 1034 4566 incipere
1053 4481 1117 4546 nisi
1137 4483 1239 4569 petito
1259 4483 1371 4550 favore
1393 4507 1414 4552 a
1434 4485 1575 4552 faculet

119 4592 187 4650 tate
217 4583 341 4648 arcium
369 4591 401 4647 et
429 4579 578 4666 obtent03
606 4583 683 4647 item
711 4579 797 4669 quod
816 4579 902 4645 infra
921 4578 1116 4667 quindenam
1135 4602 1156 4646 a
1175 4581 1239 4649 fine
1259 4587 1417 4651 examinis
1437 4584 1535 4651 velim

119 4701 165 4750 xa
192 4697 233 4770 pq.
261 4703 363 4750 novos
395 4681 520 4750 solvere
549 4680 695 4748 facultati
721 4679 774 4746 vel
803 4679 883 4746 duos
903 4679 1041 4746 florenos
1061 4701 1224 4767 recenses,
1246 4694 1279 4749 et
1298 4685 1427 4752 interim
1447 4685 1533 4775 quod

121 4784 230 4872 grossi
260 4792 335 4850 sunt
361 4783 508 4850 meliore·¹
536 4781 689 4864 florenis,
708 4800 841 4867 grossos
862 4777 986 4846 solvere
1005 4779 1119 4866 velim,
1143 4783 1208 4849 nisi
1236 4806 1256 4850 a
1276 4783 1428 4852 ennato
1449 4783 1530 4852 obti-

207 5003 218 5056 t
238 4997 331 5056 Deliis
347 5017 402 5058 von
418 5005 541 5073 sptterer
559 4997 644 5054 Hand
660 4995 839 5069 geschrieben
851 5015 1017 5070 praessura.

205 5084 293 5140 ttae
316 5102 373 5142 var
392 5085 579 5160 geschrIsben,
597 5085 635 5140 ist
652 5082 720 5139 aber
736 5081 822 5139 sehon
840 5101 895 5140 von
912 5085 974 5142 dem
991 5087 1080 5139 ersten
1099 5082 1246 5143 Schreiber
1260 5083 1362 5158 getilgt
1378 5087 1435 5144 und
1452 5089 1535 5148 metr

122 5170 306 5242 ''Memf-
