3748 6070
881 413 936 461 Du
956 411 1079 464 Pauliner
1096 411 1201 474 colleg.

951 635 1025 684 Lex
1043 633 1135 683 XXV.

411 747 465 813 Ex
498 748 677 814 senioribus
698 771 881 815 mensarum
909 759 1048 840 quatuor
1073 747 1265 834 deligantur,
1294 748 1351 836 qui
1379 769 1458 834 prae
1490 747 1642 814 omnibns
1672 749 1750 814 vitia

330 869 513 914 mensarum
536 849 707 914 observent
727 861 759 913 et
779 849 951 916 observata
972 848 1115 937 praesidi
1136 848 1285 912 referant.
1314 845 1397 913 Sunt
1418 857 1526 914 autem
1547 847 1631 914 haec
1649 847 1751 936 dupli-

331 949 391 1012 cia.
432 949 516 1013 Nam
538 959 570 1014 et
590 949 623 1013 in
644 947 726 1030 cibo,
748 950 804 1037 qui
826 950 1010 1036 praebetur,
1038 958 1070 1014 et
1095 971 1116 1013 a
1141 946 1271 1013 famulis
1297 947 1478 1034 atquibus
1500 948 1690 1036 praebetur,
1710 948 1752 1014 ab

288 1055 305 1111 5
330 1048 371 1112 iis
399 1049 605 1135 improbitate
630 1058 662 1113 ct
687 1048 865 1135 petulantia
886 1048 1029 1137 delinqui
1052 1056 1167 1136 potest.
1210 1047 1362 1112 {leniores
1390 1048 1490 1134 igitur
1513 1049 1614 1114 ceteri
1635 1059 1668 1114 et
1688 1057 1754 1114 tota

330 1147 488 1230 iuventus,
510 1147 663 1234 quicquid
683 1147 724 1212 de
744 1171 808 1236 quo
829 1149 901 1236 quis
922 1150 1013 1234 queri
1031 1149 1165 1213 honeste
1185 1148 1303 1235 possit,
1330 1145 1382 1211 his
1403 1145 1530 1214 deferat
1548 1169 1655 1236 neque
1674 1148 1752 1214 foris

330 1247 490 1313 traducat.

934 1370 1006 1418 Lex
1024 1367 1139 1420 XXVI.

413 1483 501 1548 Inter
523 1481 720 1548 vescendum
747 1483 887 1548 ministri
909 1505 1091 1548 mensarum
1119 1463 1162 1547 ad
1187 1481 1268 1547 ahos
1297 1480 1386 1547 cibos
1411 1480 1561 1548 serendos
1583 1505 1626 1547 ne
1647 1506 1752 1549 assur·

292 1591 420 1670 togant,
447 1584 637 1670 priusquam
665 1605 707 1647 ex
736 1583 873 1649 adverso
901 1581 1007 1650 ostioli
1036 1584 1143 1648 senior
1163 1581 1207 1646 ad
1232 1581 1294 1646 hoc
1323 1579 1501 1648 destinatus
1525 1580 1560 1645 id
1589 1583 1750 1670 significa-

331 1685 422 1748 verit.
451 1683 552 1749 Nemo
573 1706 700 1772 quoque
722 1681 762 1748 de
784 1706 896 1749 mensa
917 1683 1089 1771 quicquam
1110 1683 1234 1768 rapiat;
1257 1683 1432 1765 auferatur,
1455 1705 1527 1748 cum
1549 1693 1672 1770 surget

925 1871 998 1920 Lex
1016 1869 1150 1921 XXVII.

412 1984 497 2050 Ante
525 1986 704 2072 gratiarnm
735 1985 892 2051 actionem
920 1986 954 2050 in
983 1985 1112 2072 patinas
1140 1983 1265 2071 ligneas
1294 1983 1431 2050 orbiculi
1459 1985 1568 2050 iniecti
1597 1995 1631 2052 et
1659 1989 1751 2074 panis

329 2085 501 2172 impositus
528 2107 593 2150 una
620 2108 692 2149 cum
720 2084 827 2150 linteis
854 2107 874 2149 a
900 2107 1083 2150 mensarum
1111 2085 1267 2148 ministris
1297 2093 1501 2171 reportentur
1531 2083 1575 2150 ad
1604 2085 1751 2151 ostiolum

291 2193 321 2248 15
331 2184 397 2250 cibi
417 2183 605 2272 praebendi.
646 2184 782 2274 Hocque
802 2183 896 2252 modo
918 2194 950 2250 et
970 2186 1076 2250 minus
1098 2183 1294 2270 pinguedine
1322 2183 1524 2250 maculantur
1551 2185 1704 2251 mantilia
1723 2197 1753 2251 et

330 2284 459 2351 famulis
481 2283 575 2351 labor
598 2285 793 2352 diminuitur.
837 2284 985 2350 Orhiculi
1011 2294 1043 2349 et
1070 2285 1196 2371 ipsine
1224 2306 1297 2350 cum
1324 2281 1449 2350 ludicro
1473 2286 1611 2372 strepitu
1629 2287 1749 2352 mimid-

330 2393 417 2467 tuve,
436 2407 540 2473 neque
562 2386 749 2472 priusquam
770 2387 997 2472 magistrorum
1018 2394 1075 2449 aut
1096 2384 1257 2449 seniorum
1279 2382 1397 2470 aliquis
1419 2383 1463 2448 ad
1484 2384 1546 2450 hoc
1568 2385 1749 2452 destinatus

331 2484 460 2570 signum
472 2483 537 2566 dat,
557 2485 744 2550 iniiciantur
765 2484 892 2571 ligneae
913 2485 1054 2571 patinae,
1075 2483 1183 2548 cautio
1196 2483 1246 2548 sit.
1275 2481 1429 2548 Habeant
1451 2485 1577 2572 primas
1598 2488 1751 2570 seniores,

330 2582 600 2668 quemadmodum
620 2607 719 2671 supra
739 2582 861 2649 dictum
881 2592 939 2648 est

288 2755 323 2812 20
913 2751 987 2801 Lex
1005 2749 1157 2802 XXVIII.

415 2865 517 2932 Nemo
538 2864 590 2931 vel
611 2865 804 2933 clamoribus
823 2865 876 2932 vel
896 2864 1119 2932 tumultuando
1145 2887 1334 2954 quocunque
1359 2865 1456 2932 modo
1477 2865 1529 2932 vel
1558 2869 1648 2934 sonis
1676 2869 1750 2934 alie·

330 2968 381 3032 nis
411 2965 686 3055 qualibuscunque
717 2964 998 3033 contubernalibus
1030 2963 1103 3030 aliis
1132 2966 1300 3053 obstrepat
1332 2976 1363 3032 et
1394 2968 1537 3032 externis
1575 2968 1749 3034 accusandi

330 3066 477 3133 ordinem
506 3075 651 3132 nostrum
676 3068 878 3132 occasionem
905 3065 1070 3154 praebeat
1112 3064 1178 3145 Qui
1206 3065 1313 3131 lacere
1341 3066 1424 3132 haec
1450 3065 1615 3132 indicatus
1643 3069 1745 3156 cogni·

330 3177 445 3254 tusque
464 3167 561 3232 fuerit
581 3188 686 3252 neque
706 3166 822 3248 lacere,
848 3167 987 3231 monitus
1009 3187 1048 3230 ac
1069 3165 1258 3250 castigatus,
1286 3163 1454 3248 destiterit,
1483 3166 1521 3248 is,
1543 3168 1672 3254 quoties
1693 3168 1746 3233 ite·

289 3275 403 3332 25rum
431 3264 616 3354 deliquerit,
647 3267 741 3332 toties
770 3288 920 3352 grossum
946 3287 1045 3330 unum
1072 3263 1212 3330 mulctae
1238 3265 1367 3330 nomine
1394 3265 1583 3352 persolvito.
1625 3267 1748 3334 Eadem

329 3365 450 3432 mulcta
469 3375 501 3431 et
520 3367 555 3431 in
580 3387 635 3432 eos
658 3375 778 3430 statuta
799 3375 878 3448 esto,
904 3365 958 3450 qui
985 3363 1124 3450 turpiter
1154 3373 1211 3428 aut
1239 3364 1434 3431 tumultuose
1462 3374 1519 3431 aut
1546 3366 1666 3434 frivole
1687 3366 1747 3432 dis·

330 3465 489 3531 cursitare
509 3486 573 3531 non
593 3466 689 3530 veriti
711 3466 838 3532 luerint.

935 3617 1006 3668 Lex
1023 3615 1134 3666 xm.

412 3727 539 3796 Placuit
559 3737 590 3795 et
608 3729 670 3796 hoc
689 3728 871 3816 prohibere,
897 3754 938 3797 ne
964 3731 1035 3819 quis
1056 3728 1162 3794 incola
1183 3727 1312 3817 collegii
1333 3751 1429 3796 canes
1450 3728 1566 3799 alendo
1589 3733 1663 3800 aliis
1685 3756 1746 3799 mo-

290 3829 460 3896 tolestiam
474 3828 627 3896 exhibeat
648 3837 705 3896 aut
725 3829 852 3917 collegii
874 3830 970 3897 rebus
990 3829 1143 3895 damnum
1165 3827 1228 3912 det,
1248 3851 1313 3895 neu
1332 3831 1404 3917 quis
1424 3829 1515 3918 ligna
1535 3856 1639 3921 supra
1658 3832 1745 3899 tabu·

331 3929 407 3996 latis
434 3937 490 3993 aut
517 3927 672 3994 limitibus
698 3930 785 3994 intra
809 3940 943 3996 extrave
968 3927 1204 3995 habitationem
1233 3951 1324 3994 suam
1354 3928 1490 3994 scindat.
1533 3931 1601 4014 Qui
1627 3933 1745 4014 fecerit,

331 4027 455 4114 grossis
477 4026 602 4095 duobus
623 4027 802 4094 mulctator.

943 4183 1013 4232 hex
1033 4181 1127 4232 XXX.

415 4294 481 4361 Suo
500 4294 634 4362 arbitrio
653 4295 705 4362 vel
727 4296 959 4362 extructionem
979 4295 1189 4361 habitationis
1211 4317 1290 4361 suae
1311 4294 1491 4363 convellere
1504 4295 1557 4362 vel
1576 4297 1645 4363 alia
1666 4309 1743 4364 strn-
1858 4375 1859 4380 γ

291 4406 426 4462 atctura
446 4403 571 4461 mutare
592 4395 644 4461 vel
672 4397 769 4461 etiam
796 4417 881 4460 nova
911 4415 1030 4481 augere
1057 4396 1177 4460 nemini
1203 4395 1300 4461 licere
1326 4395 1481 4462 volumus.
1521 4395 1649 4478 Quodsi
1678 4398 1744 4486 quis
1858 4483 1859 4490 ἵ

332 4496 394 4562 hoc
414 4495 535 4560 faciens
555 4493 702 4561 aedilicia
723 4494 863 4576 laeserit,
882 4493 994 4559 datum
1015 4493 1167 4560 damnum
1187 4494 1371 4582 rependito;
1394 4495 1506 4561 sinon
1526 4493 1670 4581 laeserit,
1690 4499 1744 4562 im·
1858 4559 1859 4582 ,

334 4617 437 4684 pensa
458 4595 492 4660 in
514 4602 707 4660 structuram
729 4594 868 4682 pecunia
890 4603 1007 4660 cereto.

940 4763 1010 4814 Lex
1029 4761 1142 4814 XXXI.

414 4875 512 4942 Pueri
531 4877 566 4942 in
586 4875 648 4942 hoc
667 4875 811 4962 collegio,
832 4885 900 4942 tam
921 4875 1112 4941 lamtdantes
1135 4899 1233 4964 quarn
1255 4877 1363 4960 ceteri,
1387 4876 1430 4944 ab
1447 4878 1498 4961 iis,
1526 4877 1645 4967 quihus
1666 4901 1744 4945 com·

292 4975 477 5044 tomendati
507 4977 571 5043 sint
600 4983 657 5041 aut
686 4977 842 5060 serviant,
871 4985 1027 5062 cogantur
1055 4975 1189 5041 honeste
1217 4985 1249 5042 et
1278 4975 1406 5064 placide
1441 4985 1474 5042 et
1500 4979 1609 5066 quiete
1636 4977 1747 5064 ubique
1858 4975 1859 5032 ἓ

334 5077 478 5144 locorum
498 5077 633 5144 versari.
675 5075 841 5162 Imprimis
862 5097 927 5141 non
948 5074 1044 5140 liceat
1064 5075 1110 5140 eis
1132 5076 1166 5141 in
1187 5097 1265 5142 area
1285 5076 1400 5143 aliisve
1420 5075 1496 5142 ullis
1517 5075 1666 5166 partibus
1684 5075 1744 5143 col·
