3794 6060
138 1629 177 1695 h
221 1627 306 1694 nn:
334 1608 618 1694 obsessione
640 1621 1111 1738 srmruresunnnrne
1138 1625 1233 1692 nnn
1260 1625 1339 1690 nin
1360 1605 1565 1692 nitescu-

324 1743 448 1812 cnnu
476 1743 571 1810 nnn
599 1741 961 1811 eisoeonmonnn
991 1739 1387 1810 essonmrionnr.

141 2119 162 2169 l.
198 2117 276 2168 DER
303 2115 423 2167 ΒΑΜ)-
452 2115 524 2168 ulto
555 2113 803 2166 Mannouorra
833 2113 1027 2166 FRIEDRICH
1055 2113 1127 2164 UND
1156 2114 1329 2168 wiennam
1355 2113 1566 2166 STII’TUNGS·

588 2215 759 2268 unximus
783 2217 855 2267 Dua
879 2205 1121 2299 umvsasmltr

690 2349 751 2384 vom
769 2340 792 2384 a.
811 2332 957 2383 December
977 2329 1062 2380 1⁴09.¹
1591 2333 1608 2388 5

233 2499 363 2548 INCIPIT
386 2499 575 2550 onnmaclo
598 2501 642 2546 ET
665 2497 840 2548 FUNDACIO
864 2497 981 2545 ernon
1001 2495 1199 2546 utrczausls
1222 2497 1289 2545 PER
1312 2497 1477 2559 QUATUOR
1553 2553 1565 2563 ,

655 2596 824 2646 NACIONES
846 2597 1057 2644 Passennus.

225 2713 266 2780 In
287 2715 417 2780 nominc
448 2714 571 2782 domini
591 2713 704 2782 Arnen.
748 2712 801 2779 Ad
822 2713 978 2780 honorem
1008 2714 1237 2800 omnipotentis
1266 2713 1319 2780 dei
1340 2712 1566 2802 gloriosaeque

140 2815 284 2900 virginis
296 2812 422 2880 Mariae
437 2837 476 2880 ac
489 2817 587 2880 totius
608 2812 756 2879 coelestis
773 2815 891 2896 curiae,
912 2835 1037 2880 necnon
1057 2813 1100 2878 ad
1113 2813 1285 2879 utilitatem
1303 2823 1437 2880 sanctae
1452 2817 1566 2880 matris

140 2914 313 2996 ecelesiae,
335 2923 432 3000 atque
453 2937 513 3001 pro
528 2912 631 2980 salute
651 2914 829 2979 animarum
851 2922 1035 2980 nostrarum
1055 2923 1088 2980 et
1108 2915 1350 3002 progenitorum
1370 2923 1608 2998 nostrornm,10

139 3013 348 3080 subditorum
370 3035 496 3097 quoque
518 3025 700 3079 nostrorum
714 3023 746 3078 et
760 3013 1063 3078 circumvicinorum
1077 3021 1239 3079 terrarum
1256 3022 1288 3079 et
1304 3014 1463 3100 gencium,
1483 3035 1567 3099 quae

140 3111 257 3200 procul
270 3120 355 3194 sunt,
373 3113 414 3178 ob
436 3113 616 3200 profectum
638 3113 705 3180 Nos
717 3111 948 3178 Fridericus
964 3114 1072 3178 senior
1083 3112 1566 3199 etWilhelmus,fratresger·

139 3213 240 3296 mani,
263 3211 428 3278 dominica
442 3212 572 3278 favente
587 3212 756 3276 clementia
769 3212 946 3298 Turingiae
965 3210 1151 3298 lantgravii,
1172 3212 1375 3278 marchiones
1386 3211 1567 3279 Misnenses

140 3313 340 3395 comitesque
353 3310 516 3378 Saxoniae
536 3310 693 3398 policroni,
715 3333 775 3398 pro
794 3311 882 3376 felici
903 3313 1100 3378 incremento
1122 3313 1342 3377 universitatis
1364 3311 1463 3377 studii
1478 3313 1567 3400 Lyp-

139 3413 280 3494 oaensis,
301 3409 492 3498 privilegiis,
511 3412 638 3476 statutis
659 3420 692 3476 et
712 3411 832 3497 gratim
854 3410 940 3475 sedis
962 3411 1159 3498 apostolicae
1179 3411 1377 3500 privilegiati
1397 3422 1430 3476 et
1450 3411 1564 3478 confir-
1577 3421 1614 3476 tt

138 3513 231 3594 mati,
256 3511 341 3575 sicut
359 3511 393 3574 in
412 3507 514 3574 literis
536 3507 724 3596 apostolicis
746 3509 884 3597 desuper
904 3509 989 3576 datis
1012 3519 1046 3574 et
1062 3513 1224 3576 muccosis
1235 3510 1362 3599 plenius
1375 3511 1565 3594 continetur,

140 3609 348 3698 praehabitis
364 3631 462 3696 super
475 3608 537 3674 hoc
552 3619 679 3675 matura
690 3609 928 3676 deliberacione
943 3618 975 3675 et
989 3609 1122 3676 consilio
1137 3611 1373 3698 episcoporum,
1388 3609 1566 3694 doctorum,

141 3712 374 3797 magistrorum
397 3721 429 3775 et
450 3709 683 3798 praelatorum,
714 3709 888 3776 accedente
913 3707 1139 3776 nichilominus
1161 3733 1321 3776 consensu
1347 3720 1379 3776 et
1400 3709 1566 3776 voluntate

142 3807 384 3876 honorabilium
405 3811 650 3896 magistrorum,
675 3811 708 3874 in
729 3809 898 3896 praedicta
918 3819 1031 3874 nostra
1051 3811 1262 3876 universitate
1281 3833 1428 3898 pronunc
1449 3813 1565 3876 consti-

138 3917 286 3975 tutorum
308 3919 341 3973 et
362 3907 567 3994 degencinm,
588 3908 752 3991 volumus,
781 3912 949 3974 statuimus
970 3917 1002 3974 et
1024 3908 1225 3996 ordinamus,
1248 3910 1335 3998 quod
1356 3921 1511 3998 perpetue
1531 3914 1608 3978 in20

144 4010 219 4094 ipsa
246 4008 459 4073 universitate
486 4009 550 4072 sint
576 4016 713 4094 quatuor
747 4010 915 4091 naciones,
949 4007 1101 4074 videlicet
1129 4009 1357 4094 Misnensium,
1389 4011 1566 4096 Saxonum,

142 4107 347 4173 Bavarornm
369 4115 401 4173 et
421 4105 627 4174 Polonorum.

629 4291 676 4338 DE
696 4291 868 4340 eamearn
891 4292 1082 4341 remonuit.

231 4407 313 4474 Item
337 4405 558 4472 ordinavimus
587 4415 619 4472 et
639 4405 842 4490 ordinamus,
868 4407 955 4493 quod
983 4407 1171 4495 praedictae
1192 4415 1330 4493 quatuor
1357 4407 1510 4474 naciones
1531 4411 1566 4475 in

146 4507 290 4574 consiliis
310 4507 531 4572 universitatis
552 4514 584 4572 et
605 4505 808 4572 examinibus
836 4506 998 4573 facultatis
1026 4509 1148 4573 arcium
1176 4507 1211 4570 in
1232 4506 1454 4574 emolumentis
1482 4519 1605 4576 cete-25

146 4609 256 4695 risque
278 4605 555 4695 dispositionibus,
576 4607 613 4671 in
635 4603 723 4672 diota
742 4607 953 4674 universitate
972 4605 1131 4673 habendis
1153 4605 1364 4692 etfaoiendis,
1385 4630 1445 4696 per
1457 4611 1565 4675 omnia

149 4709 211 4772 sint
232 4707 395 4794 aequales.

214 4945 226 4996 1
248 4941 308 4996 Dar
325 4939 452 5012 Original
475 4940 513 4994 ist
529 4937 606 4994 nicht
622 4935 758 5007 erhalten,
783 4937 902 4995 scudem
926 4957 980 4994 nur
1003 4941 1064 4996 eine
1085 4937 1279 5012 gleichzeitige
1294 4937 1441 4995 Abschrift
1464 4939 1492 4993 in
1516 4939 1565 4995 der

150 5021 278 5080 Matrikel
294 5023 339 5082 A'.
370 5024 435 5096 Vgl
454 5021 592 5080 Urkundl
608 5021 723 5087 Quellen
741 5021 769 5077 S.
787 5028 836 5080 556
854 5042 880 5080 n.
900 5030 949 5082 540
965 5023 1004 5097 fg.
1040 5025 1094 5080 Die
1113 5019 1339 5082 Ueberschriiten
1360 5023 1409 5078 der
1424 5021 1564 5080 duzelnen

149 5106 345 5180 Paragrapben
362 5107 463 5163 rdbren
480 5105 552 5162 wohl
565 5123 619 5162 von
630 5107 693 5164 dem
709 5106 766 5178 her,
782 5107 833 5164 der
842 5109 891 5164 das
900 5110 1058 5166 Document
1073 5109 1101 5164 in
1113 5109 1159 5164 die
1168 5106 1298 5164 Matrikel
1315 5107 1434 5178 cinti-ug,
1450 5106 1565 5164 schuer-

150 5189 203 5247 lich
218 5193 336 5250 eunden
353 5192 394 5250 rie
412 5193 450 5247 im
468 5190 601 5264 Original.

1359 5285 1374 5347 1
1384 5282 1397 5313 t
