3762 6074
312 438 374 508 468
820 431 870 490 Dia
887 431 1106 501 philosophiasha
1119 433 1247 488 securus

353 659 399 720 12.
423 670 592 731 ausurus
614 668 787 718 ramosus
806 670 886 730 curs
907 671 944 718 m
963 670 1042 718 rsrs
1062 666 1314 716 uuwnnsrrars
1336 665 1428 714 sura
1452 663 1704 714 raosrocronmr

730 767 1022 818 ssoomnanarus
1044 765 1153 816 suana
1175 765 1325 813 nassau.

402 885 518 951 Nullus
539 884 636 949 debet
657 882 786 948 admitti
808 884 851 949 ad
873 907 1010 950 examen
1032 905 1093 969 pro
1115 879 1222 968 gradu
1240 821 1497 964 baccalariatus:
1518 879 1575 968 qui
1597 879 1687 966 prins
1706 881 1737 942 in

318 986 384 1053 alia
405 985 617 1052 universitate
638 1005 703 1048 non
724 985 823 1066 stetit,
844 985 908 1050 nisi
930 983 1079 1050 adminus
1108 983 1142 1046 in
1166 982 1231 1045 ista
1257 981 1470 1045 universitate
1498 979 1625 1044 steterit
1646 980 1735 1065 qnasi

275 1097 291 1152 5
318 1085 361 1152 ad
383 1085 518 1150 alterum
542 1082 712 1148 dimidium
734 1106 871 1168 annum3
906 1093 939 1150 et
965 1083 1027 1149 hoo
1043 1071 1167 1169 ‘quasi'
1197 1103 1261 1146 uon
1291 1079 1442 1146 diminuit
1471 1077 1546 1166 plus
1566 1101 1665 1167 quam
1685 1101 1740 1142 sex

317 1186 525 1272 septimanas.

321 1355 366 1418 13.
395 1365 561 1428 ausurus
583 1364 757 1413 rauroars
781 1347 988 1413 ssrmnnus
1011 1361 1167 1411 crunnus
1188 1363 1384 1410 coversans
1405 1363 1497 1410 snrs
1520 1363 1743 1412 ascoman-

627 1463 700 1511 rmr
721 1463 758 1510 m
779 1462 857 1511 rsrr
878 1461 1131 1513 umvnssmsra
1153 1460 1262 1508 arrae
1284 1461 1433 1509 ussum.

404 1578 539 1662 Nullus,
568 1583 703 1644 veniens
727 1577 768 1644 de
788 1578 854 1643 alia
875 1579 1087 1644 universitate
1108 1575 1151 1640 ad
1173 1585 1333 1657 nosuam,
1376 1578 1562 1662 promoveri
1586 1575 1685 1642 debet
1705 1577 1745 1642 ad

281 1691 313 1746 10
322 1679 461 1768 gradum
488 1677 743 1759 baccalariatus,
773 1680 838 1742 nisi
866 1680 958 1765 prius
985 1677 1110 1742 steterit
1138 1677 1172 1740 in
1201 1677 1265 1740 ista
1294 1676 1507 1739 universitate
1528 1699 1589 1764 per
1609 1676 1745 1741 medium

321 1801 451 1861 annum,
472 1786 505 1843 et
525 1775 698 1843 dummodo
720 1777 916 1844 sufficientes
936 1776 1185 1842 informaciones
1204 1775 1318 1840 fecerit
1336 1772 1378 1838 de
1399 1773 1566 1840 auditione
1591 1775 1746 1842 librorum

321 1900 382 1965 pro
405 1876 513 1964 gradu
533 1878 568 1942 in
591 1875 656 1942 alia
677 1877 899 1942 universitate.

378 2053 425 2109 14.
446 2060 614 2120 Quauruu
636 2059 809 2108 TEMPORIS
830 2058 1066 2108 siccamus
1086 2057 1258 2106 curamus
1278 2057 1542 2107 uuwunsfflrls
1562 2059 1598 2108 m
1619 2059 1699 2109 Issa

650 2159 759 2207 STARE
781 2159 920 2207 DEBEA'I'
940 2158 1031 2206 ANTE
1056 2157 1147 2206 SUUM
1169 2157 1415 2206 mutaremus.

283 2285 314 2340 15
406 2273 522 2340 Nullus
545 2273 765 2356 baccalarius,
794 2275 927 2338 veniens
947 2273 989 2338 de
1011 2271 1077 2338 alia
1104 2272 1333 2355 universitate,
1373 2275 1560 2358 promoveri
1592 2273 1690 2340 debet
1710 2275 1750 2340 ad

323 2372 462 2460 gradum
483 2375 663 2459 magisterii
684 2375 718 2438 in
740 2372 875 2456 artibus,
897 2375 961 2438 nisi
981 2373 1072 2460 prius
1094 2373 1219 2436 steterit
1239 2373 1272 2436 in
1284 2373 1348 2436 ista
1366 2373 1577 2438 universitate
1598 2374 1744 2438 adminus

325 2495 384 2560 per
411 2472 581 2537 dimidium
612 2493 747 2548 annum,
790 2480 822 2536 et
859 2471 1032 2537 dummodo
1060 2471 1257 2536 sufficientes
1285 2472 1538 2537 informaciones
1567 2473 1684 2538 feeerit
1711 2473 1749 2538 de

328 2571 492 2637 auditione
512 2571 669 2636 librorum
691 2593 753 2658 pro
774 2572 963 2656 magisterio
983 2573 1017 2636 in
1038 2569 1164 2636 artibus
1185 2572 1220 2634 in
1241 2569 1306 2635 alia
1329 2571 1553 2636 universitate.

343 2742 389 2802 15.
413 2733 474 2822 [Bl.
496 2733 563 2824 21²]
585 2753 633 2801 nn
655 2753 951 2802 saseonsmnmus
972 2751 1298 2818 raonovsnnoauu,
1322 2755 1394 2802 ran
1413 2755 1737 2806 maurasrmoamr

283 2845 318 2900 20
787 2854 883 2914 Quin
905 2838 1293 2902 aaucsuaununoauu.¹

410 2967 524 3034 Nullus
547 2967 738 3034 admittatur
759 2968 803 3034 ad
824 2977 1023 3056 temptamen
1044 2991 1105 3055 pro
1135 2967 1244 3053 gradu
1263 2970 1445 3054 magisterii
1472 2972 1507 3034 in
1528 2971 1667 3058 artibus,
1694 2975 1753 3038 nisi

326 3066 370 3132 ad
391 3069 498 3134 minus
520 3079 634 3154 quater
656 3067 700 3131 ad
720 3077 831 3155 partes
852 3067 1051 3154 principales
1079 3077 1111 3132 et
1136 3067 1187 3132 bis
1216 3065 1258 3132 ad
1285 3079 1397 3154 partes
1423 3071 1529 3134 minus
1558 3073 1752 3160 principales

327 3165 491 3233 ordinarie
513 3177 545 3232 et
565 3166 700 3234 totidem
722 3166 984 3233 extraordinarie
1005 3167 1181 3253 magistris,
1213 3189 1233 3230 a
1259 3167 1375 3254 quibus
1404 3167 1478 3233 talis
1500 3173 1674 3256 responsio
1694 3171 1753 3238 sibi

327 3269 495 3353 assignata
516 3267 629 3349 tuerit,
655 3266 874 3354 responderit,
903 3269 949 3331 ita
970 3266 1058 3351 quod
1079 3288 1100 3331 a
1120 3267 1283 3353 principio
1306 3290 1408 3355 usque
1428 3267 1472 3332 ad
1493 3267 1590 3334 finem
1614 3271 1754 3358 disputa·

285 3369 430 3434 2tei0nis
458 3365 578 3432 ibidem
607 3368 839 3454 permanserit,
867 3366 936 3430 sinc
965 3388 1064 3430 causa
1090 3365 1283 3430 racionabili
1309 3389 1375 3432 uon
1400 3367 1594 3432 recedendo.
1636 3369 1753 3436 Bacca·

328 3465 495 3534 lariandns
523 3489 602 3531 vero
634 3465 684 3531 bis
712 3466 879 3551 magistris
909 3478 941 3531 et
970 3469 1094 3531 tociens
1122 3463 1318 3530 bacealariis
1346 3465 1389 3530 ad
1417 3475 1529 3552 partes
1559 3469 1754 3558 principales

329 3565 446 3632 debeat
468 3564 687 3652 respondisse,
715 3565 758 3630 ad
787 3575 897 3652 partos
924 3575 1033 3629 autem
1055 3565 1161 3628 minus
1183 3563 1380 3650 principales
1403 3575 1517 3652 quater
1538 3569 1707 3654 magistris
1728 3581 1755 3634 et

330 3673 445 3753 quater
466 3664 661 3730 baooalariis
682 3663 821 3730 tenetur
834 3673 867 3728 et
892 3663 989 3729 debet
1014 3661 1238 3750 respondisse3
1267 3663 1349 3728 alias
1376 3664 1419 3730 ad
1446 3687 1584 3731 examen
1609 3691 1676 3735 non
1704 3669 1754 3734 ad·

331 3766 485 3828 mittatur.
527 3763 572 3828 Et
598 3762 702 3829 idem²
728 3762 963 3848 respondentes
989 3772 1142 3828 maneant
1164 3783 1184 3826 a
1205 3763 1365 3850 principio
1386 3786 1489 3851 usque
1511 3765 1554 3830 ad
1576 3767 1675 3832 finem
1696 3768 1754 3833 dis·

289 3863 527 3950 30putaei0nis,
558 3863 628 3926 sine
649 3883 749 3926 causa
776 3862 970 3926 racionabili
990 3884 1054 3927 non
1077 3861 1266 3926 recedendo.
1308 3861 1372 3942 Qui
1400 3865 1428 3928 si
1457 3863 1609 3930 absentes
1630 3867 1755 3948 fircrint,

334 3960 508 4026 dummodo
541 3962 589 4026 eis
617 3963 765 4047 arguitur
793 3959 846 4025 vel
878 3971 1102 4048 argumentum
1135 3963 1338 4049 proponitur,
1371 3965 1541 4049 responsio
1570 3965 1662 4051 talis,
1693 3969 1755 4032 sive

334 4059 527 4148 principalis
550 4061 619 4126 sive
639 4061 746 4126 minus
766 4059 957 4147 principalis
978 4061 1084 4144 fiuent,
1106 4083 1171 4127 non
1191 4060 1309 4127 debeat
1329 4065 1521 4150 computari.

393 4249 431 4310 16
464 4261 676 4309 oenomao
698 4261 993 4328 masuramosuu,
1015 4263 1051 4309 nv
1073 4262 1198 4322 cursus
1219 4263 1496 4312 assemanum
1519 4265 1707 4317 rmmurun

938 4359 1155 4409 comissas.

291 4488 326 4544 ³5
420 4473 534 4540 Nullus
557 4473 600 4539 ad
630 4498 768 4542 examen
795 4498 855 4563 pro
881 4474 989 4562 gradu
1008 4475 1247 4542 baccalariatus
1268 4479 1302 4542 in
1326 4477 1451 4542 artibus
1473 4479 1674 4566 admittatur,
1700 4484 1757 4546 nisi

335 4578 369 4642 in
396 4575 599 4640 consciencia
626 4597 685 4639 sua
712 4574 815 4657 dicat,
846 4575 931 4660 quod
960 4577 994 4640 in
1022 4575 1157 4660 triginta
1187 4575 1463 4663 disputacionibus
1494 4579 1670 4646 ordinariis
1696 4592 1756 4646 tam

336 4677 569 4762 magistrorum
600 4695 696 4760 quam
727 4673 987 4740 baccalariorum
1014 4696 1171 4761 praesens
1202 4675 1314 4760 luerit,
1345 4687 1412 4742 tam
1442 4677 1498 4744 diu
1530 4678 1635 4746 donee
1664 4681 1757 4746 admi·

423 4947 433 4996 1
453 4941 508 4996 Am
526 4939 637 4996 Raude:
659 4939 782 5008 Ιιραιιιν
796 4945 899 4992 sermm
916 4955 1005 4994 awos
1025 4939 1223 4998 wdinoeiom'a

421 5022 584 5096 Malanga
601 5041 658 5079 war
674 5025 752 5094 adan
769 5019 956 5092 gesehrieben,
976 5040 1032 5078 was
1050 5024 1079 5078 in
1100 5025 1171 5079 idem
1189 5026 1333 5098 corrigiert
1353 5026 1397 5081 ist
1425 5027 1509 5084 Auch
1524 5035 1619 5102 opiter
1637 5034 1704 5106 (ng
1720 5035 1759 5090 dia

338 5109 469 5166 Statuten
487 5127 542 5165 von
562 5114 636 5177 lott'l,
653 5115 668 5174 ξ
687 5107 731 5177 14)
750 5105 786 5160 ist
803 5107 874 5162 idern
891 5105 1078 5178 geschrieben.
1114 5109 1201 5166 Sollte
1217 5128 1246 5166 es
1263 5111 1363 5166 ididan
1380 5111 1510 5170 heissen?
