3758 6072
526 450 614 502 Vicrte
631 451 901 512 Statutcnredtctiou‚
920 463 974 502 von
994 447 1167 503 ttae-1522.
1495 455 1556 522 445

243 674 271 735 6.
293 685 353 746 QUI
372 683 513 732 DEBEN'l'
534 683 617 732 ESSE
638 685 839 734 plumemus
860 683 1165 733 EMOLINENTORUM
1184 685 1399 736 recautum
1419 687 1456 735 IN

416 782 746 833 DISPENSATIONIBUS
768 785 814 832 ΕΤ
836 783 924 832 nnus
945 782 1281 834 convocarlontnna

223 899 369 981 Placuit,
396 898 483 986 quod
504 898 638 986 quilibet
660 900 905 986 magistrorum,
926 897 1038 963 volens
1059 897 1202 985 gaudere
1224 901 1437 967 emolimentis
1457 903 1557 969 facul-

137 1001 217 1064 tatis
239 1001 274 1064 in
297 996 591 1084 dispensationibus
614 1008 646 1063 et
664 998 737 1064 aliis
759 997 923 1062 facultatis
952 999 1236 1065 convocationibus
1258 1023 1298 1065 ac
1318 1000 1439 1066 babere
1458 1002 1557 1069 facul-

50 1092 54 1103 ’
137 1109 239 1164 tatem
262 1095 475 1186 promovendi
495 1097 639 1185 aliquos,
660 1096 758 1164 debet
785 1119 856 1162 esse
883 1105 1089 1184 acturegens,
1118 1100 1196 1187 quia
1219 1122 1285 1166 non
1311 1098 1466 1168 laborans
1493 1124 1557 1168 non
1582 1115 1599 1170 ⁵

141 1197 241 1264 debet
261 1194 468 1282 manducare,
488 1194 727 1262 valitudinariis
749 1204 782 1262 et
801 1197 938 1262 infirmis
959 1195 1130 1264 dumtaxat
1150 1197 1299 1286 demptis.

158 1403 186 1463 7.
215 1413 374 1463 Ducarius
398 1413 562 1463 TEMPORE
584 1413 868 1480 DISPENSATIONIS
894 1415 1091 1476 REQUIRERE
1112 1415 1230 1462 DEBE'I'
1251 1415 1366 1464 OMNES
1387 1416 1539 1467 CONVEN·

278 1512 390 1562 TORES
415 1513 525 1562 SUPER
543 1513 634 1579 loru,
655 1513 701 1561 AN
723 1513 777 1562 sm
799 1513 973 1562 BURSALES
994 1514 1063 1562 PRO
1084 1513 1178 1564 NUNC
1198 1512 1427 1564 PRONOVENDI

415 1611 589 1662 rncnnmr
610 1612 783 1662 rtemann
804 1615 850 1661 ΕΤ
872 1613 1065 1662 SOLVERINT
1088 1613 1280 1664 SOLVENDA.

222 1729 377 1794 Decanus
392 1736 538 1816 tempore
556 1728 806 1816 dispensationis
828 1728 1121 1814 promovendorum
1142 1727 1239 1794 debet
1258 1731 1424 1817 requirere
1445 1753 1555 1798 omnes
1567 1742 1600 1798 to

139 1837 363 1911 conventores,
384 1830 418 1893 in
439 1837 472 1893 et
493 1837 588 1893 extra
609 1826 779 1894 consilium
799 1826 963 1893 facultatis
994 1831 1184 1912 existentes,
1206 1840 1242 1894 nt
1261 1829 1371 1895 dicant
1393 1828 1452 1894 sub
1473 1828 1560 1895 bona

139 1927 205 1995 fide
227 1935 260 1993 et
281 1931 347 1992 suis
369 1928 594 2010 consciencie,
616 1949 659 1992 an
678 1949 788 1993 omnes
809 1927 850 1992 de
877 1950 936 1993 sua
956 1926 1056 1993 bursa
1077 1929 1144 1993 iam
1164 1929 1391 2016 promovendi,
1414 1927 1557 2016 disputa·

142 2026 292 2094 cionibus
329 2028 479 2092 serotinis
516 2025 687 2113 diligenter
720 2027 924 2092 interfuerint
956 2026 1172 2114 disputando,
1208 2029 1394 2116 arguendo,
1427 2051 1559 2116 respon·

143 2125 281 2210 dendo,¹
303 2121 365 2214 [8⁸]
389 2135 421 2190 et
441 2125 634 2192 latinitatem
656 2125 784 2213 aliaque
804 2129 876 2191 iura
894 2125 1040 2192 bursalia
1060 2130 1238 2212 tenuerint3
1264 2131 1341 2194 item
1362 2139 1483 2214 puncta
1505 2153 1562 2196 sen

145 2247 290 2314 poenas,
311 2247 391 2311 quas
413 2222 623 2291 incurrebant
643 2236 777 2314 propter
806 2247 917 2292 eorum
946 2225 1164 2312 negligencias
1175 2276 1185 2310 ,
1206 2227 1369 2294 solverint.
1412 2229 1457 2294 Et
1482 2239 1601 2296 tunctt

143 2323 321 2390 secundnm
357 2335 552 2390 statutorum
584 2323 834 2412 disposicionem
862 2326 1087 2390 execucionem
1114 2327 1148 2389 in
1176 2325 1227 2392 his
1255 2328 1444 2414 praemissis
1476 2328 1562 2395 idem

143 2423 288 2490 decanus
308 2424 416 2490 facere
431 2434 579 2490 teneatur
600 2423 660 2490 sub
681 2447 739 2490 suo
760 2427 950 2507 iuramento,
970 2423 1055 2512 quod
1076 2427 1238 2512 praestitit
1257 2424 1412 2495 facultati
1453 2427 1562 2495 Debet

145 2526 250 2590 eciam
271 2522 511 2610 promovendus
533 2535 678 2611 tempore
702 2524 954 2611 dispensationis
978 2547 1075 2612 super
1102 2525 1153 2590 his
1179 2523 1334 2590 exhibere
1364 2524 1488 2593 decano
1513 2549 1562 2594 re·

149 2624 366 2710 cognitionem
388 2625 439 2690 sui
461 2625 665 2690 conventoris
685 2624 777 2689 iuxta
800 2633 953 2690 statutum
975 2624 1116 2714 desuper
1136 2624 1286 2692 editum.²

589 2856 645 2922 VI.
672 2873 919 2926 osrrrnuvu
940 2873 1116 2925 suxruu.
1572 2871 1607 2929 20

141 3005 200 3072 De
226 3006 303 3090 bis,
330 3027 430 3092 quae
457 3015 706 3072 concernunt
732 3009 914 3072 examina
939 3009 1298 3095 promovendorum
1325 3013 1364 3076 in
1393 3012 1565 3098 artibus,

560 3121 749 3188 decanum
778 3132 817 3188 et
841 3124 1146 3191 examinatores.

321 3295 347 3355 1.
374 3305 516 3368 crunno
535 3306 677 3354 nnnaur
699 3304 865 3355 mennam
886 3306 1041 3355 nnuma
1062 3307 1384 3360 raouovarnonuu

226 3437 266 3504 In
287 3436 403 3524 hyeme
423 3437 503 3503 fiant
523 3434 588 3502 duo
609 3439 775 3521 examina,
797 3459 895 3502 unum
921 3438 1217 3524 magistrandorum
1242 3450 1388 3528 tempore
1415 3452 1565 3507 consueto

146 3539 235 3604 circa
266 3536 383 3602 festum
413 3538 620 3602 innocentum
648 3543 691 3615 (d.
723 3543 772 3606 28.
800 3541 995 3620 December),
1032 3537 1209 3603 secundum
1240 3539 1606 3606 baccalariandorumtt

148 3638 237 3702 circa
267 3635 462 3702 dominicam
482 3635 661 3703 Invoeavit
710 3636 748 3701 In
771 3645 893 3702 aestate
916 3636 1063 3702 similiter
1083 3637 1147 3703 duo
1169 3640 1321 3704 examina
1343 3639 1565 3706 baecalarian·

145 3736 261 3802 dorum
293 3734 392 3820 fiant,
424 3742 567 3822 primum
599 3735 784 3802 immediate
815 3746 891 3822 post
918 3737 1038 3802 festum
1066 3737 1291 3824 Pentecostes,
1322 3739 1460 3806 alterum
1491 3748 1565 3828 post

144 3836 263 3902 festum
285 3834 498 3900 exaltacionis
531 3839 636 3902 crucis
667 3843 711 3916 (d.
733 3841 781 3902 14.
802 3835 1004 3926 September),
1032 3839 1096 3902 nisi
1123 3837 1289 3904 obstarent
1315 3851 1405 3906 certa
1430 3839 1565 3927 impedi·

144 3945 257 4000 menta
275 3934 499 4001 racionabilia.

142 4141 171 4203 2.
201 4151 264 4202 unt
283 4152 425 4200 DEBENT
446 4153 539 4201 amru
560 4151 715 4202 amma
736 4153 782 4200 ΕΤ
805 4151 1006 4201 emmas
1028 4151 1315 4203 convoctcmrtns
1342 4155 1387 4204 tc
1415 4145 1611 4205 rasnnmlb

663 4253 812 4303 eunucu
830 4251 1056 4302 racunrtrls.

230 4367 395 4434 Examina
429 4369 719 4454 promovendorum
751 4371 785 4434 in
816 4367 941 4434 artibus
970 4367 1090 4434 debent
1117 4367 1189 4433 fieri
1217 4369 1251 4432 in
1285 4368 1422 4456 collegio
1452 4371 1567 4436 maiori

143 4469 180 4532 in
202 4466 300 4533 stuba
320 4465 503 4549 facultatis,
523 4477 556 4532 et
582 4491 643 4556 pro
670 4472 733 4536 isto
763 4467 932 4555 collegium
964 4468 1070 4533 maius
1102 4466 1143 4532 de
1173 4467 1317 4556 quolibet
1349 4469 1568 4557 promovendo

144 4569 180 4632 in
202 4565 329 4632 artibus
348 4564 483 4631 ba'bebit
503 4565 584 4632 duos
601 4591 739 4655 grossos
760 4590 878 4650 novos,
900 4575 932 4632 et
957 4569 1039 4632 istos
1067 4565 1209 4633 decanus
1235 4577 1381 4657 tempore
1409 4569 1568 4632 examinis

144 4665 279 4751 colliget
310 4687 331 4730 a
361 4666 593 4751 promovendis
621 4679 653 4732 et
681 4669 869 4755 praeposito
904 4663 1033 4752 collegii
1064 4667 1197 4732 maioris
1231 4669 1442 4735 effectualiter
1475 4673 1610 4753 prae-35

147 4763 299 4832 sentabit
357 4763 396 4830 In
429 4763 542 4831 eodem
573 4768 677 4833 eciam
714 4767 849 4854 collegio
883 4767 1000 4832 maiori
1031 4763 1090 4828 fiat
1118 4765 1294 4852 prandium
1324 4765 1509 4833 Aristotelis
1539 4775 1571 4830 et

233 5037 245 5089 1
267 5033 322 5088 Am
341 5031 453 5088 Raude:
472 5033 542 5087 Vide
560 5035 624 5087 1520
640 5033 689 5086 aab
706 5033 807 5089 Koaits
823 5035 911 5089 altero
927 5033 1096 5104 mapsam

232 5123 248 5174 2
265 5117 320 5173 Am
337 5117 450 5174 Raude:
470 5118 539 5174 Vide
555 5118 638 5188 iasra
646 5117 707 5188 sol.
727 5122 758 5174 te
774 5120 805 5172 ia
813 5119 881 5188 fiac.
