3758 6072
535 445 667 497 lintwirfe
684 459 732 496 sus
747 445 799 496 den
816 443 917 498 Iubren
938 443 1111 498 tate-1446.
1501 450 1561 513 375

139 635 248 708 natur,
261 625 340 692 dum
350 625 487 693 facultas
499 627 632 710 arcium,
648 649 730 716 quae
740 626 877 694 alianum
887 627 1133 696 fundamentum
1143 628 1213 694 fore
1226 627 1414 710 dinoscitur,
1425 628 1579 694 reforma-

142 727 242 790 tionis
265 725 396 793 debitae
425 725 645 792 moderamine
681 727 778 792 fuerit
814 727 980 814 regulata:
1021 729 1096 794 hinc
1125 738 1188 812 est,
1221 728 1308 816 quod
1337 727 1379 792 ad
1406 728 1581 794 instantem

139 824 404 893 sollicitationem
441 826 650 892 illustrissimi
678 827 856 915 principis,
888 827 1007 894 domini
1041 828 1224 912 Frederiei,
1262 828 1315 892 dei
1349 829 1461 913 gracia
1490 827 1580 894 ducis

140 923 310 991 Senoniae
333 939 402 1011 ete,
424 949 568 992 necnon
593 925 762 992 reverendi
784 928 817 992 in
838 927 968 994 Christo
989 928 1092 1015 patris
1114 937 1146 994 et
1166 927 1298 1010 domini,
1321 927 1443 992 domini
1464 927 1579 993 Iohan-

138 1025 209 1108 nis,
242 1025 355 1092 eadem
377 1027 490 1112 gracia
512 1027 657 1115 episcopi
677 1025 978 1114 Merzeburgensis,
1007 1027 1193 1094 cancellarii
1215 1029 1302 1094 unici
1325 1027 1429 1092 almae
1450 1028 1578 1092 univer·
1605 1039 1621 1094 5

138 1125 249 1190 sitatis
281 1135 428 1207 nostrae,
461 1148 545 1190 anno
578 1125 698 1190 domini
736 1125 991 1209 M⁰cccc⁰xle⁰,
1024 1127 1077 1192 die
1110 1139 1204 1193 sexta
1236 1129 1356 1193 mensis
1377 1126 1519 1214 Aprilis,
1546 1129 1581 1192 in

139 1222 241 1310 plena
252 1225 505 1312 congregatione
516 1227 745 1310 magistrorum
764 1225 805 1291 de
823 1225 956 1292 consilio
980 1226 1088 1292 dictae
1111 1226 1273 1294 facultatis
1296 1227 1430 1310 areium,
1453 1226 1578 1293 adhoc

139 1321 340 1410 specialiter,
364 1333 460 1411 prout
481 1325 580 1390 moris
603 1334 660 1406 est,
685 1335 886 1408 vocatorum,
908 1348 968 1412 pro
991 1325 1075 1391 bono
1098 1325 1262 1392 facultatis
1289 1325 1433 1392 eiusdem
1457 1336 1579 1392 statuta

137 1423 353 1511 infrascripta
376 1433 449 1488 sunt
470 1423 630 1489 conclusa.

449 1595 473 1654 1.
495 1607 542 1654 na
562 1605 760 1656 nuncrronu
781 1608 910 1657 uncam
934 1609 980 1656 nr
1000 1609 1204 1658 manumisso
1224 1609 1312 1658 arus.
1590 1603 1620 1657 10

223 1722 348 1789 Verum
394 1746 466 1789 cum
503 1722 546 1787 ad
578 1721 821 1788 fundamentum
854 1724 1024 1790 cuiuslibet
1058 1726 1166 1812 operis
1199 1748 1263 1790 nou
1295 1722 1502 1790 mediocriter
1537 1726 1579 1790 sit

138 1821 381 1890 attendendum
413 1829 504 1900 (nam
536 1821 593 1886 ubi
620 1821 866 1888 fundamentum
896 1824 1032 1890 solidum
1064 1847 1130 1889 non
1163 1833 1227 1907 est,
1261 1833 1364 1890 totum
1395 1821 1578 1888 aedificium

137 1923 384 2011 superpositum
413 1923 542 1988 ruinam
563 1922 738 2004 minatur),
767 1933 799 1988 et
828 1923 905 2008 quia
934 1923 1072 1990 facultas
1100 1925 1225 1990 areium
1252 1921 1435 1990 liberalium
1462 1922 1577 1988 funda·

136 2033 285 2088 mentum
307 2022 434 2104 existit,
465 2020 581 2109 quibus
602 2019 699 2086 bases
722 2032 754 2087 et
776 2019 965 2109 columpnae
987 2023 1126 2088 aliarum
1148 2025 1345 2088 innituntur:
1370 2022 1445 2088 ideo
1473 2024 1576 2088 eciam

138 2123 179 2188 de
202 2144 245 2188 ea
273 2122 403 2186 caucius
432 2131 481 2188 est
502 2119 747 2208 providendum.
788 2119 900 2186 Placet
918 2123 1018 2208 igitur
1040 2124 1162 2210 primo,
1192 2122 1278 2208 quod
1307 2121 1449 2188 decanus
1475 2122 1574 2188 facul·
1587 2132 1618 2188 15

136 2223 214 2288 tatis
239 2221 381 2304 areium,
408 2222 435 2286 si
458 2243 500 2285 ex
519 2231 631 2286 mutua
652 2230 684 2284 et
701 2222 864 2286 communi
886 2221 1056 2288 collatione
1077 2223 1324 2308 magistrorum,
1351 2222 1485 2287 adeius
1513 2221 1575 2286 ele-

137 2323 281 2386 ctionem
302 2329 590 2406 eongregatorum,
611 2319 814 2386 concorditer
837 2318 913 2407 eligi
933 2345 998 2388 non
1013 2323 1147 2410 poterit,
1167 2333 1286 2386 extunc
1305 2345 1365 2408 per
1387 2322 1577 2386 scrutinium

137 2443 259 2486 vocum
288 2417 462 2485 eorundem
489 2418 601 2484 electio
631 2417 828 2502 celebretur3
852 2432 883 2485 et
910 2423 944 2485 in
965 2444 1059 2509 quem
1089 2422 1192 2485 maior
1216 2431 1248 2486 et
1269 2422 1379 2486 sanior
1400 2443 1479 2507 pars
1501 2443 1576 2485 eon·

138 2519 338 2602 cordaverit,
360 2517 413 2584 ille
431 2540 491 2604 pro
514 2517 637 2584 decano
659 2519 723 2583 ista
744 2521 816 2582 viee
837 2517 1004 2584 habeatur.
1047 2519 1105 2585 Sin
1134 2529 1243 2585 autem
1262 2521 1297 2584 in
1320 2519 1476 2585 scrutinio
1499 2529 1577 2585 vota

138 2621 237 2707 paria
258 2617 388 2702 fuerint,
413 2617 455 2682 ad
474 2619 742 2705 compromissum
762 2616 966 2706 procedatur.
1585 2628 1619 2684 20

224 2750 326 2831 Item,
351 2759 524 2838 postquam
546 2760 673 2838 tempus
696 2773 788 2816 suum
808 2752 1010 2838 expiraverit
1030 2761 1062 2816 et
1080 2753 1209 2818 frunetus
1230 2753 1273 2816 sit
1290 2751 1396 2817 officio
1411 2773 1479 2835 suo,
1500 2760 1578 2816 tune

139 2873 199 2938 per
215 2848 358 2936 amplius
377 2849 419 2915 ad
441 2849 576 2915 eundem
599 2850 827 2916 assumendum
846 2851 931 2916 infra
942 2852 1126 2936 quindecim
1147 2875 1248 2918 annos
1264 2850 1414 2938 posthoc
1428 2853 1578 2916 continue

138 2950 314 3038 proximos
325 2951 453 3014 omnino
465 2947 561 3014 debet
570 2971 640 3014 esse
662 2947 823 3030 exclusus,
846 2950 923 3015 dum
944 2961 1052 3014 tamen
1072 2953 1159 3016 infra
1173 2950 1254 3015 illud
1268 2961 1395 3036 tempus
1411 2949 1577 3015 decadem

138 3051 277 3115 natione
301 3047 384 3114 alius
405 3049 561 3133 magister
584 3047 680 3114 abilis
701 3061 733 3114 et
753 3049 900 3136 ydoneus
920 3052 1040 3136 poterit
1063 3051 1210 3136 reperiri.

224 3181 318 3264 Item,
341 3179 428 3268 quod
439 3179 581 3245 decanus
596 3183 667 3268 ipse
690 3181 730 3246 de
744 3190 852 3246 oetero
874 3203 955 3268 pure
976 3191 1008 3246 et
1030 3179 1229 3267 simpliciter,
1251 3202 1315 3245 non
1334 3181 1369 3244 vi
1389 3188 1446 3244 aut
1467 3189 1617 3266 prece,25

138 3280 363 3368 promissione
384 3289 442 3345 aut
462 3282 584 3366 precio,
605 3303 708 3367 neque
731 3280 794 3346 alio
812 3281 955 3368 impulsu
971 3289 1003 3346 et
1019 3278 1285 3346 subordinatione
1298 3279 1445 3366 eligatur.
1480 3277 1577 3358 Quod

137 3381 212 3468 ipse
241 3381 276 3444 in
306 3401 366 3444 sua
391 3381 611 3468 assumptione
641 3381 724 3444 inter
762 3379 826 3446 alia
861 3381 911 3446 sui
945 3379 1115 3444 iuramenti
1149 3377 1308 3464 eapittula
1337 3379 1440 3442 eciam
1468 3378 1578 3444 iurare

137 3488 307 3560 tenentum,
330 3478 417 3564 quod
438 3501 497 3567 pro
520 3481 589 3545 eius
614 3479 787 3567 adeptione
809 3502 913 3568 neque
934 3503 993 3568 per
1015 3503 1050 3543 se
1072 3501 1128 3542 seu
1149 3500 1209 3566 per
1231 3477 1345 3560 alium,
1375 3477 1496 3542 directe
1519 3500 1577 3542 seu

142 3579 322 3660 indirecte,
352 3577 482 3664 publice
503 3578 555 3644 vel
575 3578 700 3644 occulte
707 3628 716 3662 ,
738 3581 862 3644 instetit
883 3589 939 3644 aut
960 3602 1019 3666 per
1040 3577 1121 3644 alios
1144 3601 1200 3643 seu
1223 3577 1322 3643 alium
1344 3579 1467 3643 instare
1489 3576 1575 3641 fecit.

139 3679 176 3745 Si
201 3679 277 3764 quis
300 3686 406 3743 autem
428 3678 490 3744 hoc
508 3679 723 3744 iuramentum
745 3689 914 3768 praestare
935 3679 1152 3761 recusaverit,
1175 3687 1294 3743 extunc
1315 3675 1358 3743 ad
1380 3676 1617 3743 decanatumao

139 3777 235 3844 illum
258 3776 356 3842 debet
378 3799 448 3844 esse
469 3778 704 3845 inhabilitatus.

257 3949 285 4009 2.
306 3960 354 4009 DE
376 3962 684 4012 axnmaromaus
705 3964 751 4012 ΕΤ
772 3963 976 4012 IURAMENTO
998 3962 1120 4012 EORUM
1143 3962 1212 4011 PRO
1234 3959 1502 4010 nsols'rnnrtms.

219 4078 321 4160 Item,
353 4099 427 4144 eum
450 4079 578 4166 singula
600 4079 708 4146 officia
734 4079 868 4166 singulis
902 4080 967 4144 sint
998 4077 1230 4144 committenda
1264 4078 1428 4164 personis,
1461 4075 1577 4164 placet,

133 4178 225 4268 quod
256 4175 397 4242 decanus
423 4179 457 4244 in
490 4180 641 4245 examine
668 4179 917 4268 approbationis
953 4187 985 4244 et
1012 4177 1252 4267 reprobationis
1280 4174 1578 4261 magistrandorum

132 4301 241 4368 neque
264 4298 323 4364 per
346 4285 474 4361 sortem,
497 4278 696 4363 electionem,
719 4281 972 4347 nominationem
994 4301 1051 4344 seu
1073 4298 1298 4365 quamcunque
1321 4275 1419 4340 aliam
1441 4275 1620 4361 dispositi

131 4383 258 4444 tionem
286 4376 395 4442 locum
424 4386 482 4442 aut
509 4401 623 4444 voeem
650 4378 780 4445 habeat.
823 4379 888 4445 Sed
916 4377 959 4443 ad
986 4377 1067 4442 illud
1097 4375 1154 4442 alii
1183 4375 1334 4462 magistri
1366 4397 1426 4462 per
1458 4381 1578 4439 sortem

138 4478 317 4566 eligantur

224 4611 308 4678 Item
329 4609 454 4697 placet,
488 4611 576 4701 quod
597 4611 696 4678 iidem
719 4613 960 4680 examinatores
981 4611 1074 4676 iuxta
1096 4611 1267 4698 antiquum
1289 4608 1393 4694 ipsius
1415 4602 1580 4671 faerdtatis

129 4722 290 4778 statutum
311 4711 419 4776 iurare
440 4710 560 4778 debent
580 4713 615 4777 in
635 4712 697 4778 hae
718 4713 838 4779 forma:
870 4709 965 4796 „Ego
987 4709 1025 4774 N.
1047 4711 1118 4774 iuro
1149 4708 1263 4792 vobis,
1290 4707 1420 4772 domino
1449 4702 1581 4781 decano,

129 4811 219 4900 quod
252 4809 350 4876 velim
384 4811 418 4875 in
453 4810 515 4876 hoe
543 4813 695 4877 examine
721 4811 894 4878 admittere
926 4809 1045 4896 dignos
1075 4818 1107 4872 et
1137 4811 1276 4875 reiicerc
1308 4804 1480 4888 indignos,
1515 4808 1623 4866 nouto

129 4909 283 4978 habendo
304 4919 488 4997 respectum
509 4911 552 4976 ad
573 4911 843 4978 circumstaneias
872 4931 1088 4998 personarum
1110 4919 1168 4974 ant
1189 4907 1403 4984 conditiones,
1427 4923 1486 4988 per
1501 4921 1581 4984 quas

128 5011 259 5098 indigui
286 5010 471 5096 promoveri
499 5019 633 5097 possent
665 5020 723 5075 aut
744 5011 836 5096 digni
873 5008 1060 5076 ammoveri.
1101 5006 1158 5073 Sic
1196 5031 1249 5072 me
1279 5005 1358 5069 deus
1387 4999 1520 5068 adiuvet
1549 5008 1582 5066 et

122 5122 240 5178 sancta
261 5109 314 5176 dei
336 5109 545 5196 euangelia.“
