3748 6070
506 453 601 506 ereite
619 453 881 516 Statutmredaetion,
898 469 952 506 ron
972 453 1145 508 rtet—ute
1471 447 1533 516 329

111 633 194 700 cicio
227 655 287 722 per
317 635 499 722 pecuniam,
529 637 648 724 pignus
679 637 842 704 sufficiens
873 636 926 703 vel
958 637 1144 704 caucionem
1175 634 1408 702 fideiussoriam
1439 635 1532 700 iuxta

111 741 226 797 texam
257 756 279 799 a
305 733 458 800 facultate
478 735 598 803 factam
623 735 675 804 vel
702 739 869 827 antiquam
890 736 1153 804 consuetudinem
1179 745 1306 802 tenetur
1336 735 1531 800 satisfacere.

110 831 184 898 Non
206 831 333 898 habens
352 855 431 900 vero
457 835 543 902 infra
571 835 658 904 idem
679 845 805 926 tempus
832 839 1023 923 magistrum
1049 835 1208 921 legentem
1235 835 1287 900 vel
1315 827 1533 920 disputantem

111 929 152 994 de
182 953 244 998 sua
270 941 464 1020 paupertate
491 935 686 1003 sufficienter
705 935 878 1002 informare
899 947 1034 1018 tenetur,
1061 935 1120 1002 sub
1148 957 1253 1022 poena
1279 955 1345 1002 non
1368 921 1532 1020 computa·

111 1029 217 1096 cionis
240 1031 333 1098 istius
354 1031 506 1100 leccionis
527 1035 579 1102 vel
601 1037 760 1104 exercicii.
803 1035 944 1100 Tenetur
965 1057 1038 1102 cum
1058 1033 1120 1100 hoc
1140 1033 1214 1100 talis
1235 1033 1443 1100 nihilominus
1464 1053 1531 1098 ma·
1555 1039 1572 1094 5

110 1129 217 1214 gistro
246 1128 306 1194 tali
334 1129 374 1195 de
400 1132 457 1197 tali
487 1133 629 1200 leccione
651 1134 702 1200 vel
723 1135 883 1200 exercicio
903 1133 1048 1222 plenarie
1068 1133 1264 1217 satisfacere,
1291 1131 1373 1200 aliae
1394 1131 1439 1198 ad
1460 1152 1536 1198 exa·

114 1249 191 1292 men
213 1225 540 1298 baccalariandorum
561 1233 614 1299 vel
636 1245 832 1322 temptamen
852 1233 1146 1319 magistrandorum
1166 1255 1231 1298 non
1252 1231 1446 1297 admittatur.
1472 1229 1535 1294 'l'a-

108 1324 174 1390 lem
189 1328 294 1392 eciam
315 1338 444 1415 reputat
457 1331 593 1398 facultas
608 1335 732 1400 arcium
747 1335 948 1420 magistrum,
969 1353 1068 1419 aquo
1089 1331 1261 1398 leccionem
1275 1328 1327 1397 vel
1341 1329 1535 1396 exercicium

110 1425 258 1509 audivit,
290 1425 331 1492 de
363 1450 423 1494 sua
455 1441 647 1519 paupertate
678 1431 873 1500 sufficienter
901 1431 1107 1514 informasse,
1138 1431 1194 1516 qui
1225 1429 1283 1496 sub
1315 1429 1457 1496 leccione
1484 1427 1536 1493 vel

109 1525 287 1608 exercicio,
317 1535 353 1591 ut
373 1531 589 1614 praemissum
610 1541 673 1614 est,
703 1531 860 1620 magistro
882 1530 941 1595 tali
961 1532 995 1595 in
1017 1531 1219 1596 consciencia
1241 1551 1300 1594 sua
1320 1527 1418 1608 dixit,
1447 1528 1534 1616 quod
1546 1535 1577 1592 10

108 1621 213 1688 nichil
238 1622 361 1689 habeat
382 1624 445 1692 sibi
466 1627 555 1714 dare,
575 1630 627 1696 vel
648 1630 734 1718 quod
759 1629 930 1696 comodose
953 1629 1015 1696 sibi
1035 1629 1108 1716 plue
1131 1628 1209 1694 dare
1228 1650 1292 1693 non
1316 1623 1400 1715 [58l]
1422 1628 1536 1714 potuit,

110 1744 212 1810 quam
243 1722 307 1790 sibi
335 1722 414 1790 dare
434 1727 551 1810 voluit,
580 1739 705 1795 etcum
732 1729 793 1796 hoc
820 1729 940 1796 habeat
960 1753 1057 1794 unum
1080 1727 1145 1793 fide
1170 1727 1314 1816 dignum,
1343 1725 1399 1814 qui
1426 1725 1537 1790 credat

111 1825 160 1886 ita
181 1821 254 1914 fore
273 1821 334 1888 sub
356 1847 414 1889 sua
434 1828 644 1894 consciencia.
684 1829 826 1895 Tenetur
848 1831 951 1894 eciam
971 1827 1047 1895 talis
1069 1850 1089 1893 a
1110 1828 1275 1914 magistro,
1296 1849 1317 1892 a
1337 1847 1400 1912 quo
1421 1824 1535 1892 leccio-

111 1942 187 1984 nem
209 1920 264 1987 vel
288 1924 487 1990 exercicium
515 1926 620 2010 audit,
648 1927 774 1994 literam
804 1929 1040 2014 recognicionis
1062 1927 1123 1994 sub
1142 1926 1282 1991 leccione
1304 1923 1355 1990 vel
1376 1923 1535 1990 exercicio

113 2041 248 2106 capere,
285 2023 440 2110 scriptam
472 2047 572 2091 manu
607 2027 742 2116 propria
771 2029 865 2093 istius
899 2028 1062 2114 magistri,
1097 2028 1132 2091 in
1162 2047 1227 2113 qua
1262 2024 1348 2089 idem
1379 2024 1534 2109 magister
1545 2031 1575 2087 15

113 2128 328 2204 recognoscat
348 2123 416 2188 sine
437 2123 511 2190 dolo
532 2133 564 2189 et
584 2123 708 2208 fraude,
729 2125 826 2192 talem
847 2125 910 2190 sibi
930 2148 991 2212 pro
1011 2133 1106 2212 pastu
1127 2123 1187 2190 sub
1208 2123 1350 2190 leccione
1367 2119 1421 2186 vel
1441 2129 1536 2185 extra

115 2217 317 2283 satisfecisse
355 2222 531 2289 secundum
561 2233 706 2290 tenorem
738 2225 865 2306 statuti,
899 2246 979 2311 prae
1011 2221 1160 2289 omnibus
1191 2223 1293 2286 eciam
1325 2221 1537 2305 quantitatem

117 2329 232 2402 pastus
255 2318 477 2404 exprimendo.
504 2321 572 2387 Nec
593 2322 734 2389 decanus
758 2324 898 2412 aliquem
922 2319 1175 2410 promovendum
1195 2319 1255 2386 sub
1278 2326 1419 2408 poenal
1443 2339 1536 2382 sexa-

117 2437 222 2500 genae
249 2438 355 2483 novae
381 2441 567 2506 grossorum
595 2422 752 2489 inscribat
780 2445 838 2510 pro
860 2423 1010 2488 examine
1028 2421 1082 2488 vel
1110 2420 1329 2506 temptamina,
1356 2419 1420 2483 nisi
1447 2419 1539 2504 prius

115 2513 211 2579 litera
232 2514 292 2580 tali
312 2520 548 2606 recognicionis
568 2522 659 2605 visa3
680 2523 714 2586 in
736 2545 800 2610 qua
820 2523 849 2586 si
871 2521 933 2586 sibi
955 2521 1153 2609 apparuerit,
1173 2519 1282 2606 ipsum
1302 2520 1397 2582 iuxta
1418 2523 1581 2582 statutatt

116 2611 281 2679 facultatis
304 2617 468 2704 magistris
497 2643 562 2686 non
586 2621 790 2703 satisfecisse,
816 2620 914 2686 talem
943 2619 984 2685 ad
1009 2640 1146 2684 examen
1172 2617 1224 2682 vel
1252 2625 1451 2704 temptamen
1479 2637 1539 2702 pro

118 2709 179 2776 hac
192 2713 265 2778 vice
283 2737 348 2780 non
370 2715 536 2803 admittat3
559 2719 587 2783 si
609 2729 716 2784 autem
738 2743 780 2786 ex
801 2719 910 2808 aliqua
930 2718 1133 2805 negligencia
1150 2715 1278 2782 literam
1297 2715 1373 2780 talis
1393 2714 1539 2800 recogni-

118 2811 217 2878 cionis
245 2813 442 2900 perdidisset
467 2815 519 2882 vel
546 2819 745 2886 consimilem
771 2818 898 2884 literam
920 2827 1055 2905 propter
1077 2817 1226 2902 magistri
1249 2815 1326 2880 telis
1352 2813 1539 2880 absenciam

118 2907 238 2978 habere
257 2935 323 2978 non
343 2923 465 3002 posset,
486 2915 624 2982 stabitur
646 2941 743 3005 super
762 2920 952 3005 praemissis
973 2917 1108 3004 proprio
1129 2917 1318 2982 iuramento.

326 3083 377 3146 28.
404 3097 465 3158 QUI
484 3099 579 3148 LIBRI
600 3099 756 3150 Possunt
777 3101 898 3150 runnu
919 3098 988 3148 PRO
1011 3099 1137 3147 TERTIA
1158 3095 1342 3146 nocolone,
1550 3087 1583 3144 25

701 3218 761 3280 Vgl.
781 3232 805 3269 a
824 3218 863 3269 st
882 3219 922 3278 21,
940 3218 965 3269 9.

200 3325 284 3392 Item
300 3326 443 3414 quilibet,
456 3329 569 3396 volens
591 3331 705 3397 audire
725 3331 825 3399 libros
848 3331 891 3397 ad
913 3329 1062 3417 gradum,
1082 3328 1185 3396 solum
1208 3327 1322 3392 audire
1342 3326 1439 3392 debet
1459 3327 1541 3393 duas

118 3423 282 3492 lecciones
303 3428 337 3492 in
358 3427 411 3494 die
432 3429 473 3495 de
494 3428 588 3496 libris
610 3430 653 3496 ad
676 3430 808 3517 gradus,
830 3445 863 3497 et
881 3453 945 3496 non
967 3431 1086 3518 poterit
1107 3425 1221 3492 audire
1241 3426 1378 3512 aliquem
1401 3449 1462 3514 pro
1479 3435 1542 3492 ter·

117 3525 164 3588 tia
184 3524 329 3591 leccione
347 3529 412 3594 nisi
431 3528 636 3595 Priscianum
657 3531 816 3596 minorem
838 3541 870 3596 et
890 3529 1019 3616 loycam
1036 3527 1169 3593 Hesbri.

300 3693 349 3758 29.
375 3711 516 3772 querno
538 3711 672 3762 rorusr
695 3713 774 3775 qma
794 3714 956 3764 morenae
977 3711 1132 3773 surqusu
1152 3708 1361 3760 incoronari.
1550 3699 1586 3756 ao

702 3832 762 3896 Vgl.
779 3846 803 3882 a.
823 3831 860 3883 St.
879 3833 920 3894 24,
939 3831 964 3882 6.

198 3937 282 4004 Item
303 3937 408 4006 nullus
428 3941 564 4030 incipiat
584 3943 692 4030 legere
713 3943 853 4034 aliquem
874 3943 993 4010 librum
1019 3942 1062 4008 ad
1083 3941 1223 4031 gradum
1244 3951 1443 4030 spectantem
1466 3951 1541 4008 ante

118 4039 236 4106 festum
253 4040 357 4104 sancti
371 4037 514 4128 Georgii,
534 4043 597 4108 nisi
619 4045 709 4109 cuius
730 4043 935 4110 medietatem
956 4041 1094 4129 legendo
1112 4041 1286 4108 secundum
1301 4051 1422 4109 statuta
1441 4041 1541 4108 facul·

118 4138 194 4206 tatis
216 4139 321 4227 possit
341 4137 434 4206 finire
457 4151 531 4206 ante
552 4142 671 4208 festum
691 4141 902 4230 praedictum.

428 4311 478 4374 30.
500 4323 571 4385 quo
594 4325 758 4378 taurona
780 4325 935 4376 rossuur
955 4323 1050 4372 emar
1069 4323 1234 4372 axium.
1551 4314 1584 4371 ³5

650 4441 1017 4506 mammeas

199 4553 282 4620 Item
303 4553 337 4617 in
356 4551 473 4640 hyeme
492 4554 571 4622 liant
592 4555 657 4621 duo
678 4559 839 4642 examina,
861 4579 959 4622 unum
981 4551 1279 4642 magistrandorum
1301 4565 1447 4643 tempore
1468 4577 1542 4620 con·

118 4664 227 4738 sweto,
252 4652 428 4718 secundum
448 4652 770 4722 baccalariandorum
790 4659 824 4722 in
843 4657 979 4739 ieiunio,
1005 4658 1039 4720 in
1061 4663 1185 4719 aestate
1206 4653 1353 4720 similiter
1374 4655 1454 4720 fiant
1479 4651 1542 4720 duo

118 4753 270 4820 examina
284 4750 608 4820 baccalariaudorum
624 4755 712 4822 circa
726 4756 846 4822 festum
868 4755 1104 4844 penthecostes,
1128 4753 1305 4820 secundum
1321 4755 1408 4819 circa
1427 4753 1543 4818 festum

118 4862 253 4919 sanctae
274 4852 389 4917 crucis.
1552 4859 1587 4917 40

117 5019 146 5074 in
168 5037 186 5074 o
210 5015 364 5089 corrigiam,
382 5016 449 5072 aber
470 5021 527 5072 erst
547 5015 680 5074 uachdern
703 5018 753 5074 der
769 5018 870 5078 l'ehler
887 5016 960 5074 auch
977 5017 1007 5071 in
1028 5015 1073 5074 die
1089 5023 1193 5073 atomo
1210 5015 1337 5088 lepibilfc
1354 5014 1385 5086 (s.
1404 5019 1490 5070 unten
1507 5013 1543 5080 ΙΙ,

118 5106 177 5160 tu.
193 5100 233 5172 Π,
248 5101 279 5174 4>
296 5099 510 5174 iiborgegangen
527 5117 591 5158 wer.
