3758 6072
316 389 377 454 360
811 385 863 436 Die
881 383 1101 452 philosophlschs
1117 383 1245 436 rmum

317 571 394 638 anni
429 577 504 636 ante
534 566 709 658 prandium
740 566 799 634 sub
830 569 941 656 precio
970 567 1108 654 triginta
1130 587 1334 653 grossorum
1363 574 1397 632 et
1416 565 1488 632 loeo
1509 563 1741 652 metaphisicae

315 667 604 738 vicecancellarius
633 691 693 756 per
722 668 870 757 quartale
899 669 976 734 anni
1005 668 1041 734 iu
1073 665 1179 734 tribus
1211 664 1306 732 libris
1338 664 1380 734 da
1409 666 1519 732 anime
1549 666 1740 752 magistran-
1856 663 1857 740 ζ

320 771 381 839 dos
401 769 599 837 informabit

664 941 692 1004 6.
714 951 762 1002 nn
783 950 981 1001 nnncrroun
1003 949 1132 1000 uncam
1154 931 1198 1012 (si
1218 929 1368 1019 placet).¹

272 1097 290 1152 5
391 1086 473 1152 Item
504 1087 597 1152 iuxta
630 1109 729 1152 onera
757 1083 972 1151 distribuendi
993 1083 1198 1150 emolimenta
1220 1090 1360 1170 apparet
1386 1079 1549 1169 aliquibus
1575 1089 1608 1146 ct
1629 1082 1742 1147 maiori

315 1187 417 1274 parti,
444 1185 531 1272 quod
552 1185 728 1252 decanatus
750 1184 901 1250 succedat
926 1185 961 1248 in
982 1182 1170 1249 nationibus
1189 1181 1283 1246 iuxta
1309 1181 1400 1246 senia
1426 1181 1674 1267 magistrorum,
1697 1183 1742 1246 ita

317 1283 405 1373 quod
424 1307 489 1350 non
510 1283 568 1350 fiat
585 1285 801 1372 reciprocatio
822 1284 885 1348 nisi
920 1291 1025 1348 stante
1047 1281 1174 1347 defectu
1194 1303 1406 1370 personarum
1427 1279 1468 1344 de
1489 1280 1624 1346 consilio
1644 1281 1741 1346 faesul-

315 1385 408 1468 tatis;
439 1393 471 1450 et
504 1393 580 1448 tunc
612 1383 715 1450 honor
747 1383 897 1471 primitus
932 1381 1052 1447 seniori
1086 1379 1277 1447 exhibeatur
1296 1377 1350 1444 vel
1382 1378 1510 1466 aliquis,
1546 1378 1740 1466 ydonemsi

317 1486 434 1565 fuerit,
456 1481 500 1549 ad
527 1481 696 1548 eonsilium
715 1483 937 1570 dispensative
957 1481 1145 1568 recipiatur.
1176 1481 1229 1546 Ita
1248 1501 1306 1547 suo
1328 1476 1424 1544 modo
1439 1477 1481 1544 de
1495 1477 1741 1566 quodlibetario.

277 1584 359 1652 rom
388 1583 418 1648 si
448 1581 519 1646 fieri
552 1591 677 1668 posset,
704 1582 744 1647 de
771 1579 1040 1647 vicecancellario
1073 1582 1302 1647 informaretur
1337 1577 1487 1644 dominus
1522 1577 1740 1658 cancellarius,

319 1682 406 1772 quod
440 1704 500 1770 per
533 1681 596 1748 hoc
629 1691 814 1748 servaretur
850 1682 953 1747 maior
973 1681 1123 1746 amicicia
1143 1679 1365 1744 universitatis
1384 1699 1445 1743 nec
1465 1677 1501 1742 in
1521 1676 1630 1766 aliquo
1650 1701 1739 1768 prae

315 1782 513 1850 iudicaretur
537 1780 702 1848 collationi
723 1803 802 1846 suae
821 1780 1012 1847 libertatis.²

632 1913 830 1978 Polonorum
877 1914 981 2054 pripno
1027 1911 1160 1999 Wighel
1181 1911 1251 2026 ipit.

277 2123 307 2180 1⁵
493 2062 592 2130 Natio
631 2011 833 2178 Isihihitlffim
895 2017 932 2180 3²⁰
1025 2009 1228 2194 ἓῖἴιιίῒοῗξ
1235 2114 1346 2175 wieder
1366 2117 1596 2194 ausperto-ichen,

629 2211 860 2277 Misenensium
895 2212 931 2278 4⁰
1020 2214 1101 2272 nicht
1122 2215 1294 2292 cuspeflttlt

400 2347 482 2412 Item
509 2347 682 2413 servitores
711 2345 940 2431 magistrorum
962 2341 1003 2408 de
1023 2339 1156 2408 consilio
1176 2341 1340 2408 facultatis
1363 2343 1427 2410 sint
1447 2342 1541 2410 liberi
1562 2345 1596 2410 in
1616 2345 1739 2410 actibus

316 2446 526 2513 scholasticis.

397 2545 480 2612 Item
508 2547 541 2610 in
570 2543 726 2610 electione
754 2543 868 2610 decani
895 2541 953 2607 fiat
973 2541 1163 2608 convocatio
1184 2538 1245 2606 sub
1267 2539 1376 2608 debito
1398 2543 1549 2630 praestiti
1569 2544 1740 2608 iuramenti

274 2655 349 2710 boet
375 2665 440 2708 non
469 2643 727 2728 contradicendi3
756 2651 789 2709 ct
821 2641 959 2729 eligatur
986 2663 1045 2728 per
1067 2649 1187 2706 sortem
1208 2641 1314 2705 sicut⁴
1336 2641 1466 2729 eligitur
1485 2653 1608 2726 rector3
1638 2643 1742 2730 primo

317 2741 478 2830 eligantur
500 2741 598 2828 aliqui
609 2764 669 2830 per
690 2753 820 2825 sortem,
840 2743 896 2829 qui
916 2740 1050 2806 ulterius
1072 2739 1133 2806 sub
1154 2740 1357 2806 consciencia
1378 2751 1409 2806 et
1431 2743 1611 2808 iuramento
1622 2741 1741 2829 eligant

318 2841 486 2908 decanum.

404 2941 486 3006 Item
507 2939 613 3006 nullus
635 2941 839 3008 baccalarius
865 2939 1063 3030 respondeat
1085 2937 1128 3004 ad
1146 2949 1273 3026 partem
1294 2933 1401 3004 miuus
1422 2939 1649 3026 principalem,
1669 2941 1743 3029 quia

317 3038 478 3106 interdum
497 3041 631 3106 minoris
655 3038 701 3130 (l)
725 3043 831 3120 visum
853 3051 903 3106 est
924 3049 1050 3128 partem
1072 3037 1288 3126 principalem
1309 3039 1473 3105 habuisse.

277 3167 311 3222 25
402 3157 484 3222 Item
506 3154 710 3244 disputentur
740 3155 817 3222 libri
849 3157 1031 3244 topicorum
1067 3153 1138 3220 loco
1173 3177 1277 3221 novae
1311 3154 1436 3244 logicae
1474 3165 1506 3221 et
1534 3155 1611 3221 libri
1648 3163 1742 3221 meta·

321 3254 468 3344 phisicae
489 3253 561 3322 loco
581 3255 780 3344 phisicorum
799 3277 859 3343 pro
882 3255 1082 3342 magisterio.

403 3355 484 3420 Item
513 3353 619 3420 nullus
647 3365 878 3445 promoveatur
909 3357 944 3420 in
963 3351 1199 3438 baccalarium,
1235 3355 1298 3420 nisi
1331 3354 1457 3421 steterit
1475 3355 1510 3420 in
1532 3353 1671 3443 collegio
1692 3365 1742 3420 aut

320 3454 420 3521 bursa
441 3453 625 3543 approbata
646 3455 689 3521 ad
711 3477 831 3521 annum
852 3476 924 3518 cum
945 3451 1062 3518 medio.

396 3728 407 3778 1
429 3721 484 3778 Am
498 3719 608 3776 Raude:
633 3721 674 3774 ad
684 3719 810 3791 prom
834 3717 892 3772 Der
904 3719 1006 3774 Zmata
1023 3719 1073 3774 der
1082 3720 1182 3778 Worte
1198 3721 1226 3778 ri
1237 3723 1331 3794 placa
1347 3719 1415 3774 lieet
1431 3716 1601 3788 vcrmuthen,
1618 3720 1684 3776 dees
1699 3721 1743 3776 der

320 3805 452 3862 Entvurf
468 3821 523 3858 von
539 3801 597 3858 Ich
611 3803 697 3874 Wyse
716 3802 834 3858 verfaest
852 3820 916 3872 var,
933 3802 983 3858 der
999 3802 1047 3859 ihn
1063 3803 1243 3876 pesehneben
1261 3805 1318 3874 hat,
1336 3803 1393 3858 und
1410 3801 1471 3858 dem
1489 3801 1534 3858 die
1550 3821 1641 3874 genre
1652 3805 1742 3860 Hand·

319 3889 420 3945 schrift
439 3887 561 3959 gehiirte.
593 3887 658 3958 Vgl.
676 3887 744 3943 Urk.
764 3887 880 3952 Quellen
898 3887 925 3942 S.
946 3893 993 3942 717
1014 3887 1053 3960 fg.

398 3978 413 4028 2
432 3971 499 4026 blan
517 3971 596 4027 sollte
614 3975 747 4026 ervarteu
764 3971 923 4026 collationis
939 3990 1005 4028 suae
1022 3973 1152 4028 libertati.

397 4063 412 4112 ³
433 4055 488 4111 Die
505 4055 595 4110 vollen
615 4055 722 4112 Namen
740 4055 816 4111 sind:
847 4055 954 4128 Caspar
971 4056 1095 4130 Weigel‚
1123 4055 1209 4113 Iacob
1226 4055 1343 4111 Sculteti
1359 4055 1394 4110 de
1414 4053 1584 4126 Stergsrdia
1611 4055 1742 4112 Henricus

321 4140 473 4198 Steinbach
489 4139 523 4195 ds
541 4139 731 4214 Nurenberga.

396 4229 412 4281 4
430 4223 510 4280 Etwa
526 4226 584 4280 eive
599 4226 648 4279 ut!
