3758 6072
509 491 593 545 Dritte
608 491 872 560 Smtutenredacticn,
891 509 943 544 ron
959 493 1150 549 totth-1490.
1465 503 1525 568 385

106 695 165 738 naa
185 669 250 762 [5¹³]
271 674 422 760 antiquas
443 674 478 738 in
496 685 625 740 moneta
646 678 768 742 recenti
789 699 848 764 pro
862 699 959 742 censu
981 677 1115 758 solvere,
1137 679 1267 745 interim
1290 680 1375 768 quod
1396 681 1532 749 facultas

106 795 200 838 usum
221 771 309 838 illius
330 773 394 839 loci
414 775 449 838 in
471 773 606 862 collegio
627 775 785 843 habuerit.

159 947 207 1007 17.
227 958 275 1005 DE
296 957 472 1006 sonticus
494 959 622 1008 naama
645 959 843 1010 SUPPOSITIS
865 961 910 1007 ΔΒ
932 960 1183 1010 UNIVERSI'I'A'I'E
1203 962 1478 1013 acceperamus·

188 1072 318 1156 Placet,
339 1072 425 1161 quod
446 1072 490 1138 ad
510 1073 687 1140 tollendum
709 1077 912 1141 confusiones
934 1086 965 1141 ct
986 1075 1137 1165 obloquia
1161 1101 1225 1142 non
1254 1078 1411 1163 sigilletur
1431 1103 1536 1168 neque

109 1173 204 1238 detur
224 1195 285 1259 per
307 1172 466 1238 decanum
486 1173 596 1260 aliqua
619 1173 714 1239 litera
736 1178 804 1240 sive
824 1176 1008 1260 recognicio
1032 1174 1129 1240 alicui
1154 1180 1321 1264 supposito
1344 1177 1386 1243 ab
1406 1181 1534 1244 univer·
1559 1190 1575 1244 5

107 1275 203 1337 sitate
216 1271 391 1355 recedenti,
415 1273 481 1338 nisi
500 1284 577 1338 tunc
598 1275 690 1360 prius
703 1274 778 1340 talis
800 1275 895 1340 litera
915 1275 984 1340 sive
1004 1277 1182 1362 recognitio
1205 1291 1263 1363 per
1285 1277 1411 1366 aliquos
1432 1281 1534 1345 senio·

106 1394 158 1436 res
180 1371 345 1437 facultatis
366 1382 504 1459 quatuor
525 1374 696 1438 nacionum
716 1374 824 1441 fuerat
844 1376 915 1440 visa
936 1385 968 1439 et
988 1374 1179 1462 approbata.

146 1589 206 1656 III.
238 1589 407 1656 Statuta
429 1593 735 1657 concernencia
761 1593 985 1677 magistros
1005 1591 1195 1658 volentes
1224 1592 1416 1658 assummi
1443 1561 1494 1656 ad

580 1689 804 1756 consilium
831 1691 1066 1758 facultatis.

191 1864 219 1922 1.
246 1855 390 1941 Placuit,
417 1856 506 1943 quod
532 1857 639 1923 nullus
666 1859 895 1945 magistrorum
924 1860 958 1922 in
986 1869 1082 1925 antea
1108 1858 1151 1923 ad
1172 1858 1341 1924 consilium
1369 1858 1532 1924 facultatis
1545 1868 1576 1924 10

106 1955 306 2040 admittatur,
326 1957 391 2020 nisi
408 1958 442 2020 in
463 1958 665 2022 consciencia
687 1979 746 2023 sua
766 1956 863 2041 dicat,
885 1957 970 2042 quod
992 1969 1119 2023 sextum
1142 1981 1262 2024 annum
1283 1959 1334 2023 sui
1355 1959 1535 2044 magisterii

107 2057 263 2142 attigerit,
285 2077 345 2142 per
364 2065 490 2121 tantum
509 2058 665 2144 temporis
687 2058 833 2143 spacium
851 2057 1106 2122 inuniversitate
1127 2057 1297 2140 manendo,
1319 2067 1351 2122 et
1370 2057 1536 2122 biennium

107 2177 200 2221 suum
225 2177 299 2220 cum
320 2155 436 2220 effectu
455 2155 508 2222 hic
530 2155 581 2221 vel
611 2155 690 2222 alibi
712 2154 935 2244 compleverit,
962 2167 994 2221 et
1015 2157 1101 2244 quod
1129 2159 1163 2222 in
1189 2174 1236 2221 xa
1259 2155 1536 2243 disputacionibus

110 2251 290 2321 ordinariis
318 2253 478 2340 arguebat
503 2254 554 2320 vel
583 2257 706 2320 tociens
733 2277 888 2342 praesens
916 2255 1014 2320 fuerit
1040 2266 1072 2320 et
1098 2255 1204 2323 locum
1224 2255 1389 2341 ,arguendi
1417 2255 1537 2321 habere

111 2377 174 2421 non
197 2355 352 2442 potuerit,
375 2365 407 2419 et
430 2377 503 2420 cum
522 2354 661 2420 tabardo
683 2365 715 2420 et
733 2354 846 2420 habitu
867 2354 1048 2442 magistrali
1069 2355 1115 2420 ibi
1133 2357 1367 2442 comparuerit,
1387 2355 1578 2420 adminuere

108 2477 165 2540 per
185 2453 311 2537 horam,
339 2455 443 2519 eciam
470 2457 498 2520 si
524 2454 630 2520 locum
651 2453 810 2540 arguendi
836 2453 956 2520 habere
984 2477 1049 2519 non
1077 2455 1189 2541 possit,
1217 2453 1339 2520 ibidem
1360 2453 1537 2537 manendo,

108 2563 139 2618 et
160 2552 251 2641 quod
279 2554 379 2620 octies
406 2555 440 2618 in
466 2554 572 2640 primo
600 2576 685 2619 anno
707 2553 966 2618 extraordinarie
989 2553 1167 2640 disputavit
1199 2555 1242 2630 (si
1270 2557 1340 2642 quis
1369 2565 1477 2620 autem
1503 2553 1537 2618 in

107 2654 214 2740 primo
235 2675 320 2718 anno
344 2676 364 2718 a
386 2662 532 2740 tempore
552 2654 746 2740 inceptionis
768 2652 819 2718 sui
840 2654 1021 2738 magisterii
1042 2655 1141 2718 octies
1163 2653 1330 2740 disputare
1346 2653 1536 2740 neglexerit,

106 2751 180 2818 talis
204 2751 260 2818 det
281 2751 451 2818 dimidium
473 2753 628 2818 florenum
647 2776 707 2840 pro
727 2775 834 2839 poena
856 2763 912 2818 aut
931 2751 1044 2840 triplet
1064 2753 1247 2820 huiusmodi
1269 2753 1537 2841 disputacicncm,

108 2850 307 2940 disputando
336 2851 508 2938 diligenter
536 2853 712 2918 secundum
737 2850 935 2917 laudabilem
962 2855 1129 2937 antiquam
1149 2853 1424 2938 consuetudinem,
1447 2852 1579 2918 vide-20

107 2949 182 3016 licet
212 2951 372 3038 capiendo
402 2951 483 3016 duas
512 2953 719 3039 quaestiones
751 2960 783 3016 et
810 2949 873 3016 duo
903 2951 1104 3037 sophismata
1134 2953 1176 3022 in.
1195 2951 1303 3040 aliquo
1331 2953 1536 3019 lectoricrum

107 3072 181 3116 cum
212 3051 421 3116 intimacione
452 3050 585 3138 publica
614 3053 707 3114 iuxta
733 3061 877 3114 tenorem
906 3051 1019 3115 statuti
1048 3051 1134 3115 infra
1162 3053 1356 3139 sequentis3)
1387 3063 1419 3116 et
1448 3052 1534 3140 quod

108 3149 243 3216 honeste
267 3173 302 3215 se
321 3151 458 3234 rexerit,
487 3153 535 3218 sic
562 3151 650 3238 quod
672 3151 712 3216 de
733 3147 820 3213 nullo
847 3147 979 3213 crimine
1001 3147 1131 3235 publice
1149 3150 1325 3214 infamatus
1348 3162 1404 3216 aut
1425 3176 1535 3240 suspe-

108 3259 178 3316 ctus
200 3248 310 3332 fuerit,
332 3247 373 3314 de
395 3272 457 3337 quo
480 3272 515 3315 se
536 3273 677 3337 purgare
692 3249 874 3336 nequiverit
896 3247 1072 3313 secundum
1082 3256 1230 3313 tenorem
1251 3251 1362 3313 statuti
1383 3249 1423 3315 de
1440 3255 1535 3318 mori·

108 3348 169 3416 bus
191 3349 280 3415 infra
301 3350 472 3437 sequentis.
510 3349 603 3416 Alias
627 3348 671 3414 ad
693 3347 862 3414 consilium
883 3346 1047 3412 facultatis
1068 3370 1134 3412 non
1155 3357 1347 3413 assumatur.
1545 3362 1579 3418 25

316 3521 344 3582 2.
365 3533 594 3583 IURAMEN'I'UM
614 3531 809 3580 secunaum
830 3532 876 3580 AD
899 3529 1114 3578 rscuLTs'rls
1136 3529 1332 3580 consumor.

193 3650 277 3716 Item
306 3648 442 3736 quilibet
468 3651 624 3736 magister
646 3649 770 3714 intrans
792 3647 832 3712 de
853 3669 938 3712 novo
961 3645 1129 3711 consilium
1154 3645 1320 3712 facultatis
1340 3648 1462 3715 iurabit
1483 3650 1536 3715 de·

109 3771 193 3816 cano
216 3747 277 3816 sub
304 3749 366 3815 hac
394 3750 515 3815 forma:
556 3748 649 3836 „Ego
670 3748 719 3814 .N.
742 3749 812 3812 iuro
833 3745 927 3812 vobis
949 3745 1072 3812 decano
1095 3757 1127 3810 et
1152 3748 1269 3812 vestris
1297 3748 1536 3816 successoribus

108 3849 334 3916 reverenciam
363 3857 395 3914 et
417 3847 639 3914 obedienciam
665 3850 698 3913 in
718 3847 817 3913 licitis
839 3855 871 3911 et
892 3845 1045 3926 honestis,
1073 3853 1105 3909 et
1125 3867 1257 3911 servare
1279 3856 1399 3912 statiua
1420 3857 1452 3913 et
1474 3858 1537 3916 sta·

109 3949 234 4017 tuenda
255 3971 314 4035 pro
335 3970 432 4036 posse
454 3958 486 4014 et
505 3971 610 4032 nosse,
635 3957 667 4012 et
687 3968 864 4034 procurare
885 3942 1004 4009 bonum
1026 3942 1197 4010 facidtatis.
1234 3945 1316 4011 Item
1336 3947 1418 4030 iuro,
1441 3949 1581 4037 quod,³0

109 4051 395 4138 quocienscunque
424 4049 459 4113 in
487 4047 644 4114 decanum
673 4056 729 4112 aut
756 4047 791 4110 in
813 4045 1069 4110 examinatorem
1096 4045 1387 4132 promovendorum
1407 4049 1442 4112 in
1463 4051 1539 4114 arti-

109 4149 182 4235 bus,
214 4158 282 4214 tam
302 4145 345 4212 ad
365 4148 589 4233 magisterium
615 4169 711 4234 quam
735 4145 777 4211 ad
802 4143 1066 4226 baccalariatum,
1094 4143 1213 4208 electus
1240 4145 1341 4227 fuero,
1370 4145 1540 4213 admittere

109 4249 211 4314 velim
234 4246 425 4336 simpliciter
446 4247 562 4334 dignos
584 4255 616 4312 et
636 4247 758 4313 reicere
779 4241 939 4330 indignos.
970 4240 1025 4307 Sic
1048 4263 1100 4308 me
1121 4243 1199 4308 deus
1221 4243 1354 4310 adiuvet
1375 4255 1408 4311 et
1427 4257 1540 4313 sancta

111 4348 166 4416 dei
187 4345 399 4434 euangelia.“

197 4497 280 4562 Item
307 4495 440 4583 placuit,
468 4492 554 4580 quod
573 4493 684 4560 volens
712 4493 854 4582 aliquem
873 4491 1031 4578 impedire
1054 4515 1114 4579 pro
1135 4493 1285 4580 ingressu
1306 4495 1349 4561 ad
1370 4495 1579 4562 consiliumtt

110 4596 282 4663 facultatis
305 4595 402 4661 debet
424 4592 566 4680 allegare
587 4615 728 4676 causam,
758 4615 817 4680 per
838 4592 992 4656 maiorem
1014 4601 1141 4678 partem
1168 4615 1228 4680 per
1254 4593 1440 4660 facultatem
1464 4617 1538 4659 exa·

111 4695 305 4762 minandam
326 4705 358 4760 et
380 4691 637 4783 approbandam.
679 4692 724 4757 Et
745 4693 886 4760 decanus
905 4713 970 4756 non
997 4690 1093 4756 debet
1115 4714 1294 4759 convocare
1314 4704 1415 4761 totam
1439 4692 1537 4759 facul·

111 4807 216 4864 tatem
238 4817 336 4884 super
357 4795 540 4881 receptione
561 4792 697 4858 alicuius
718 4791 762 4858 ad
783 4789 953 4858 consilium
979 4789 1153 4876 facultatis,
1181 4794 1243 4858 uisi
1270 4795 1377 4881 primo
1399 4793 1538 4880 desuper

113 4907 189 4964 octo
213 4893 395 4962 senioribus
417 4893 458 4960 de
478 4891 612 4959 consilio
633 4891 798 4957 facultatis
819 4889 948 4958 auditis.

183 5280 404 5326 nuncupationem
423 5279 479 5315 ΜΒ
497 5279 569 5316 nutv,
586 5279 705 5316 Latratu.
