3748 6070
342 473 405 540 282
917 473 974 526 Das
990 473 1191 540 Freneneollsg.

344 663 498 744 quantum
525 653 560 719 in
591 651 648 720 ills
676 655 774 720 etiam
804 656 891 720 tenni
921 655 1110 722 lirndatione
1139 677 1200 742 pro
1229 677 1293 722 uno
1322 653 1448 740 collega
1481 652 1673 740 deputatum
1699 651 1781 730 fuit,

343 755 389 820 Et
417 775 500 841 quae
527 753 681 842 deinceps
706 756 906 820 incrementa
933 753 1105 842 collegium
1135 756 1276 842 occepit,
1303 775 1344 817 ea
1370 753 1479 818 omnia
1502 774 1523 817 a
1544 749 1671 816 Silesiis
1698 761 1766 816 sunt

343 854 497 940 profecta.

426 985 534 1051 ΧΧΠ.
565 984 710 1072 Collega,
733 987 788 1072 qui
810 994 1011 1074 postremum
1032 985 1141 1052 locum
1162 987 1303 1068 obtinet,
1325 1005 1454 1071 semper
1476 984 1637 1050 curatoris
1658 1003 1766 1048 mumus

303 1097 321 1150 5
346 1087 511 1166 sustineat,
543 1086 675 1172 eiusque
696 1085 795 1152 ollioii
817 1087 880 1152 erit
901 1085 1057 1174 expedire
1079 1089 1220 1172 negotia,
1250 1109 1271 1151 a
1291 1083 1479 1172 praeposito
1501 1081 1565 1148 sibi
1591 1084 1767 1164 commissa,

345 1193 377 1248 et
398 1205 522 1266 curare,
550 1192 586 1248 ut
612 1187 772 1250 serotinae
794 1184 1030 1273 disputationes
1056 1184 1268 1267 celebrentur,
1295 1184 1438 1270 dareque
1463 1203 1607 1268 operam,
1634 1181 1768 1268 nequid

345 1282 514 1349 uerborum
535 1282 577 1347 ab
598 1283 766 1371 inquilinis
789 1287 957 1350 excitetur.
997 1284 1043 1350 Et
1064 1286 1091 1350 si
1113 1284 1191 1372 quid
1213 1285 1419 1352 commissum
1447 1282 1559 1363 fuerit,
1586 1282 1767 1368 praeposito

346 1381 467 1448 indicet
488 1391 584 1469 atque
605 1383 703 1448 etiam
724 1383 785 1450 lroo
808 1382 934 1468 efficiet,
952 1379 1016 1471 [¹8]
1033 1391 1070 1448 ni
1089 1383 1167 1449 boni
1189 1393 1221 1448 et
1242 1382 1379 1450 modesti
1399 1379 1560 1466 inquilini,
1582 1401 1647 1444 non
1666 1390 1768 1446 tarum

345 1482 415 1546 sine
438 1482 619 1568 praepositi
640 1505 808 1565 consensu,
836 1483 1049 1569 recipiantur,
1079 1503 1183 1569 neque
1204 1481 1288 1548 ullus
1309 1480 1510 1562 admittatur,
1535 1479 1592 1564 qui
1618 1477 1768 1544 adversus

309 1579 486 1667 toeliquem
509 1578 712 1666 collegiatam
737 1580 932 1646 simultatem
953 1581 1028 1664 alet,
1055 1591 1111 1646 aut
1131 1580 1212 1646 alias
1229 1581 1381 1647 videatru·
1402 1579 1501 1646 alieni
1520 1576 1678 1644 molestus
1698 1578 1768 1644 iore

348 1677 500 1760 Quolibet
525 1679 623 1744 etiam
651 1681 798 1745 semestri
820 1679 955 1766 collegio
983 1681 1024 1747 de
1050 1681 1194 1766 acceptis
1222 1679 1373 1748 censibus
1399 1679 1527 1746 fidelem
1557 1687 1590 1743 et
1615 1685 1769 1758 exactam,

346 1800 424 1844 mox
444 1777 546 1844 finitis
567 1778 657 1842 feriis
677 1777 906 1861 nundinarum,
927 1779 1045 1846 reddet
1064 1781 1232 1846 rationem.

432 1908 468 1974 Si
490 1931 568 1974 vero
589 1909 674 1974 hunc
694 1921 866 1976 uxoratum
886 1934 958 1977 esse
979 1911 1161 1998 contigerit,
1184 1919 1253 1976 tum
1273 1912 1432 1978 curatoris
1453 1931 1571 1975 munus
1594 1931 1654 1996 per
1676 1907 1767 1974 alium

349 2006 516 2094 collegam,
538 2010 594 2096 qui
616 2007 786 2096 collegium
805 2011 925 2094 incolit,
946 2011 1111 2098 expediet

310 2167 340 2222 15
972 2159 1047 2244 Θεῷ
1069 2153 1161 2239 δόξα.

440 2363 502 2421 Von
524 2363 664 2436 undam,
685 2365 758 2423 decl
781 2365 857 2422 moll
877 2365 951 2423 noel
968 2364 1194 2442 gleichzeitigen
1213 2365 1312 2423 Hand
1330 2365 1568 2440 accipetraqen:

463 2575 650 2624 STATU'I'UM
669 2575 824 2624 uowrsn
846 2574 1038 2641 comunes,
1060 2575 1160 2624 CUIUS
1181 2576 1218 2623 m
1238 2574 1441 2624 wmu'ro
1462 2573 1669 2622 pataream

926 2690 1059 2739 rfflnulo
1081 2691 1203 2741 FACTA.

435 2838 553 2905 Claves
579 2839 651 2904 fisci
681 2840 747 2903 sint
773 2861 871 2926 penes
897 2841 1119 2927 praepositum
1148 2850 1179 2904 et
1206 2839 1375 2922 seniorem,
1401 2837 1453 2904 vel
1481 2840 1510 2904 si
1537 2840 1647 2904 senior
1674 2838 1770 2904 officio

310 2940 534 3027 20praepositi
555 2939 710 3025 iungitur,
732 2961 832 3026 penes
855 2938 1023 3026 collegam,
1050 2941 1105 3028 qni
1128 2939 1271 3027 sequitur
1295 2939 1461 3003 seniorem.
1505 2937 1541 3003 Si
1563 2937 1670 3024 sigillo
1690 2947 1770 3002 uten-

352 3039 440 3121 dum,
468 3037 502 3102 id
523 3038 581 3104 fiat
602 3039 636 3103 in
658 3040 844 3126 praesentia
871 3041 1049 3126 praepositi
1081 3047 1114 3103 et
1140 3037 1297 3123 clavigeri
1324 3035 1422 3102 modo
1445 3035 1534 3102 dicti.
1578 3037 1770 3118 Qnittsntiae

354 3136 523 3224 sigillatae,
545 3160 681 3223 quarum
703 3139 868 3204 annotatio
888 3140 922 3203 in
943 3137 1022 3204 fisco
1042 3137 1211 3218 habeatur,
1241 3137 1269 3200 si
1291 3157 1311 3200 a
1331 3135 1532 3201 debitoribus
1553 3136 1642 3201 haud
1663 3137 1771 3200 fuerint

354 3236 529 3319 redemtos,
556 3238 745 3324 praeposito
768 3239 915 3325 sequenti
937 3237 1119 3322 tradantur,
1143 3245 1175 3301 ct
1196 3235 1325 3300 omnino
1346 3233 1506 3319 videatur,
1534 3257 1574 3300 ne
1596 3235 1694 3321 sigilli
1714 3233 1770 3300 col-

353 3333 430 3424 legii
452 3335 573 3402 abusus
595 3337 712 3425 aliquis
735 3339 963 3402 committatur.

310 3543 343 3600 25
434 3539 556 3600 Hieran
583 3539 718 3600 scilicaet
746 3539 809 3600 sica
835 3539 899 3600 eine
928 3541 1153 3620 nacdtrd’plicle
1180 3539 1269 3598 Notis
1299 3555 1356 3596 von
1384 3539 1439 3596 der
1464 3537 1563 3596 Hand
1591 3540 1643 3596 dea
1673 3535 1770 3595 Christ,

354 3639 519 3698 Preidisius
541 3660 597 3698 aas
619 3643 683 3698 dem
703 3641 800 3700 Jelre
824 3643 912 3720 1633,
938 3643 1076 3700 darnart
1099 3640 1129 3702 S.
1155 3641 1192 3702 19
1221 3637 1284 3696 eine
1305 3635 1460 3712 Abeolrist
1482 3639 1533 3695 des
1561 3633 1770 3698 iuramentum

354 3735 497 3820 cooptati
523 3735 557 3798 in
579 3733 751 3820 collegium
776 3745 810 3814 (a.
830 3741 878 3812 o.).
919 3741 981 3798 Von
1003 3739 1033 3800 S.
1055 3741 1090 3801 21
1117 3759 1159 3798 aa
1179 3735 1465 3814 Zarotzbesclls'a‘see,
1493 3735 1587 3794 deren
1609 3745 1703 3794 erster
1722 3753 1770 3792 aas

354 3839 418 3896 dem
437 3838 535 3896 Jatre
559 3839 637 3901 1606
659 3837 706 3896 ist.
