3762 6074
356 455 415 518 Μ
842 458 892 508 Die
916 457 1135 521 pbilosophircbo
1154 457 1281 510 rantur.

357 635 476 722 poterit
496 637 617 704 babere
639 640 752 724 gratis,
775 639 815 704 de
838 637 1016 726 quotidem
1040 639 1099 704 sub
1122 663 1179 706 suo
1202 641 1381 706 iuramento
1409 661 1468 726 per
1496 637 1579 704 duos
1600 637 1688 702 viros
1708 637 1767 702 ido
1853 695 1854 716 ,

355 759 443 818 neos,
466 736 583 824 quibus
604 739 664 804 hoc
687 749 823 818 constat,
845 750 901 804 aut
922 763 982 828 per
1004 739 1069 806 alia
1089 738 1282 806 documenta
1303 740 1411 805 facere
1433 747 1590 804 teneatur.

356 907 384 968 9.
407 921 691 971 senmourmae
710 923 755 970 nr
773 923 1011 972 onsunvsurm
1028 923 1200 972 rasuram
1215 923 1374 986 suasuri,
1398 923 1555 972 scmlcnr
1567 923 1615 970 ns
1631 925 1767 972 sruusu
1853 915 1854 980 t

693 1023 739 1070 ur
763 1023 875 1071 nausa
895 1023 931 1070 nr
949 1023 1050 1072 cocu
1070 1023 1242 1071 euosnrrs
1262 1023 1434 1072 mausus.

316 1143 332 1196 5
441 1135 569 1220 Placet,
600 1138 687 1224 quod
718 1138 824 1204 nullus
857 1139 1048 1204 admittatur
1074 1139 1117 1204 ad
1137 1162 1274 1204 examen
1296 1138 1347 1203 vel
1369 1149 1568 1224 temptamen
1588 1163 1650 1228 pro
1671 1139 1768 1226 aliquo

358 1233 463 1318 gradu
491 1238 525 1300 in
552 1237 695 1321 artibus,
727 1239 791 1304 nisi
813 1241 846 1304 in
869 1239 977 1324 aliquo
998 1238 1207 1325 collegiorum
1229 1237 1280 1303 vel
1301 1237 1402 1304 bursa
1424 1238 1610 1326 approbata
1629 1241 1769 1304 continue

355 1336 493 1417 steterit,
530 1336 714 1426 ibidemque
740 1361 813 1404 cum
838 1338 946 1427 aliquo
977 1340 1206 1424 magistrorum
1236 1337 1287 1402 vel
1315 1340 1579 1425 praepositorum
1600 1338 1769 1424 vulgariter

354 1433 400 1496 sic
422 1447 680 1522 nuncupatorum
708 1460 852 1504 mensam
882 1441 1019 1503 tenuerit
1051 1447 1083 1502 et
1114 1449 1222 1504 cetera
1254 1439 1327 1502 iura
1359 1437 1506 1504 bursalia
1535 1437 1668 1520 feeerit,
1707 1439 1770 1502 istis
1853 1505 1854 1530 ᾖ

354 1531 524 1599 dumtaxat
560 1536 699 1622 demptis
734 1538 898 1623 personis,
939 1561 1020 1623 quas
1057 1539 1316 1626 suprascriptum
1360 1545 1534 1618 statutum,
1568 1537 1703 1622 loquens
1735 1537 1769 1602 de
1853 1531 1854 1536 ¹

317 1633 490 1714 mutantia,
526 1656 680 1723 expresse
717 1639 841 1702 eximit.
897 1636 959 1702 Est
991 1639 1076 1702 enim
1112 1648 1199 1702 certo
1226 1638 1360 1717 certius,
1399 1636 1487 1724 quod
1520 1661 1563 1702 ex
1596 1636 1770 1702 huiusmodi

355 1731 448 1816 larga
468 1732 598 1800 lieentia
619 1736 875 1825 tollerantiaque,
897 1735 1051 1800 hacteuus
1075 1734 1235 1818 admissa,
1269 1747 1303 1800 et
1331 1735 1590 1802 dissimulatione
1616 1736 1769 1801 facultatis

355 1834 492 1915 artium,
528 1833 613 1921 quod
648 1835 782 1920 quilibet
814 1835 1106 1922 promovendorum
1128 1836 1170 1901 ad
1188 1835 1427 1922 beneplacitum
1449 1857 1543 1900 suum
1563 1835 1726 1922 prandere
1743 1849 1769 1900 at

355 1954 492 1998 coenare
514 1943 609 1998 extra
630 1934 702 2000 loca
717 1935 901 2022 approbata
914 1946 1051 2022 poterat,
1073 1935 1238 2020 sequitur¹
1261 1933 1445 2017 eorundem,
1468 1937 1674 2021 experientia
1683 1936 1769 2021 (quae

353 2054 461 2096 rerum
488 2035 648 2120 magistra
669 2043 727 2112 est)
750 2044 906 2116 testante,
940 2037 974 2100 in
1000 2034 1106 2100 studio
1138 2043 1171 2098 et
1196 2033 1339 2098 moribus
1360 2056 1424 2099 non
1446 2034 1577 2100 modica
1600 2035 1769 2114 dissolutio,

316 2131 429 2196 uitem
448 2132 649 2220 negligentes
669 2133 905 2221 disputationes
928 2136 1105 2215 serotinae,
1137 2157 1202 2199 non
1228 2132 1437 2198 observantia
1467 2132 1660 2216 latinitatis,
1697 2155 1770 2218 quae
1853 2155 1854 2190 1

351 2232 459 2296 omnia
490 2233 525 2297 in
554 2256 706 2320 magnam
734 2235 952 2300 confusionem
983 2243 1015 2298 et
1042 2233 1231 2298 scandalum
1253 2230 1418 2296 faotdtatis
1445 2233 1563 2298 artium
1587 2241 1726 2319 vergunt
1744 2243 1770 2296 et

353 2331 646 2416 promovendorum
666 2332 915 2416 ldissolutionem
926 2383 935 2416 ,
976 2333 1074 2398 latam
1105 2331 1337 2418 negligentiam
1367 2342 1398 2396 et
1428 2333 1562 2398 minime
1589 2334 1770 2420 profectum.

352 2427 472 2494 Volens
492 2433 602 2518 itaque
622 2432 760 2497 facultas
782 2435 899 2498 artium
921 2431 996 2498 huic
1016 2436 1129 2514 errori,
1161 2441 1193 2496 et
1213 2454 1278 2496 non
1300 2433 1470 2514 immerito,
1495 2455 1706 2514 succurrere,
1727 2456 1770 2497 eu·

356 2530 511 2615 piensque
534 2554 663 2597 suorum
685 2532 881 2598 scholarium
902 2532 1034 2597 utilitati
1061 2554 1121 2618 pro
1150 2530 1249 2596 studii
1275 2533 1473 2596 incremento
1509 2532 1702 2618 providero,
1734 2533 1770 2595 ita

312 2627 441 2713 20quod
462 2629 597 2717 quilibet
618 2630 913 2718 promovendorum
933 2634 966 2697 iu
988 2630 1112 2696 artibus
1134 2631 1240 2716 magis
1261 2653 1358 2717 quam
1381 2631 1471 2718 prius
1492 2632 1526 2696 in
1549 2631 1680 2697 actibus
1691 2631 1769 2695 sebo

355 2725 479 2792 lastieis
501 2739 533 2794 et
553 2727 648 2794 bonis
669 2730 813 2796 moribus
841 2754 911 2796 sese
940 2732 1048 2798 valeat
1077 2752 1230 2796 exercere
1263 2739 1294 2794 et
1328 2727 1486 2816 prolicere
1521 2741 1592 2814 etc,
1628 2729 1770 2810 decrevit
1853 2717 1854 2728 ἵ

354 2824 441 2912 quod
462 2826 503 2894 de
519 2839 624 2895 cetero
646 2832 903 2918 suprascriptum
925 2842 1082 2896 statutum
1104 2827 1144 2894 de
1166 2830 1285 2895 stantia
1307 2837 1339 2894 et
1360 2851 1473 2894 mensa
1495 2839 1554 2894 etc.
1582 2828 1769 2895 inviolabili·

354 2935 402 2990 ter
423 2925 465 2991 ab
488 2951 679 3017 unoquoque
695 2930 987 3017 promovendorum
1009 2933 1042 2996 in
1065 2929 1190 2996 artibus
1212 2927 1309 2994 debet
1336 2927 1513 2994 observari
1554 2925 1607 3016 [34
1616 2926 1645 3015 b]
1669 2929 1712 2994 Et
1733 2951 1769 2992 se

349 3047 405 3088 cus
427 3026 598 3111 facientes,
642 3029 765 3094 seilicet
799 3032 951 3096 stantiam
973 3040 1004 3096 ct
1028 3053 1172 3094 mensam
1202 3028 1298 3094 modo
1321 3028 1489 3115 praedicto
1520 3051 1587 3093 non
1615 3028 1770 3106 babentes,
1853 3095 1854 3114 ,

310 3133 410 3190 25suo
433 3135 579 3214 tempore
601 3152 661 3216 pro
682 3129 790 3218 aliquo
810 3129 916 3214 gradu
943 3133 975 3194 in
1003 3129 1129 3194 artibus
1161 3150 1365 3216 nequaquam
1396 3126 1516 3192 debent
1546 3127 1694 3212 admitti,
1723 3151 1770 3192 nec
1853 3167 1854 3210 ,

351 3248 422 3290 cum
443 3229 489 3292 eis
509 3229 722 3314 quovismodo
745 3252 843 3315 super
864 3229 921 3294 tali
944 3229 1079 3311 defectu,
1100 3228 1223 3293 scilieet
1244 3251 1309 3294 non
1330 3227 1450 3292 stantia
1463 3237 1496 3292 et
1509 3250 1634 3311 mensa,
1650 3228 1769 3315 dispen·
1853 3271 1854 3300 r

353 3327 429 3390 sari.
470 3325 514 3391 Et
535 3337 570 3392 ut
590 3327 630 3392 de
652 3330 840 3415 praemissis
862 3328 973 3394 debita
992 3329 1049 3392 liat
1071 3329 1238 3409 executio,
1274 3326 1371 3392 debet
1396 3336 1544 3413 tempore
1566 3326 1769 3414 dispensatio
1853 3345 1854 3366 ¹

352 3425 402 3489 nis
424 3425 560 3512 quilibet
581 3428 820 3514 promovendus
843 3451 943 3516 super
966 3427 1150 3493 huiusmodi
1172 3428 1293 3492 stantia
1314 3437 1347 3490 et
1368 3447 1496 3506 mensa,
1524 3427 1560 3491 in
1581 3425 1692 3515 aliquo
1708 3426 1769 3492 loco
1853 3459 1854 3494 t

351 3526 534 3612 approbato
555 3549 614 3613 per
636 3549 707 3592 eum
729 3526 877 3609 habitis‘l,
899 3529 1151 3614 recognitionem
1172 3527 1222 3591 sui
1244 3526 1449 3590 conventoris
1472 3535 1528 3590 eut
1549 3525 1685 3590 alterius
1704 3524 1768 3590 fide·

309 3625 441 3709 aodigni
465 3627 614 3710 magistri
634 3625 759 3692 decano
778 3626 942 3691 facultatis
962 3636 1186 3714 praesentare,
1219 3627 1274 3713 qui
1302 3626 1401 3690 etiam
1427 3624 1612 3690 huiusmodi
1634 3625 1769 3711 recogni-
1853 3611 1854 3682 l

353 3727 471 3789 tionem
507 3725 548 3790 ab
579 3727 660 3812 ipsis
688 3726 919 3812 promovendis
945 3739 1092 3814 tempore
1120 3725 1372 3812 dispensationis
1400 3723 1460 3789 sub
1489 3747 1547 3790 suo
1576 3723 1771 3790 iuramento³

352 3822 517 3909 postulare
539 3825 635 3890 debet
656 3849 727 3891 ease
748 3827 936 3907 asstrictus,
981 3837 1012 3892 et
1039 3835 1114 3890 tunc
1140 3826 1198 3890 toti
1225 3823 1370 3888 factdtati
1400 3823 1508 3910 palam
1537 3824 1713 3906 exhibere;
1744 3833 1770 3886 ct
1853 3865 1854 3870 κ

352 3922 415 3987 nisi
437 3925 509 4008 quis
531 3923 713 3990 huiusmodi
735 3926 989 4010 recognitionem
1012 3949 1070 3990 suo
1098 3935 1243 4011 tempore
1272 3921 1474 4005 exhibuerit,
1518 3924 1561 3988 sit
1591 3925 1666 4012 ipso
1694 3925 1769 3988 facto
1853 3951 1854 3954 ¹

352 4023 535 4109 impeditus.
574 4024 610 4089 Si
637 4037 743 4091 autem
766 4023 897 4113 aliquod
919 4027 1122 4113 suppositum
1145 4023 1309 4088 facultatis
1327 4022 1433 4105 fuerit,
1456 4021 1543 4110 quod
1566 4045 1699 4088 causam
1721 4023 1767 4086 ha·

310 4120 430 4186 'atbeat
451 4124 687 4209 rationabilem,
710 4149 767 4191 cur
789 4127 971 4213 praemissa
993 4124 1033 4189 de
1056 4125 1175 4189 stantia
1197 4133 1228 4186 et
1250 4144 1362 4186 mensa
1388 4120 1521 4187 comode
1552 4145 1686 4188 servare
1714 4143 1767 4186 non

351 4220 475 4304 valeat,
509 4223 571 4288 boc
601 4224 697 4290 debet
730 4227 764 4290 in
799 4225 960 4312 principio
994 4223 1131 4288 alieuius
1164 4221 1351 4286 mutationis
1385 4220 1512 4287 deferre
1546 4221 1591 4288 ad
1622 4221 1766 4287 decanmn
1853 4211 1854 4230 ¹

351 4319 514 4386 facultatis
537 4326 664 4406 artium,
692 4327 746 4411 qui
771 4347 844 4389 oum
875 4322 979 4388 tribus
1010 4323 1072 4387 sibi
1102 4321 1327 4408 condeputatis
1356 4323 1523 4406 magistris
1551 4319 1769 4388 executoribus
1853 4339 1854 4412 j

353 4419 491 4485 fideliter
511 4443 640 4488 causam
663 4426 785 4506 audiat,
807 4446 890 4509 quae
912 4423 940 4486 si
963 4445 1082 4507 urgens
1105 4431 1137 4486 et
1158 4419 1361 4486 rationabilis
1391 4420 1505 4502 fuerit,
1536 4423 1657 4508 poterit
1677 4417 1767 4484 indul·
1853 4415 1854 4420 ’

353 4543 440 4608 gere,
462 4531 497 4586 ut
520 4524 670 4586 stantiam
692 4535 724 4587 et
745 4545 889 4588 mensam
912 4521 991 4586 alibi
1016 4543 1113 4608 quarn
1136 4522 1169 4586 in
1191 4520 1261 4584 loeo
1279 4517 1597 4605 approbatoteneat3
1619 4542 1659 4586 ea
1674 4529 1766 4584 autem
1853 4511 1854 4520 ¹

313 4622 485 4686 rominime
514 4621 672 4685 existente
699 4621 903 4703 rationabili,
937 4633 1003 4687 tam
1029 4623 1101 4708 ipse
1127 4621 1269 4686 decanus
1291 4640 1388 4706 quam
1409 4620 1560 4706 magistri
1590 4629 1765 4685 executores
1853 4611 1854 4664 l

353 4721 412 4788 sub
434 4743 540 4808 poena
560 4720 695 4807 periurii
719 4722 888 4808 indulgere
908 4745 972 4788 non
993 4720 1120 4786 debent
1164 4721 1305 4785 Possunt
1326 4729 1445 4799 tamen,
1468 4721 1495 4784 si
1517 4720 1565 4785 eis
1587 4721 1693 4786 visum
1711 4719 1766 4782 fue-

435 4977 445 5028 l
464 4969 737 5044 Uebcrgescbrieben
755 4977 892 5040 smair.

434 5055 653 5115 2Gesolrriebeu
671 5055 708 5108 iat
726 5055 834 5109 babitu

436 5147 452 5196 3
469 5142 524 5198 Am
543 5141 652 5197 Raude:
673 5139 814 5210 Oblipotio
834 5141 980 5194 irrrarueuti
997 5139 1106 5194 arablata
1116 5139 1224 5192 decreto
1235 5133 1389 5206 famltats'a
1401 5137 1475 5190 1520.
