3794 6060
630 405 681 458 Die
698 403 880 459 Mensem
895 415 957 452 vom
974 401 1057 455 taum
1076 403 1148 451 lete.
1562 395 1596 458 11

167 587 391 672 mandamus,
422 587 510 675 quod
529 583 678 674 magistri
707 587 742 652 in
770 583 884 651 eadem
905 581 1099 650 baccaleriie
1119 579 1283 646 facultatis
1305 597 1398 660 suae,
1421 576 1463 645 ad
1483 574 1600 644 elbora

167 690 366 776 promoveri
387 686 585 754 merentibus
607 697 640 752 et
660 685 935 766 desiderantibus,
958 684 1022 752 sint
1041 684 1076 748 in
1096 679 1221 748 actibus
1243 678 1398 768 publicis,
1428 675 1471 744 ad
1491 675 1599 750 huius·

165 787 259 858 modi
290 788 516 877 promotiones
543 786 752 868 necessariis,
781 783 931 852 benevoli
952 792 984 848 et
1005 783 1164 864 favorosi,
1193 801 1253 846 nec
1274 780 1308 844 in
1330 777 1393 847 hiis
1413 773 1600 845 muneribus

166 897 225 954 aut
245 889 403 976 propinis
424 886 644 974 singularibus
669 884 727 952 sed
747 886 860 973 pocius
889 883 933 952 ad
957 883 1019 953 hoc
1039 880 1223 964 intendant,
1252 879 1340 968 quod
1366 878 1480 948 messis
1500 875 1601 945 multa

165 987 347 1075 operarios
369 985 487 1055 mutos
510 987 654 1074 requirit
1625 985 1642 1044 5

250 1085 340 1154 Item
361 1085 448 1171 quod
469 1085 556 1152 idem
571 1086 730 1172 magistri,
750 1093 922 1171 postquem
935 1082 1113 1151 baccalarii
1127 1084 1166 1150 in
1183 1080 1297 1149 eadem
1313 1079 1356 1146 ad
1376 1079 1600 1166 magisterium

164 1193 244 1252 suut
270 1185 449 1273 assumpti,
471 1186 590 1273 quique
611 1195 707 1252 antea
727 1207 786 1271 per
807 1182 996 1249 decennium
1017 1185 1140 1249 arcium
1160 1179 1342 1248 liberalium
1364 1177 1550 1268 magistris
1587 1213 1598 1226 ·

163 1294 255 1368 runt,
279 1287 395 1350 statim
412 1293 487 1372 poet
504 1305 647 1350 mensem
659 1285 849 1372 proximum
870 1284 1109 1370 promocionem
1124 1284 1132 1324 ¹
1163 1305 1273 1348 eornm
1289 1279 1420 1346 eosdem
1439 1279 1483 1349 ad
1500 1277 1600 1348 facul·

163 1385 245 1452 tatis
265 1407 349 1453 suae
365 1384 544 1466 consilium,
562 1383 734 1450 dummodo
751 1383 785 1450 in
800 1381 913 1448 eadem
930 1381 1080 1450 laborare
1097 1381 1266 1464 voluerint,
1283 1379 1454 1448 admittere
1470 1387 1599 1446 tenean-

164 1496 230 1550 tur.
279 1483 366 1552 Nam
388 1485 422 1550 in
445 1482 511 1550 illie
532 1485 637 1548 maior
663 1483 872 1569 experiencia
891 1505 999 1548 rerum
1022 1493 1054 1550 et
1079 1482 1227 1549 doctrina
1248 1482 1455 1550 scientiarum
1476 1481 1642 1568 paritario

166 1606 245 1650 cum
270 1606 355 1652 euno
378 1581 513 1650 coneilio
536 1591 796 1669 praesumuntur.

252 1684 340 1752 Item
359 1681 447 1768 qnod
467 1683 616 1769 magistri
633 1681 798 1748 facultatis
816 1681 982 1768 praefatae
999 1682 1174 1769 magistros
1193 1683 1226 1746 in
1244 1681 1317 1750 aliis
1333 1678 1600 1748 universitatibus

164 1793 343 1872 promotos
364 1790 396 1848 et
415 1781 469 1848 hie
489 1803 548 1868 per
568 1793 634 1848 tres
654 1803 783 1848 menses
803 1782 969 1846 continuos
990 1783 1060 1848 vite
1080 1791 1112 1848 et
1131 1780 1276 1848 moribus
1294 1779 1448 1869 probatos
1470 1794 1502 1848 et
1521 1781 1599 1846 reei-

165 1883 250 1950 dere
272 1882 421 1950 volentes
441 1882 485 1947 ad
504 1881 675 1950 consilium
691 1903 802 1948 eorum
823 1880 995 1949 suminam
1008 1881 1176 1968 locumque
1196 1883 1278 1970 ipsis
1299 1881 1391 1950 iuxta
1406 1880 1528 1951 senium
1551 1882 1600 1946 sui

167 1981 365 2052 doctoratus
392 1981 546 2069 deputent
573 1991 606 2046 et
626 1982 809 2068 assignent,
838 1981 937 2046 salvis
959 1990 1067 2048 umen
1088 1982 1344 2068 praerogativis,
1371 1983 1406 2046 in
1428 1980 1543 2070 quibus
1564 1982 1641 2048 ints

167 2081 234 2150 hae
258 2082 473 2148 universitate
495 2083 636 2168 promoti
663 2081 844 2148 coneisumt
864 2080 905 2147 de
926 2083 1105 2168 praesenti,
1134 2080 1251 2167 quibus
1274 2083 1309 2146 in
1330 2081 1392 2149 hoc
1412 2103 1478 2146 non
1498 2079 1599 2148 inten-

171 2180 285 2247 dimus
307 2181 474 2266 derogare.

256 2281 341 2346 Item
370 2301 442 2345 cnm
477 2280 512 2346 in
540 2279 686 2346 ecelesiis
722 2279 963 2346 cathedralibus
995 2291 1028 2346 et
1060 2281 1238 2367 collegiatis
1268 2279 1420 2348 nerium²
1451 2280 1601 2366 magistri

168 2381 341 2448 facultatis
356 2377 537 2466 theologiae
555 2379 598 2446 ad
613 2379 837 2446 seminandum
853 2379 989 2446 verbnm
1002 2380 1055 2446 dei
1073 2389 1105 2446 et
1119 2379 1268 2448 indoctos
1284 2378 1475 2464 docendum,
1487 2401 1600 2450 verum

170 2483 279 2548 eciem
301 2479 345 2546 ad
366 2481 540 2546 tuicionem
563 2489 595 2546 et
616 2480 895 2546 conservationem
908 2478 1106 2564 libertanum,
1127 2479 1285 2546 bonorum
1307 2489 1340 2546 ct
1360 2501 1468 2546 rerum
1484 2501 1596 2547 aarum
1608 2489 1643 2546 22

172 2578 250 2646 dem
271 2589 304 2646 et
326 2578 369 2644 ad
390 2580 526 2646 iniurias
550 2581 620 2646 iure
648 2579 888 2667 propulsandas
914 2581 1090 2648 necessarii
1116 2582 1181 2646 sint
1208 2580 1410 2646 decretorum
1437 2579 1599 2662 doctores,

171 2689 208 2745 ut
230 2683 265 2746 in
286 2681 357 2744 vita
377 2679 629 2766 contemplativa
646 2687 678 2745 et
695 2680 804 2744 activa
820 2679 997 2746 subsistere
1014 2679 1145 2746 valeant
1161 2703 1221 2768 per
1233 2679 1469 2748 admixciouem
1490 2679 1599 2747 docto·

173 2802 248 2846 rum
268 2779 505 2866 praefatorum:
526 2777 650 2844 idcirco
672 2777 820 2844 volumus
841 2788 873 2844 et
897 2780 1078 2862 statuimus,
1097 2779 1184 2866 quod
1204 2782 1239 2846 in
1259 2781 1404 2848 ecclesiis
1425 2778 1601 2846 Misenensi

174 2889 207 2944 et
219 2877 495 2964 Mereeburgensi,
516 2877 680 2962 inquibus
701 2899 761 2966 pro
782 2879 993 2944 universitate
1014 2888 1125 2946 vestra
1145 2879 1352 2968 praebendae
1374 2889 1447 2948 sunt
1467 2880 1599 2966 deputa·

173 2987 228 3044 tae
249 2987 282 3044 et
300 2978 545 3064 incorporatae,
572 2977 721 3042 decetero
744 2979 852 3065 prima
872 2988 1028 3044 vacanua
1055 2987 1111 3045 aut
1136 3002 1258 3046 vacans
1284 2982 1319 3046 in
1345 2980 1483 3048 ecelesia
1501 2979 1640 3046 Mire-25

175 3079 269 3144 nensi
288 3077 428 3160 iurietis,
449 3078 484 3141 in
504 3075 642 3142 ecclesia
662 3099 739 3144 vero
757 3077 1021 3163 Merseburgensi
1042 3080 1149 3164 prima
1169 3079 1329 3166 theologis
1351 3090 1383 3146 et
1404 3081 1452 3146 sic
1473 3102 1598 3167 peram·

176 3177 261 3266 plius
284 3199 352 3242 una
372 3199 431 3263 pro
454 3175 606 3262 theologo
627 3176 693 3244 alia
713 3198 790 3243 vero
811 3199 871 3262 pro
893 3177 1009 3242 iurista
1031 3179 1066 3242 in
1082 3177 1226 3264 qualibet
1238 3181 1375 3246 iatarm
1391 3179 1600 3246 ecclesiarum

176 3300 246 3344 esee
268 3286 303 3342 et
324 3275 439 3342 cedere
462 3275 574 3358 debet,
599 3275 748 3361 quodque
775 3274 873 3350 iidem
894 3275 1058 3360 doctores,
1085 3278 1289 3364 praebendas
1310 3278 1494 3347 huiusmodi
1514 3301 1599 3346 aese-

177 3379 256 3459 cuti,
285 3373 515 3440 nichilominus
541 3376 576 3439 in
603 3374 757 3440 facultate
786 3398 844 3440 sua
865 3385 994 3440 vestrae
1016 3378 1253 3460 universitatis,
1286 3387 1382 3466 prout
1404 3377 1599 3464 obligantur,

176 3475 329 3542 laborare
351 3472 471 3540 debent
491 3470 550 3538 sub
571 3495 679 3560 poena
698 3477 897 3561 privacionis
919 3473 1103 3541 earundem.
1607 3487 1642 3549 ab

258 3577 343 3642 Item
365 3597 438 3640 cum
459 3595 517 3659 per
538 3575 745 3660 repetitiones
773 3585 806 3640 et
829 3575 1063 3662 disputationes
1089 3575 1238 3662 publicae
1263 3577 1459 3663 propensius
1477 3576 1600 3644 utilitas

177 3677 359 3762 exquiritur
386 3683 418 3740 et
445 3681 625 3756 reseratur,
659 3675 919 3760 exercitaturque
945 3673 1063 3740 idonea
1090 3676 1239 3742 iuventus
1270 3674 1314 3740 ad
1338 3675 1600 3764 investigandum

177 3774 304 3863 plenius
326 3783 358 3838 ct
378 3770 625 3860 proponendum
639 3772 803 3858 audacius,
826 3775 913 3860 quod
925 3774 1096 3842 iuvenilem
1115 3774 1225 3842 titillat
1243 3785 1391 3860 aetatem,
1415 3775 1600 3864 clareatque

176 3873 430 3940 illuminatorum
451 3872 595 3939 virorum
617 3879 707 3938 tauto
736 3875 934 3962 peramplius
959 3874 1109 3942 doctrina
1129 3874 1333 3963 praelucida,
1361 3885 1481 3962 quanto
1503 3877 1600 3944 fuerit

180 3973 343 4060 copiosius
363 3971 478 4036 effusa:
505 3968 579 4035 ideo
601 3973 834 4060 praecipimus,
857 3977 1028 4041 statuimus
1049 3986 1082 4041 et
1102 3975 1310 4058 mandamus,
1332 3985 1490 4062 quatenus
1512 3979 1642 4064 quis-as

179 4095 239 4158 que
256 4071 426 4137 doctorum
441 4069 680 4138 sallariatorum
696 4072 886 4140 facultatum
904 4072 1115 4161 theologicae,
1131 4097 1290 4142 munuum
1302 4085 1334 4140 et
1347 4075 1526 4144 medicinae
1543 4077 1599 4142 ad-

179 4175 284 4238 minus
307 4169 404 4238 semel
428 4171 462 4234 in
483 4191 567 4238 anuo
593 4173 628 4236 in
647 4194 706 4238 sua
725 4172 880 4238 facrrltatc
907 4176 1127 4260 quaestionem
1155 4185 1213 4240 aut
1241 4175 1434 4242 decretalem
1459 4176 1600 4263 aliquam

178 4406 225 4462 rel.
243 4408 335 4473 deest,
353 4403 398 4460 die
413 4403 488 4460 Seite
503 4403 541 4457 iet
555 4402 635 4470 nicht
653 4421 725 4476 gana
742 4404 873 4462 hernnter
889 4405 1075 4462 beschrieben.
1109 4405 1162 4462 stit
1178 4407 1228 4463 der
1239 4407 1430 4464 Reformation
1445 4409 1532 4466 selbet
1554 4410 1600 4467 be·

180 4490 259 4562 ginnt
276 4489 352 4546 ἀιιιιι
368 4489 413 4546 ein
428 4505 514 4546 naues
531 4488 610 4544 Blatt
624 4489 704 4560 (22¹),
719 4491 770 4547 dae
786 4489 982 4562 urspriinglieh
998 4489 1077 4546 nicht
1094 4491 1146 4546 mit
1159 4491 1221 4548 dem
1234 4492 1477 4566 voraufgaheuden
1494 4511 1600 4554 ansem-

179 4573 316 4646 menbing.
350 4571 593 4632 Wahrseheinlieh
613 4575 688 4630 ward
705 4579 797 4632 rueret
813 4593 868 4630 von
885 4576 934 4632 der
953 4573 1144 4631 Reformatinn
1161 4575 1245 4632 allein
1262 4576 1408 4634 Abecbrift
1426 4597 1600 4652 genommen,

179 4657 250 4712 daun
268 4657 343 4712 ward
360 4674 519 4712 zusammen
536 4658 587 4712 mit
597 4658 652 4712 den
670 4657 785 4731 iibrigen
801 4658 875 4716 diese
887 4658 1109 4732 Angelegenheit
1121 4659 1308 4716 betretfeuden
1321 4661 1513 4718 Documenten
1526 4663 1598 4719 anch

180 4741 222 4796 die
243 4739 405 4812 Eiuleitung
426 4739 648 4813 abgeechrieben.
684 4743 726 4798 Irn
749 4743 938 4814 Augenbliolr‚
957 4743 996 4798 als
1009 4743 1075 4813 jeus
1091 4743 1247 4800 Raudnotiz
1265 4745 1318 4800 auf
1332 4745 1373 4801 Bl.
1394 4748 1440 4801 21δ
1458 4747 1598 4818 entstand,

180 4841 268 4881 meu
287 4823 332 4880 die
350 4823 404 4879 Bll
423 4827 453 4878 21
472 4825 529 4880 und
541 4831 573 4881 22
592 4825 670 4882 nicht
685 4827 861 4883 baisammeu

246 4923 256 4972 t
276 4915 331 4972 Die
345 4915 468 4989 Eudung
483 4917 531 4974 dee
549 4919 662 4975 Wortee
680 4919 718 4974 ist
735 4937 766 4976 eo
784 4919 944 4976 undcntlich
960 4917 1146 4992 geschrieben,
1163 4921 1226 4976 dass
1243 4919 1303 4986 sich
1321 4921 1399 4976 nicht
1417 4921 1468 4975 mit
1479 4921 1599 4979 (ierim-

183 4999 239 5057 hait
253 5000 432 5058 entecheidm
449 5001 523 5073 litent,
540 5003 576 5059 ob
589 5006 797 5076 proraacfonem
813 5005 879 5060 oder
892 5006 1072 5078 praescribas
1089 5023 1124 5061 an
1141 5006 1216 5060 nam
1232 5003 1279 5060 eei.

243 5093 1365 5159 smmumrsamnnwmtoeuaummsanemmmtsimamh
1385 5101 1562 5168 tufini.
