3758 6072
613 431 747 492 Euenore
767 455 828 492 vom
844 441 928 494 Jsbre
948 441 1018 494 1444.

490 758 525 810 11.
548 760 641 814 ZWEI
656 761 856 816 EN'I'WURFE
873 763 953 816 VOM
969 765 1085 820 JAHRE
1107 766 1178 820 l444.

688 915 807 966 llrster
829 916 991 969 Entwurf.

331 1058 551 1110 monneto
572 1061 609 1110 nr
629 1061 836 1114 rscmrsra
855 1064 986 1115 morou
1005 1066 1100 1116 suno
1121 1068 1200 1117 nro.
1221 1051 1347 1116 ruunt

665 1177 858 1268 Stargardia
922 1181 1098 1249 Saxonum.

663 1279 779 1346 Pirner
919 1280 1125 1350 Polonorum.

663 1377 841 1448 Msrborcb
916 1380 1132 1451 Bavarorum.

664 1479 852 1548 Fortunae¹
915 1481 1154 1548 Misenensium.

472 1325 631 1415 Deputati

174 1611 384 1678 Reformacio
420 1611 465 1678 ad
498 1633 653 1699 praesens
685 1615 871 1680 neccssaria
900 1625 950 1681 est
979 1617 1013 1681 in
1037 1613 1207 1698 facultate,
1241 1625 1278 1682 ut
1304 1615 1409 1681 solum
1437 1613 1529 1699 digni

93 1720 350 1799 promoveantur
376 1722 409 1777 ct
436 1721 473 1778 ut
505 1711 692 1795 abusiones,
729 1713 757 1778 si
778 1712 907 1800 aliquae
927 1715 1050 1799 forent,
1084 1725 1319 1782 removeantur.
1363 1712 1429 1780 Sed
1455 1712 1532 1801 quia

91 1812 226 1898 grandis
242 1813 381 1899 suspitio
401 1812 435 1876 in
455 1811 518 1876 bac
532 1834 569 1877 re
590 1834 611 1877 a
631 1812 740 1878 multis
761 1811 908 1897 habetur,
929 1813 1082 1880 videlicet
1101 1816 1186 1881 forte
1206 1817 1312 1880 minus
1327 1816 1411 1880 iuste
1431 1818 1571 1901 quamlo

92 1911 132 1977 ob
166 1911 298 1978 lucrum
326 1921 359 1977 et
385 1911 563 1999 profectum
590 1935 682 1978 suum
713 1911 823 2002 plures
850 1916 956 1980 minus
987 1913 1089 1980 abiles
1117 1937 1157 1980 ac
1182 1916 1287 1980 minus
1308 1913 1454 2002 ydoneos
1473 1932 1532 1997 per

93 2033 126 2076 se
144 2019 201 2076 aut
212 2034 276 2100 per
296 2011 376 2078 alios
398 2011 442 2077 ad
461 2010 713 2078 submittendum
735 2033 770 2078 se
790 2014 995 2080 examinibus
1015 2013 1135 2098 induci,
1156 2013 1292 2101 ideoque
1313 2011 1471 2099 congruit,
1484 2008 1532 2074 ibi

91 2111 195 2198 primo
222 2111 296 2176 ficri
324 2111 586 2178 reformationem
614 2119 778 2200 tamquam
797 2113 831 2177 in
853 2114 977 2200 capite,
1009 2122 1046 2179 ut
1068 2115 1210 2202 suspicio
1237 2115 1313 2180 talis
1339 2112 1471 2180 tollatur
1499 2117 1532 2176 et

92 2210 208 2276 deinde
238 2210 284 2276 ad
306 2210 371 2277 alia
392 2209 599 2298 procedatur.

176 2335 204 2396 l.
226 2327 343 2393 Placet
370 2350 447 2415 ergo
471 2327 594 2415 primo,
627 2327 714 2416 quod
742 2329 775 2394 in
802 2337 898 2394 antea
925 2327 1032 2395 nullus
1055 2331 1301 2418 magistrorum,
1331 2351 1436 2418 neque
1455 2329 1571 2415 ipselt

92 2450 194 2513 neque
212 2425 398 2515 paralium,
422 2425 543 2493 directe
556 2427 789 2512 autiudirecte,
810 2426 975 2495 verbovel
996 2428 1082 2496 facto
1104 2428 1157 2496 vel
1179 2431 1294 2519 quovis
1315 2429 1410 2496 modo
1431 2429 1529 2494 instet

80 2541 150 2616 'pro
168 2527 333 2594 decanatu
351 2528 390 2614 in¹
408 2526 560 2594 facultate
582 2529 714 2594 muium.
736 2526 802 2594 Sed
821 2529 979 2614 magistri,
1001 2551 1045 2594 ex
1062 2552 1126 2615 quo
1148 2532 1191 2596 sit
1212 2530 1288 2596 talis
1310 2527 1433 2611 electio,
1453 2549 1527 2594 cum

93 2629 301 2694 invocatione
332 2627 464 2714 spiritus
494 2629 599 2692 sancti
629 2628 694 2693 sint
721 2628 846 2694 astricti
873 2626 916 2692 ad
938 2625 1122 2712 eligendum
1143 2629 1203 2696 sub
1226 2630 1293 2696 suis
1316 2629 1528 2696 conscienciis

93 2728 175 2796 hunc
195 2729 233 2792 in
257 2725 423 2809 decanum,
445 2727 501 2815 qui
521 2727 604 2816 ipsis
623 2726 752 2794 videtu
770 2727 877 2814 magis
897 2725 1045 2814 ydoneus
1071 2727 1115 2794 ad
1136 2727 1377 2817 expediendum
1398 2727 1530 2816 singula

93 2829 125 2894 in
157 2825 319 2892 facultate
350 2827 554 2892 occurrentia
593 2849 653 2914 pro
687 2827 809 2894 honore
842 2824 1022 2912 facultatis;
1055 2839 1087 2894 et
1130 2829 1218 2917 quod
1251 2827 1357 2895 nullus
1380 2852 1441 2917 pro
1465 2828 1571 2895 alioao

94 2929 199 2993 instet„
244 2924 302 2992 Ad
328 2924 409 2990 haec
429 2935 599 2992 teneantur
627 2925 687 2991 snb
720 2947 826 3013 poena
846 2926 982 3013 periurii
1004 2936 1036 2994 et
1057 2929 1279 3017 suspensionis
1301 2950 1322 2993 a
1342 2929 1477 2995 consilio
1499 2936 1532 2993 et

95 3026 310 3095 emolimentis
330 3023 475 3091 eiusdem
494 3024 660 3092 facultatis
682 3024 725 3090 ad
745 3024 943 3109 decennium,
964 3049 1062 3114 quam
1083 3049 1221 3114 poenam
1243 3029 1479 3096 contrafacicns
1500 3036 1533 3096 et

95 3151 151 3213 pro
175 3126 342 3194 decanatu
360 3123 514 3191 laborans
535 3126 672 3190 incurrit
691 3125 764 3212 ipso
786 3124 881 3191 facto.

174 3249 204 3310 2.
224 3243 327 3325 Item,
350 3252 386 3308 ut
405 3241 480 3307 talia
502 3243 655 3329 suspicio,
678 3262 771 3327 quae,
790 3251 826 3307 ut
847 3242 1076 3330 praemittitur,
1098 3240 1139 3307 de
1162 3241 1285 3310 decano
1298 3242 1321 3324 ²,
1344 3242 1450 3328 magis
1471 3240 1530 3308 tol·

96 3343 178 3410 latur
211 3351 314 3407 etue
348 3341 442 3406 detur
472 3339 534 3406 sibi
562 3340 690 3406 occasio
713 3339 852 3429 aliquem
875 3340 1030 3406 inabilem
1051 3340 1255 3428 impellendi,
1286 3341 1410 3428 placet,
1443 3339 1572 3430 qu0d25

97 3444 257 3526 decanus,
287 3441 343 3529 qni
362 3443 396 3506 in
417 3449 514 3506 antea
532 3439 630 3505 fuerit
651 3438 789 3522 electus,
822 3439 863 3504 de
891 3439 998 3506 officio
1027 3439 1203 3506 decanatus
1230 3439 1391 3508 duntaxat
1419 3459 1530 3508 xxxvl

46 3539 49 3549 ⁴
97 3544 235 3610 florenos
258 3543 404 3607 meuses
440 3540 475 3605 in
504 3561 582 3606 auro
614 3563 674 3628 pro
702 3549 848 3628 tempore
883 3539 1135 3606 circumcisionis
1167 3540 1328 3622 obtineat,
1360 3543 1389 3607 si
1417 3551 1530 3628 pastus

96 3640 394 3731 promovendorum
425 3639 469 3706 ad
504 3648 629 3706 tantam
662 3663 821 3706 summam
850 3662 885 3705 se
926 3638 1102 3724 extendat3
1136 3640 1366 3728 residuumque
1403 3649 1531 3729 partem

96 3745 262 3830 pecuniae,
286 3742 400 3826 siqua
420 3739 533 3822 fuerit,
555 3761 628 3804 cum
649 3738 825 3827 diligencia
854 3739 916 3808 sub
938 3762 997 3806 suo
1019 3741 1201 3808 iuramento
1222 3739 1354 3827 colligat
1372 3749 1405 3807 et
1423 3739 1465 3806 de
1491 3763 1531 3807 ea

96 3854 241 3932 tempore
264 3849 435 3928 computus
455 3836 603 3904 facultmi
623 3840 782 3906 rationem
806 3840 914 3906 faciat.
1539 3851 1574 3908 30

217 3963 276 4022 Am
303 3962 431 4021 Ηαηάιε
458 3957 487 4022 si
507 3978 572 4022 non
593 3960 735 4036 (admticb
756 3967 870 4044 pastus
898 3955 942 4023 ad
962 3966 1087 4024 tanmm
1114 3979 1272 4026 summam
1294 3978 1330 4022 se
1350 3956 1528 4042 extendat),

138 4059 327 4128 contribuat
345 4056 492 4123 facultas.
511 4113 516 4124 .

176 4183 205 4246 3.
230 4175 332 4258 Item,
364 4182 401 4240 ut
434 4183 581 4240 servetur
613 4173 764 4241 amicicia
797 4174 901 4239 maior
936 4182 969 4239 et
1003 4174 1180 4241 concordia
1200 4175 1285 4239 inter
1305 4177 1478 4262 magistros
1499 4187 1533 4242 et

99 4276 182 4366 quod
209 4276 305 4342 rixae
326 4297 398 4339 curn
421 4272 613 4340 rancoribus
634 4273 674 4339 de
697 4272 804 4339 medio
821 4273 985 4357 tollantur,
1007 4296 1092 4362 quae
1112 4273 1273 4341 interdum
1294 4285 1529 4341 consueverunt

98 4379 173 4443 oriri
193 4399 255 4465 per
277 4373 463 4440 electionem
483 4371 667 4462 publicam,
697 4373 822 4461 placet,
846 4383 883 4439 ut
903 4371 944 4437 de
969 4381 1075 4439 cetero
1097 4373 1238 4440 decanus
1260 4396 1319 4461 per
1340 4377 1569 4442 scrutininmft

98 4476 233 4562 eligatur
258 4483 290 4540 et
309 4475 374 4540 sint
394 4481 588 4540 scrutatores
610 4473 752 4538 decanus
774 4474 924 4558 antiquus
946 4495 1019 4538 cum
1039 4474 1164 4539 seniore
1185 4483 1365 4560 praesente,

218 4612 277 4672 Am
295 4613 423 4672 Raude:
451 4605 577 4674 duobus
607 4605 788 4672 senioribus
808 4616 903 4674 extra
923 4604 1013 4671 illam
1035 4607 1214 4691 nationem,
1236 4607 1277 4674 de
1300 4631 1366 4698 qua
1387 4607 1528 4676 deumne

136 4707 234 4776 debet
254 4707 341 4796 eligi.

167 4966 180 5017 1
199 4959 256 5015 Die
274 4957 367 5013 vollen
383 4957 491 5016 Numen
508 4957 582 5014 sind:
606 4958 693 5014 Iacob
711 4957 828 5015 Sculteti
845 4959 879 5014 de
897 4956 1074 5029 Stargardia,
1097 4955 1197 5014 Petrus
1219 4957 1317 5014 Pirner
1333 4958 1368 5015 de
1385 4956 1536 5028 Novoforo,

105 5045 240 5102 lohannes
257 5041 422 5099 Breitrucke
439 5043 475 5100 de
492 5044 632 5114 limporg,
652 5041 811 5112 Stephanus
828 5043 970 5102 Fortunae
986 5041 1022 5099 de
1041 5041 1182 5117 Freiburg.

164 5126 281 5190 tFehlt
297 5131 399 5197 etwas,
421 5134 493 5186 ctwa
510 5128 644 5186 aalma
