3794 6066
359 437 419 504 146
829 435 884 488 Des
901 433 1038 490 iohuaea
1053 434 1132 490 Fabri
1150 439 1185 488 da
1202 434 1317 490 Werdea

357 617 452 684 nobis
473 619 508 684 in
528 617 730 686 habitatione
749 627 863 684 nostra
885 641 905 684 a
925 621 1031 686 iurato
1051 621 1274 686 universitatis
1302 625 1434 685 norbae
1459 619 1588 684 nunno
1615 617 1677 684 snb
1704 619 1790 684 iura-

356 727 464 784 mento
485 717 700 804 corporaliter
726 719 884 803 praestito
914 721 1049 784 seorsim
1080 719 1238 806 requisiti,
1265 729 1302 784 ut
1329 717 1501 784 veritatem
1529 717 1654 806 absque
1685 719 1792 782 cuins·

358 839 456 901 quam
484 818 593 902 gratia
613 816 766 898 dicerent,
796 816 1002 882 concorditer
1023 820 1134 884 testati
1160 827 1245 898 sunt,
1275 817 1479 904 praedictum
1499 815 1656 882 Ioannem
1681 815 1791 880 Marn-

358 915 448 982 holth
470 920 621 982 conbnuo
641 916 780 982 triennio
802 915 856 980 hic
878 917 912 980 in
933 919 1147 982 universitate
1168 925 1281 980 nostra
1307 917 1437 1002 semper
1457 915 1558 980 luisse
1582 925 1615 978 et
1634 937 1701 980 uon
1723 925 1792 978 tan·

333 1025 427 1080 stum
453 1014 557 1080 literis
582 1014 676 1080 bonis
705 1024 870 1080 abennem
899 1016 1097 1102 impendisse
1125 1037 1276 1102 operam,
1302 1013 1361 1078 aed
1391 1015 1489 1079 etiam
1514 1015 1562 1079 ita
1591 1015 1727 1096 vixisse,
1759 1021 1793 1076 ut

358 1113 438 1180 nibil
458 1135 598 1200 unquam
620 1113 781 1178 inhonesti
802 1115 836 1178 in
858 1112 912 1178 illo
935 1113 1217 1200 deprehenderint.
1241 1109 1326 1199 [751']
1353 1112 1468 1199 ltaque
1488 1135 1548 1178 nos
1569 1113 1792 1177 testimonium

358 1211 486 1278 illorum
508 1221 724 1298 acceptantes,
752 1214 946 1298 praesertim
965 1235 1039 1278 cum
1061 1235 1121 1300 per
1143 1213 1253 1278 omnia
1274 1233 1349 1276 osum
1369 1211 1458 1276 fama
1486 1220 1519 1276 et
1544 1210 1638 1276 libris
1666 1211 1789 1276 nostris

359 1319 553 1396 congrueret
584 1309 759 1398 (siquidem
788 1297 970 1378 invenimus
998 1310 1088 1376 illum
1116 1321 1192 1376 ante
1218 1311 1392 1375 triennium
1420 1332 1506 1376 auno
1527 1309 1701 1375 MDXXX
1733 1308 1792 1373 sub

359 1419 522 1476 rectoratu
549 1433 623 1477 ven.
653 1411 727 1492 viri,
758 1409 810 1476 dn.
837 1433 922 1496 mag.
950 1409 1084 1476 Martini
1111 1409 1201 1493 Titii,
1227 1411 1262 1475 in
1282 1408 1392 1474 album
1413 1411 1636 1475 universitatis
1657 1418 1791 1474 nostrae

319 1518 352 1576 10
360 1507 635 1595 relatum,‘nequc
655 1507 723 1574 ulla
743 1531 886 1596 unquam
897 1511 985 1574 vitae
1005 1519 1061 1575 aut
1083 1531 1209 1574 morum
1229 1509 1358 1574 macula
1379 1513 1574 1596 aspersum),
1595 1507 1729 1596 publice
1743 1507 1792 1572 bis

359 1607 461 1672 literis
490 1610 610 1674 nostris
632 1617 802 1690 testamur,
824 1630 925 1694 saepe
951 1609 1018 1674 iam
1047 1618 1335 1675 commemoratum
1362 1608 1408 1674 Io.
1428 1607 1512 1672 Mar.
1540 1605 1594 1672 hio
1620 1605 1791 1672 nobiscum

359 1728 418 1792 per
443 1708 606 1793 integrum
625 1708 799 1777 triennium
821 1716 854 1770 et
875 1707 1000 1772 vixisse
1027 1707 1191 1794 inculpate
1219 1717 1251 1772 et
1274 1706 1369 1772 bonis
1391 1706 1494 1772 literis
1522 1707 1569 1770 sic
1596 1704 1793 1788 incubuisse,

358 1815 394 1870 ut
425 1805 515 1872 illum
546 1828 607 1892 pro
638 1805 735 1870 huius
765 1806 989 1872 universitatis
1021 1816 1154 1873 nostrae
1182 1805 1328 1872 membro
1358 1827 1564 1892 nequaquam
1593 1804 1792 1890 poenitendo

359 1902 498 1968 libenter
525 1926 747 1991 agnoscamus
791 1904 1001 1991 Quapropter
1030 1905 1167 1970 eundem
1197 1905 1295 1970 etiam
1323 1906 1356 1970 in
1378 1907 1566 1970 universum
1588 1903 1743 1969 omnibus
1764 1917 1796 1970 et

320 2004 515 2088 ltprivatim
535 2002 682 2090 singulis,
703 2003 746 2068 ad
761 2025 970 2092 quoacunque
984 2001 1047 2069 hoc
1063 2005 1218 2090 scriptum
1233 2013 1381 2070 nostrum
1402 2004 1597 2090 pervenerit,
1620 2002 1795 2088 diligenter

360 2102 639 2184 commendamus,
674 2112 805 2168 orantes
837 2104 967 2168 interim
998 2113 1043 2186 ut,
1075 2102 1259 2188 ubicunque
1288 2104 1462 2190 potuerint,
1496 2111 1528 2166 et
1551 2101 1667 2167 honori
1688 2104 1795 2190 ipsius

359 2199 584 2266 favorabiliter
612 2203 802 2290 prospicere
831 2213 864 2266 et
886 2198 970 2289 [76⁵]
994 2201 1127 2268 utilitati
1155 2223 1194 2268 ao
1224 2201 1402 2268 commodis
1430 2202 1524 2266 huius
1551 2211 1684 2266 nostrae
1715 2203 1794 2288 peti·

358 2299 456 2364 tionis
477 2310 629 2387 respectu
650 2300 790 2388 benigue
813 2301 982 2368 consulere
1002 2301 1113 2367 velint.
1156 2301 1195 2366 Id
1218 2301 1304 2392 quod
1324 2323 1383 2366 nos
1407 2302 1553 2365 vicissim
1574 2301 1608 2364 in
1631 2301 1795 2366 similibus

361 2407 394 2464 et
410 2398 590 2465 maioribus
607 2403 713 2482 etiarn,
735 2400 920 2486 ubicunque
940 2403 1069 2467 occasio
1092 2423 1163 2466 sese
1184 2402 1363 2484 ostentarit,
1385 2399 1426 2464 de
1446 2399 1608 2464 universis
1630 2409 1663 2464 et
1685 2403 1796 2488 singu-

319 2497 401 2563 nolis
428 2499 511 2564 bene
537 2499 691 2564 merendo
717 2501 751 2563 in
777 2501 864 2564 omni
892 2500 963 2566 loco
993 2511 1025 2565 et
1052 2509 1198 2587 tempore
1225 2509 1323 2587 atque
1351 2501 1438 2566 omni
1465 2499 1644 2564 officiorum
1673 2522 1797 2585 genere

361 2619 610 2684 recompensare
640 2621 768 2685 semper
796 2597 1005 2664 studebimus.
1048 2599 1087 2664 In
1114 2601 1205 2665 euius
1236 2601 1284 2664 rei
1306 2599 1403 2664 fidem
1435 2620 1474 2663 ae
1496 2597 1629 2662 evidens
1651 2600 1795 2662 testimo·

362 2699 451 2761 nium
480 2697 539 2762 bas
568 2697 679 2761 literas
700 2697 830 2783 publico
851 2699 1073 2764 universitatis
1094 2708 1225 2764 nostrae
1254 2697 1360 2784 sigillo
1384 2719 1530 2784 appenso
1552 2696 1797 2762 confirmandas

361 2795 628 2862 existimavimus.
672 2796 765 2877 Quae
787 2796 884 2862 datae
905 2807 980 2864 sunt
1000 2798 1146 2886 Lypsiae
1166 2819 1250 2863 anno
1271 2796 1505 2886 MDXXXIHj
1529 2805 1588 2861 eto.

1407 2893 1527 2982 Georg.
1549 2897 1570 2960 b
1593 2895 1714 2961 Saode.

318 3072 352 3128 25
439 3069 505 3132 133.
527 3059 590 3149 [Bl.
612 3069 651 3130 76
659 3058 686 3149 ¹³]
708 3079 755 3128 an
777 3078 945 3128 naemnu
966 3079 1267 3128 unnsnunasusau
1287 3079 1323 3126 nr
1346 3078 1473 3128 caussa
1494 3077 1693 3128 mrarronrs

864 3178 1040 3228 omusnau
1061 3179 1283 3228 sacnnnons.

441 3293 569 3378 Rector,
593 3295 740 3379 magistri
766 3303 797 3358 et
817 3292 967 3358 doctores
988 3293 1130 3380 inclytae
1151 3295 1373 3360 universitatis
1395 3291 1493 3357 studii
1513 3291 1698 3378 Lypsensis

418 3407 421 3412 '
445 3391 587 3459 Salutem
609 3394 642 3456 in
664 3391 716 3457 dn.
739 3391 837 3456 Venit
858 3391 901 3457 ad
927 3415 987 3457 noa
1008 3395 1060 3457 vir
1088 3395 1249 3480 egregius,
1278 3393 1427 3458 dominus
1453 3391 1647 3477 Henningus
1673 3393 1794 3477 ffiooh,

361 3515 561 3580 conquerens
587 3493 741 3578 graviter,
770 3491 856 3578 quod
878 3491 1027 3556 dominus
1048 3491 1187 3557 Ioannes
1209 3491 1320 3558 Trolle
1341 3493 1375 3556 in
1400 3513 1501 3556 causa
1530 3489 1633 3556 debiti
1654 3501 1688 3556 et
1712 3495 1794 3558 iniu-

319 3594 486 3657 aeriarum
522 3613 633 3656 noram
661 3589 755 3655 nobis
787 3589 949 3676 pendente
983 3591 1077 3655 citari
1115 3613 1149 3655 se
1176 3614 1291 3657 versus
1323 3587 1497 3676 Mersburg
1527 3587 1569 3654 ab
1601 3591 1799 3658 excellentia

361 3701 474 3759 vestra
494 3691 615 3772 feeerit,
638 3711 711 3754 cum
733 3697 841 3752 nmen
861 3687 902 3752 lis
924 3688 978 3754 hio
1003 3712 1114 3755 coram
1135 3690 1230 3756 nobis
1259 3700 1357 3756 antea
1382 3690 1480 3754 fuerit
1509 3699 1704 3776 contestata,
1734 3693 1795 3756 im-

362 3790 567 3878 ploravitque
587 3790 622 3852 iu
641 3787 704 3852 hac
724 3809 760 3852 re
779 3785 937 3852 auxilium
959 3797 991 3852 et
1011 3789 1209 3874 praesidium
1228 3800 1384 3872 nostrum,
1406 3788 1494 3876 quod
1514 3788 1562 3853 illi
1582 3811 1709 3876 negare
1729 3813 1795 3856 non

363 3890 537 3976 potuimus,
568 3886 763 3973 praesertim
792 3908 867 3950 cum
887 3885 972 3952 dom.
995 3885 1239 3954 Trolle-contra
1267 3891 1484 3954 iuramentum
1506 3911 1599 3952 suum
1619 3898 1652 3952 et
1674 3899 1797 3956 statum

363 3997 476 4054 nosue
496 3986 633 4052 rectoris
654 3983 910 4050 iurisdictionem
932 3995 1051 4052 temere
1069 3995 1102 4052 et
1124 3989 1194 4052 sine
1209 3987 1277 4052 ulla
1298 4009 1414 4053 caussa
1436 3989 1533 4054 etiam
1553 3987 1611 4052 lite
1633 3990 1797 4074 pendente

324 4085 546 4152 35declinarit
590 4083 800 4169 Quapropter
827 4105 957 4150 oramus
979 4095 1200 4172 praestantem
1227 4085 1451 4152 excellentiam
1473 4095 1628 4170 vestram,
1656 4111 1699 4154 ne
1719 4089 1797 4155 velit

364 4186 537 4250 temerario
560 4180 645 4270 [77⁸]
669 4185 772 4248 actori
798 4185 832 4248 in
860 4183 922 4248 hac
945 4206 1062 4250 caussa
1088 4184 1195 4250 locum
1217 4184 1297 4250 dare
1325 4184 1383 4250 sed
1416 4187 1524 4271 potius
1551 4185 1645 4252 illum
1667 4209 1795 4275 cogere,

365 4294 403 4348 ut
429 4285 479 4348 ius
502 4306 610 4366 auum,
638 4282 779 4366 siquod
807 4282 920 4366 babet,
949 4305 1057 4349 coram
1083 4283 1178 4350 nobis
1206 4293 1431 4372 persequatur.
1471 4283 1511 4348 Id
1540 4284 1628 4371 quod
1649 4285 1795 4352 v'ieiaaim

367 4383 455 4448 omni
477 4382 583 4447 studio
604 4391 637 4447 et
657 4403 758 4467 opera
779 4405 859 4468 erga
879 4381 1104 4448 excellentiam
1126 4393 1271 4448 vestram
1293 4384 1381 4448 omni
1401 4383 1473 4449 loco
1498 4393 1530 4448 et
1550 4393 1701 4472 tempora
1723 4409 1795 4476 pro·

366 4482 484 4548 mereri
504 4480 714 4546 studebimus.
736 4481 861 4548 Valete.
884 4481 1039 4569 Lypsiae,
1062 4503 1146 4546 anno
1169 4482 1338 4548 XXXllll
1357 4491 1418 4548 etc.

325 4657 359 4714 40
422 4653 488 4715 134.
511 4663 716 4729 munuuuu,
739 4663 835 4724 ouon
855 4663 1055 4730 aserenon,
1078 4661 1149 4711 cnu
1172 4663 1354 4714 cmnnnan
1377 4663 1703 4716 uae1srnannonuu

909 4761 1237 4811 emcuurnunurnn.

449 4879 541 4946 More
560 4879 718 4944 maiorum
740 4878 803 4944 hac
825 4899 963 4964 vespera
988 4875 1143 4941 candelae
1165 4877 1216 4959 iia,
1244 4879 1307 4966 qui'
1329 4878 1372 4944 ad
1401 4901 1538 4944 examen
1560 4902 1622 4967 pro
1643 4885 1795 4969 magiste-

365 4981 414 5046 rio
443 4981 531 5045 iusta
562 4976 762 5042 dominorum
795 4979 1055 5042 examinatorum
1086 4997 1223 5040 censura
1253 4975 1447 5042 admittendi
1479 4990 1582 5061 eruut,
1612 5003 1633 5046 a
1663 4981 1795 5047 domiuo

366 5076 635 5144 vicecancellario
657 5087 689 5140 et
711 5077 807 5142 dictis
829 5073 1109 5141 examinatoribus
1135 5073 1331 5142 adferantur.
1374 5077 1585 5165 Quapropter
1606 5080 1795 5146 Fridericus
