3794 6066
479 437 535 500 Der
551 441 632 494 Liber
648 439 769 494 nacionis
785 436 949 496 Basarorom
967 459 1028 497 son
1044 437 1128 496 Jahre
1148 441 1220 500 stat.
1503 443 1563 516 159

209 629 240 692 2.
276 621 361 692 Item
383 621 561 691 oonsilimii
582 625 725 690 iuniores
751 623 815 690 duo
836 623 981 711 quolibet
1000 625 1109 692 medio
1129 649 1214 692 anno
1234 625 1285 694 bis
1305 625 1422 692 bursas
1444 637 1476 692 et
1497 628 1562 694 alia

126 724 209 808 locs,
237 725 275 788 in
296 722 414 811 quibus
436 724 606 810 supposita
625 725 772 790 nacionis
794 733 1043 806 commorantur,
1072 724 1244 811 diligenter
1263 728 1397 792 visitent
1426 736 1458 791 et
1485 751 1561 816 sup-

127 825 237 911 posita
257 845 326 890 non
345 822 504 908 inscripta
522 823 712 888 matriculae
732 821 913 888 inscribant
929 843 1002 888 cum
1018 823 1143 907 effectis,
1164 836 1196 890 et
1217 849 1238 891 a
1257 825 1401 914 quolibet
1420 825 1560 892 habente

126 922 207 988 dnos
235 944 372 1008 grossm
397 919 441 986 ad
468 924 573 988 minus
602 923 764 1007 recipiant
792 920 867 998 (sub
895 943 1001 1008 poena
1026 931 1164 1010 quatuor
1189 947 1378 1011 grossorum
1403 948 1560 992 novorum

127 1022 298 1108 magistris
318 1020 360 1088 de
380 1023 517 1088 nacione
538 1020 581 1086 ad
601 1019 836 1108 perhibendum
857 1021 891 1084 in
914 1023 1150 1088 convocacione
1171 1025 1322 1110 proxima
1343 1027 1434 1104 etc.)¹
1585 1039 1602 1092 ⁵

209 1127 239 1189 3.
270 1120 354 1186 Item
381 1121 627 1202 testamentarii,
655 1141 714 1206 pro
743 1118 852 1206 aliquo
878 1117 1029 1185 defuncto
1059 1121 1203 1187 candelis
1226 1124 1374 1188 nacionis
1402 1147 1463 1210 pro
1486 1149 1560 1190 oon·

128 1218 240 1301 ductu,
263 1217 380 1306 vigilia
399 1229 431 1284 et
450 1222 552 1285 missa
570 1221 618 1284 uti
637 1218 793 1301 volentes,
815 1240 874 1304 pro
896 1218 1131 1286 reformaoione
1142 1221 1351 1288 candelarum
1365 1222 1446 1290 duas
1456 1222 1559 1292 libras

128 1339 224 1384 cerae
245 1317 443 1384 consiliariis
464 1318 661 1404 persolvant.

209 1426 239 1485 4.
271 1418 355 1484 Item
383 1416 582 1504 pauperibus
607 1415 744 1484 infirmis
766 1425 798 1481 et
823 1418 987 1503 inscriptis
1008 1428 1154 1504 tempore
1173 1421 1378 1486 necessitatis
1399 1421 1441 1488 de
1461 1447 1556 1509 pecu-

128 1517 192 1582 niis
212 1517 373 1599 nacionis,
393 1517 428 1580 in
448 1524 605 1603 quantum
627 1515 832 1582 commodose
850 1516 922 1581 fieri
941 1521 1069 1603 poterit,
1093 1517 1312 1584 subveniatur.
1569 1534 1601 1590 10

209 1623 238 1682 5.
268 1615 353 1680 Item
380 1613 424 1680 ad
449 1615 620 1680 necionem
647 1636 712 1679 non
737 1616 887 1701 inscripti
916 1637 937 1678 a
963 1618 1218 1704 participacione
1242 1617 1465 1703 candelarum,
1492 1617 1557 1708 [8¹²]

128 1714 349 1782 snbvencione
370 1723 404 1779 et
423 1713 610 1778 defensione
629 1715 776 1778 nacionis
796 1713 924 1800 penitus
945 1716 1010 1780 sint
1030 1716 1163 1782 exclusi.

211 1819 240 1880 6.
270 1813 357 1880 Item
377 1822 516 1900 quatuor
539 1814 681 1878 seniores
703 1812 744 1878 de
764 1815 901 1878 nacione
922 1817 1156 1904 possessionati
1170 1816 1285 1882 fiscum
1299 1819 1446 1884 nacionis
1457 1821 1559 1907 respi-

127 1915 214 1980 ciant
241 1936 301 1978 seu
321 1912 517 1995 custodiant,
547 1913 594 1978 sic
614 1911 702 2000 quod
722 1913 827 1998 primo
850 1914 957 1979 senior
983 1915 1092 2002 ipsum
1113 1937 1173 2001 per
1194 1939 1294 1981 unum
1315 1937 1434 1984 annum
1456 1929 1560 1984 custo·

128 2014 205 2097 diat,
227 2023 260 2078 et
282 2012 341 2077 alii
360 2011 538 2078 secundum
558 2010 704 2076 ordinem
725 2021 967 2099 consequenter.
1569 2029 1601 2084 15

208 2119 237 2178 7.
269 2111 352 2178 Item
373 2120 544 2196 computus
566 2109 624 2174 fiat
644 2133 702 2198 per
722 2113 870 2195 antiquos
891 2109 1061 2178 iudiciales
1084 2119 1276 2194 (ansdnqlict
1291 2139 1358 2177 aar
1370 2120 1559 2196 perstrictae

128 2211 349 2284 consiliarios)
370 2212 405 2276 in
426 2210 617 2297 praesencia
640 2210 736 2274 rusius
756 2211 905 2293 senioris,
932 2210 1047 2276 fiscum
1067 2213 1215 2278 nacionis
1237 2212 1398 2298 habentis,
1426 2226 1458 2282 et
1479 2217 1556 2283 duo-

127 2335 197 2376 rum
215 2333 376 2378 novorum
399 2307 669 2375 consiliariorum.

211 2417 239 2480 8.
267 2409 353 2476 Item
372 2408 522 2493 magistri
541 2407 750 2472 inscribendo
773 2409 944 2494 supposita
965 2409 1111 2474 nacionis
1133 2421 1165 2476 et
1185 2410 1366 2496 colligendo
1387 2415 1558 2498 pecuniam

130 2509 171 2575 ab
191 2511 274 2596 ipsis
296 2509 384 2574 ultra
406 2525 456 2574 ΧΠ
476 2506 547 2573 den.
567 2529 632 2571 non
654 2517 828 2594 exponant.
1566 2523 1601 2580 ῃ

207 2613 239 2675 9.
270 2607 354 2674 Item
379 2605 580 2672 inscribendi
611 2606 655 2672 ad
684 2606 887 2672 matriculam
918 2609 1065 2673 nacionis
1092 2611 1284 2694 promittant
1312 2610 1404 2695 prius
1439 2611 1558 2678 bonum

131 2709 276 2774 nacionis
297 2706 382 2772 velle
401 2727 588 2794 procurare.

211 3013 259 3074 10.
287 3005 385 3072 Anno
411 3005 534 3072 domini
563 3003 733 3072 millesimo
763 3005 1081 3092 quadringentesimo
1109 3007 1370 3094 quadragesimo,
1398 3011 1558 3098 vigesima

129 3110 233 3194 prima
262 3105 317 3172 dic
344 3107 463 3171 mensis
489 3105 569 3193 Maij
598 3112 695 3183 (1440
718 3111 745 3167 d.
773 3109 822 3170 tt.
844 3109 927 3180 Mai)
955 3114 1111 3170 statutum
1138 3107 1199 3170 fuit
1225 3117 1254 3172 et
1281 3108 1469 3176 conclusum
1498 3134 1558 3196 per

130 3226 238 3271 omnes
261 3206 437 3290 magistros
458 3205 499 3270 de
520 3205 666 3287 nacione,
694 3213 731 3267 ut
751 3225 837 3266 nunc
863 3213 895 3268 et
923 3205 1053 3268 inantea
1079 3205 1222 3270 iuniores
1249 3206 1312 3271 duo
1337 3211 1488 3294 magistri
1514 3210 1598 3276 den

129 3304 263 3370 consilio
285 3306 320 3369 in
342 3303 634 3370 convocacionibus
657 3302 879 3366 universitatis
899 3300 1092 3368 relacionem
1120 3305 1252 3385 faciant,
1281 3317 1313 3368 et
1334 3305 1398 3372 duo
1419 3308 1555 3374 iudicia-

129 3403 174 3470 les
193 3405 366 3491 peeuniam
387 3426 408 3469 a
430 3405 608 3490 suppositis
629 3423 688 3488 pro
709 3399 931 3466 intitulacione
951 3401 995 3466 ad
1015 3405 1186 3468 necionem
1205 3404 1298 3468 iuxta
1320 3414 1442 3471 statuta
1463 3430 1556 3494 prae-

129 3503 283 3570 cedencia
305 3501 443 3570 fideliter
465 3501 621 3588 colligant
641 3509 737 3587 atque
757 3499 904 3564 nacionis
926 3499 1136 3566 candelarum
1162 3525 1275 3566 curam
1303 3513 1421 3588 gerant
1449 3506 1556 3591 quoad

130 3602 396 3668 reformacionem
427 3611 459 3665 et
491 3601 733 3667 concessionem
770 3599 804 3662 in
836 3599 945 3662 missis
977 3600 1214 3683 universitatis,
1252 3604 1399 3688 corporis
1431 3604 1554 3672 Christi

130 3698 192 3788 [9⁸]
214 3701 425 3788 processione
448 3700 627 3784 ceterisque
648 3698 722 3763 aliis
741 3696 956 3783 exigentibus,
984 3698 1045 3763 sub
1066 3722 1173 3786 poena
1194 3699 1322 3766 dimidii
1343 3701 1469 3788 floreni,
1496 3715 1598 3793 perat

128 3802 297 3866 necionem
319 3798 586 3864 irremissibiliter
606 3797 827 3883 extorquendi.

210 3907 257 3966 11.
286 3898 369 3964 Item
391 3897 503 3964 eodem
525 3920 609 3963 anno
631 3908 664 3962 et
684 3896 747 3978 die,
771 3897 888 3984 quibus
910 3921 1019 3984 supra,
1049 3899 1236 3966 conclusum
1255 3901 1317 3966 fruit
1337 3910 1369 3966 et
1388 3912 1555 3988 statutum,

131 3998 215 4085 quod
233 4000 367 4063 inantea
386 3996 592 4084 portantibus
620 3995 772 4062 candelas
793 3997 827 4060 in
847 4000 1055 4082 processione
1080 3999 1154 4085 ipso
1182 4001 1235 4065 die
1260 4002 1409 4087 corporis
1431 4002 1555 4070 Christi

130 4098 171 4163 ad
191 4096 382 4163 scandalum
402 4096 590 4179 tollendum,
619 4095 706 4184 quod
728 4117 770 4160 ex
796 4097 899 4160 nimia
925 4099 1096 4183 putacione
1123 4099 1158 4163 in
1179 4099 1299 4186 populo
1326 4102 1554 4187 generabatur,

130 4196 259 4262 cuilibet
283 4194 476 4261 deridebat
499 4194 660 4262 duntaxat
687 4217 771 4260 nnus
799 4216 934 4280 grossus
961 4219 1064 4262 novus
1091 4207 1124 4262 et
1151 4207 1289 4284 quatuor
1315 4222 1375 4285 pro
1402 4203 1595 4288 propinatt

131 4317 208 4382 quos
229 4293 272 4361 ad
294 4293 449 4382 placitum
471 4295 662 4362 reservent²
688 4293 741 4358 vel
761 4306 936 4379 exponant.
980 4300 1056 4358 Eine
1077 4302 1200 4373 eadm,
1222 4301 1295 4358 doct
1316 4301 1411 4378 weaip
1432 4309 1553 4379 spatere

129 4401 221 4458 Hand
246 4400 301 4458 aar
327 4397 536 4474 timnqefltqa
575 4393 641 4459 Sed
670 4397 698 4458 si
726 4395 810 4459 forte
838 4395 1009 4460 necionem
1037 4419 1072 4460 se
1099 4418 1159 4482 pro
1187 4395 1310 4460 honore
1340 4397 1553 4467 solemnitatis

130 4497 242 4560 ceteris
268 4492 461 4558 nacionibus
489 4492 667 4559 secundum
693 4501 844 4557 eventum
875 4495 1031 4580 temporis
1057 4493 1186 4558 videtur
1215 4517 1289 4559 oum
1317 4506 1389 4564 octo
1415 4497 1458 4583 gl.
1486 4521 1551 4564 non

131 4615 221 4679 posse
241 4591 457 4675 conformare,
483 4593 606 4680 placuit
631 4592 808 4676 magistris,
835 4601 871 4656 ut
898 4590 985 4657 ultra
1005 4591 1077 4658 illos
1099 4602 1172 4659 octo
1200 4593 1242 4678 gl.
1269 4593 1424 4662 darentur
1451 4600 1550 4683 porti-

130 4692 249 4758 toribus
271 4690 480 4758 candelarum
501 4714 562 4777 pro
583 4713 694 4756 eorum
715 4690 866 4757 uberiore
887 4689 1110 4758 consolacione
1130 4693 1300 4775 4,5ve16
1320 4695 1362 4780 gl.
1385 4693 1428 4761 ad
1449 4698 1595 4764 maxi-tt

210 4947 221 4997 t
241 4941 302 4995 Das
320 4939 350 4993 in
366 4937 528 4994 Klammern
545 4937 743 4994 Gescblossene
762 4937 800 4992 ist
817 4937 1034 5011 nachgetragsn,
1055 4939 1127 4994 doch
1152 4955 1206 4995 von
1229 4941 1371 4997 derselbon
1393 4943 1461 4997 oder
1481 4943 1553 5000 doctr

131 5021 331 5094 gleichzeitigen·
347 5021 439 5077 Hand.

210 5115 225 5166 2
245 5105 435 5166 Gescbrieben
451 5104 526 5161 steht
545 5112 692 5160 manant.
