3794 6060
315 398 356 466 50
797 399 849 449 Die
866 399 986 450 sarran
1002 413 1065 450 vom
1081 401 1164 452 saura
1185 405 1250 450 1411)

399 587 428 646 5.
454 579 535 644 Item
562 581 597 643 in
623 578 720 644 domo
741 583 903 646 communi
922 583 1113 667 percuciens
1135 582 1186 646 vel
1209 581 1273 646 alio
1294 581 1390 646 modo
1408 583 1564 648 iniuriose
1586 605 1742 670 corpora·

315 681 389 746 liter
416 678 598 759 offendens,
628 679 711 742 citra
737 689 845 744 tamen
875 682 1042 766 sanguinis
1068 680 1256 746 effusionem
1281 681 1333 746 vel
1356 681 1512 746 offensam
1535 677 1623 768 [lflb]
1646 703 1742 747 enor-

316 803 416 861 mem,
444 777 585 866 aliquem
615 777 839 844 circulatorem
868 779 920 844 vel
941 779 1096 845 famulum
1118 781 1261 844 civitatis
1283 781 1317 843 in
1336 781 1473 866 negocio
1495 781 1657 864 civitatis,
1689 791 1747 846 ant

315 877 472 944 famulum
490 878 711 942 universitatis
734 879 768 942 in
789 881 920 964 negotio
936 881 1170 961 universitatis,
1192 878 1299 944 solvat
1317 879 1398 944 duos
1409 879 1549 945 florenos
1561 901 1623 966 pro
1637 903 1746 968 poena

291 978 374 1044 5vel
393 975 505 1042 sedeat
525 977 559 1039 in
579 978 661 1040 turri
683 998 742 1062 per
762 978 969 1064 quindenam.

399 1081 429 1143 e.
457 1075 493 1139 Si
519 1096 597 1139 vero
627 1076 661 1138 in
681 1074 753 1140 loco
775 1080 978 1164 praescripto
1000 1077 1141 1164 aliquem
1163 1076 1204 1142 de
1224 1075 1402 1163 praedictis
1424 1078 1580 1144 iuius-lma
1599 1077 1743 1143 offende-

317 1179 361 1243 rit
388 1174 431 1240 ad
457 1175 625 1260 sanguinis
654 1173 841 1239 effusionem
863 1176 915 1240 vel
938 1177 1094 1240 offensam
1118 1197 1300 1258 enormem,
1329 1177 1411 1241 eitra
1431 1185 1542 1241 tamen
1563 1176 1745 1244 mutilacio·

315 1298 407 1356 nem,
435 1275 470 1336 in
494 1282 631 1359 quatuor
661 1272 791 1338 florenis
817 1277 971 1360 puniatur
991 1273 1044 1340 vel
1066 1275 1178 1339 sedeat
1199 1277 1233 1339 in
1254 1276 1338 1338 turri
1360 1297 1419 1361 per
1440 1295 1594 1340 mensem.
1635 1275 1745 1342 Extra

315 1397 394 1440 vero
416 1373 520 1438 locrun
540 1371 742 1458 praedictum
764 1371 903 1458 aliquem
926 1374 966 1439 de
986 1372 1235 1438 circulatoribus
1259 1373 1309 1436 vel
1331 1374 1461 1439 famulis
1483 1374 1626 1439 civitatis
1640 1375 1676 1438 in
1691 1398 1745 1439 ne

277 1486 309 1541 10
320 1474 415 1562 goeio
443 1471 585 1536 civitatis
613 1471 768 1536 iniuriose
796 1472 1007 1559 corporaliter
1027 1472 1192 1538 offendens
1215 1472 1267 1538 vel
1292 1475 1500 1560 percuciens,
1527 1475 1611 1538 citra
1636 1481 1746 1538 tamen

318 1571 487 1659 sanguinis
522 1570 710 1634 effusionem
738 1569 790 1634 vel
819 1572 975 1636 offensam
1001 1593 1180 1654 enormem,
1217 1571 1324 1636 solvat
1357 1595 1455 1638 unum
1487 1572 1646 1638 florenum
1685 1595 1745 1659 pro

317 1693 425 1760 poena
447 1669 500 1735 vel
522 1668 636 1734 sedeat
654 1670 688 1732 in
710 1669 791 1733 turri
814 1691 873 1755 per
894 1670 964 1736 dies
986 1679 1068 1736 octo.

401 1775 431 1834 ’1.
460 1767 496 1833 Si
515 1790 593 1833 vero
616 1766 659 1832 ad
679 1771 847 1855 sanguinis
869 1770 1058 1835 effimionem
1078 1770 1131 1834 vel
1153 1771 1309 1836 offensam
1331 1793 1510 1853 enormem,
1531 1773 1615 1836 citra
1635 1780 1746 1838 tamen

315 1869 574 1948 mutilacionem,
603 1875 698 1930 extra
726 1868 833 1934 locum
856 1869 1059 1955 praedictum
1082 1868 1222 1956 aliquem
1244 1870 1285 1935 de
1308 1873 1523 1957 praescriptis
1545 1870 1745 1939 clrculatori-

276 1981 308 2036 15
318 1970 380 2036 bus
408 1966 462 2032 vel
487 1965 619 2032 famulis
644 1967 786 2033 civitatis
812 1969 847 2032 in
874 1969 1010 2053 negocio
1032 1969 1174 2034 civitatis
1197 1969 1382 2051 offenderit,
1410 1970 1444 2034 in
1462 1969 1590 2035 duobus
1610 1969 1745 2034 florenis

318 2069 472 2157 puniatur
494 2065 547 2132 vel
569 2065 682 2131 sedeat
701 2069 734 2130 in
755 2069 838 2132 turri
859 2089 918 2153 per
940 2067 1147 2155 quindenam.

399 2173 428 2235 8.
456 2166 538 2232 Item
565 2167 594 2231 si
622 2167 693 2252 quis
722 2165 861 2253 aliquem
884 2165 925 2232 de
946 2166 1193 2232 circulatoribus
1215 2167 1267 2232 vel
1288 2167 1417 2234 famulis
1440 2165 1684 2256 ci[13⁸]vitatis
1704 2168 1740 2232 in

315 2267 451 2354 negocio
481 2267 624 2331 civitatis
651 2274 708 2330 aut
734 2263 890 2330 famulum
914 2267 1135 2332 universitatis
1156 2267 1190 2330 in
1211 2269 1346 2353 negocio
1368 2269 1589 2333 universitatis
1613 2266 1742 2332 mutila-

316 2368 417 2448 verit,
446 2367 480 2430 in
502 2375 575 2430 octo
597 2365 728 2429 florenis
750 2366 903 2450 puniatur
924 2365 975 2431 vel
999 2365 1111 2430 sedeat
1131 2368 1166 2430 in
1185 2368 1267 2430 turri
1289 2389 1348 2452 per
1368 2365 1451 2431 duos
1473 2389 1610 2430 menses.

274 2475 309 2532 20
402 2469 432 2530 9.
459 2464 541 2528 Item
561 2463 718 2528 violenter
738 2462 873 2527 trudens
893 2463 945 2528 vel
966 2465 1127 2550 proiciens
1147 2465 1191 2529 ad
1212 2464 1362 2548 hostium,
1384 2466 1558 2532 fenestram
1572 2463 1625 2529 vel
1644 2464 1744 2532 aliam

317 2574 447 2652 partem
475 2562 592 2629 domus
613 2565 647 2626 in
668 2562 739 2628 loco
761 2573 911 2649 suspecto
933 2563 985 2628 vel
1008 2573 1102 2628 extra
1122 2565 1156 2630 in
1178 2585 1369 2652 quocunque
1389 2563 1453 2628 alio
1475 2565 1563 2647 loco,
1591 2567 1676 2630 citra
1696 2574 1745 2630 ta·

317 2686 391 2728 men
417 2671 640 2748 rumpturam,
670 2661 776 2727 solvat
804 2659 977 2728 dimidium
1007 2663 1165 2728 florenum
1194 2686 1254 2750 pro
1275 2686 1381 2750 poena
1402 2663 1454 2729 vel
1476 2664 1588 2729 sedeat
1606 2665 1642 2728 in
1660 2665 1744 2729 turri

317 2787 375 2850 per
395 2762 466 2828 dies
487 2772 636 2849 quatuor.
681 2761 717 2825 Si
743 2783 821 2825 vero
850 2761 982 2848 aliquod
1007 2761 1120 2826 talium
1147 2762 1304 2828 violenter
1324 2764 1452 2848 ruperit
1471 2762 1525 2828 vel
1544 2763 1744 2849 deposuerit,

315 2864 350 2927 in
372 2883 430 2926 sex
451 2860 583 2926 florenis
605 2860 758 2946 puniatur
779 2859 832 2924 vel
855 2884 913 2946 per
934 2884 1078 2926 mensem
1096 2864 1323 2926 incarceretur.

274 2970 308 3026 25
404 2967 449 3027 10.
478 2960 559 3025 Item
587 2959 711 3023 faciens
739 2958 897 3024 clamores
924 2959 1097 3025 horribiles
1129 2959 1180 3024 vel
1210 2961 1365 3046 strepitus
1392 2957 1556 3026 indebitos
1585 2969 1744 3025 nocturno

315 3069 472 3146 tempore,
493 3058 546 3123 vel
568 3068 707 3141 vertens,
729 3061 884 3146 frangens
906 3070 962 3124 aut
983 3067 1155 3145 asportans
1176 3057 1307 3146 aliquod
1329 3082 1388 3124 vas
1405 3082 1509 3148 aquae
1523 3067 1600 3124 ante
1612 3059 1744 3124 domum

316 3159 475 3245 positum,
504 3166 561 3222 aut
587 3157 691 3222 eciam
717 3169 890 3246 asportans
912 3181 1027 3224 currus
1048 3168 1104 3222 aut
1124 3157 1308 3223 consimiles
1330 3179 1398 3238 res,
1427 3160 1511 3223 citra
1540 3167 1650 3223 temen
1676 3159 1741 3223 fur·

315 3267 402 3339 tum,
425 3255 530 3322 solvat
550 3279 649 3322 unum
671 3257 828 3323 florenum
850 3280 911 3344 pro
932 3281 1039 3345 poena
1059 3257 1111 3322 vel
1132 3256 1245 3322 sedeat
1265 3258 1298 3321 in
1319 3257 1402 3322 turri
1422 3280 1481 3346 per
1503 3255 1573 3322 dies
1597 3269 1681 3324 octo.

401 3361 448 3422 11.
478 3356 562 3422 Item
583 3379 707 3421 vocans
729 3356 870 3444 aliquem
891 3358 1047 3422 iniuriose
1070 3379 1247 3444 „nequam,
1269 3355 1450 3438 ribaldum,
1473 3357 1635 3442 spurium,
1656 3379 1744 3422 men-

273 3455 452 3522 ³0dacem“
478 3456 531 3522 vel
559 3455 720 3521 consimili
741 3458 873 3521 nomine
893 3455 1000 3520 solvat
1021 3477 1081 3541 pro
1103 3478 1210 3541 poena
1231 3465 1368 3540 quatuor
1390 3477 1532 3542 grossos.
1577 3454 1643 3536 Qui
1665 3479 1744 3524 vero

315 3554 447 3642 aliquod
468 3555 581 3620 talium
602 3556 637 3618 in
657 3554 883 3619 circulatorem
904 3554 956 3619 vel
977 3552 1133 3618 famulum
1153 3554 1295 3618 civitatis
1317 3551 1421 3642 [13¹²]‚
1445 3555 1479 3618 iu
1500 3556 1636 3640 negocio
1659 3557 1738 3620 civi-

313 3655 391 3719 tatis
412 3656 643 3734 constitutum,
666 3652 801 3734 dixerit,
823 3655 858 3717 in
877 3663 950 3718 octo
971 3653 1095 3738 grossis
1116 3654 1278 3738 puniatur.

403 3757 451 3818 12.
479 3751 525 3816 Et
551 3751 748 3832 notandum,
785 3750 872 3838 quod
908 3752 941 3814 in
972 3750 1121 3816 omnibus
1149 3761 1181 3815 et
1209 3751 1345 3838 singulis
1371 3754 1582 3840 praescriptis
1612 3753 1743 3820 casibus

316 3851 404 3915 ultra
424 3873 548 3936 poenas
569 3859 699 3913 taxams
722 3849 883 3914 tenebitur
905 3849 1070 3914 offendens
1093 3851 1280 3915 satisfacere
1302 3853 1388 3937 parti
1409 3850 1519 3915 laesae
1534 3853 1627 3918 iuxta
1642 3852 1744 3918 dicte-

274 3959 393 4014 35men
414 3949 550 4014 rectoris
575 3957 607 4013 et
626 3971 758 4013 suorum
780 3969 980 4013 assessorum
1002 3947 1055 4012 vel
1077 3949 1232 4014 maiorem
1253 3959 1380 4036 partem
1403 3953 1568 4039 ipsorum,
1597 3952 1625 4015 si
1646 3951 1745 4017 oflen-

318 4047 399 4112 deus
421 4056 454 4111 et
472 4048 580 4112 laesus
601 4070 666 4112 uon
686 4047 831 4135 poterint
851 4047 945 4112 aliter
967 4046 1169 4112 concordari.

403 4153 451 4214 13.
476 4146 558 4212 Item
577 4145 702 4212 nullum
724 4147 929 4232 suppositum
950 4147 1173 4212 universitatis
1193 4145 1323 4232 publice
1344 4155 1454 4212 teneat
1477 4170 1585 4212 secum
1598 4149 1632 4212 in
1649 4146 1744 4213 domo

317 4245 461 4334 aliquam
490 4245 655 4311 mulierem
685 4255 885 4332 suspectam,
918 4267 1023 4331 neque
1059 4267 1130 4310 cum
1160 4245 1219 4310 tali
1249 4244 1389 4330 habitet,
1424 4245 1484 4311 sub
1515 4269 1622 4334 poena
1649 4247 1744 4312 unius

318 4366 506 4429 sexagenae
527 4367 632 4410 novae
654 4346 704 4411 vel
727 4345 1000 4409 incarceracionis
1022 4366 1081 4430 per
1103 4365 1255 4408 mensem.

274 4455 308 4510 10
405 4449 450 4509 14.
476 4442 557 4507 Item
584 4445 785 4531 suppositum
815 4443 1052 4524 universitatis,
1084 4441 1213 4528 publice
1248 4441 1396 4509 deferens
1423 4443 1556 4531 pilleum
1583 4441 1744 4530 laycalem

316 4550 373 4608 sut
394 4540 493 4606 alium
513 4541 660 4606 habiturn
680 4542 882 4608 indecentem
902 4540 955 4605 vel
976 4542 1080 4606 eciam
1099 4549 1257 4605 nocturno
1278 4552 1424 4629 tempore
1443 4544 1478 4610 in
1499 4543 1617 4630 plateis
1630 4540 1742 4608 velans

317 4642 445 4722 faciem,
467 4641 501 4705 in
523 4650 661 4728 quatuor
682 4642 806 4728 grossis
827 4641 990 4727 puniatur.

403 4741 475 4807 15.¹
503 4740 584 4805 Item
614 4740 642 4804 si
667 4741 758 4806 eirca
784 4738 953 4826 praedicta
973 4735 1026 4803 vel
1047 4735 1180 4823 aliquod
1201 4739 1347 4823 ipsorum
1370 4741 1503 4829 aliquod
1525 4741 1661 4808 dubium
1682 4743 1743 4808 ori-

388 5058 399 5107 1
420 5051 476 5109 Am
494 5052 592 5109 Raude
608 5071 664 5107 aon
679 5053 791 5123 leaena
