3762 6074
812 435 862 486 Dte
881 434 1099 498 philosopbtsclre
1117 434 1245 487 raedas.

647 649 706 716 XI.
728 647 861 738 [Bllssr]
882 668 1128 718 cumennora
1144 667 1406 718 uuoncrnuu.

360 798 529 868 Statuta
564 811 781 868 taxatores
812 801 1035 867 facultatis
1062 803 1370 885 concernentia,
1398 823 1502 889 qnae
1530 801 1592 866 eis
1620 799 1704 888 legi

442 900 591 968 debent
612 912 795 988 tempore
816 903 1048 968 taxationis
1069 924 1142 988 per
1163 902 1380 982 decanum,
1400 911 1440 966 et
1460 911 1622 988 tempus

669 1001 856 1066 finiendi
883 1000 1083 1068 lectiones
1111 1013 1151 1066 et
1171 1001 1387 1067 exercitia

275 1173 292 1228 5
638 1173 663 1233 1·.
694 1185 867 1245 cuminus
889 1186 1095 1234 samsones
1117 1186 1255 1234 namne
1275 1183 1426 1232 nassau.

401 1297 522 1383 Placet,
551 1300 638 1387 quod
665 1301 700 1364 in
726 1302 888 1389 principio
917 1301 1088 1366 cuiuslibet
1117 1301 1304 1366 mutationis
1325 1321 1385 1387 per
1407 1298 1566 1364 decanum
1591 1311 1625 1365 et
1645 1299 1739 1365 facud·
1851 1335 1852 1370 ι

319 1405 417 1462 tatem
447 1399 609 1485 eligantur
630 1411 769 1486 quatuor
789 1411 972 1484 taxatores,
995 1403 1041 1466 ita
1061 1401 1147 1490 quod
1170 1402 1234 1464 sint
1254 1408 1320 1464 tres
1342 1400 1491 1484 magistri
1513 1401 1548 1465 in
1570 1399 1686 1466 ordine
1705 1399 1742 1464 dc

319 1497 452 1563 consilio
468 1499 640 1580 facultatis,
659 1501 752 1564 iuxta
764 1500 909 1566 ordinem
931 1501 1013 1566 senii
1035 1499 1194 1582 sedentes,
1217 1499 1286 1564 sine
1306 1498 1488 1565 differentia
1509 1503 1693 1584 nacionum,
1713 1511 1742 1565 et

320 1597 461 1662 decanus
475 1607 625 1685 quartue3
644 1609 677 1664 et
687 1600 742 1664 isti
758 1599 935 1666 secundum
954 1599 1084 1665 modum
1104 1600 1346 1686 infrascriptum
1367 1609 1483 1664 taxare
1505 1599 1637 1682 debent,
1658 1599 1741 1665 vide

279 1706 311 1760 10
319 1695 395 1761 licet
415 1697 502 1781 quod
523 1721 583 1784 pro
605 1698 795 1764 lectionibus
817 1709 850 1766 ct
872 1703 1041 1765 exerciciis
1062 1701 1223 1786 recipiant
1245 1708 1349 1764 totum
1369 1720 1390 1762 a
1411 1697 1569 1764 divitibus
1591 1709 1624 1763 et
1645 1699 1741 1764 domi·

323 1794 412 1860 cellis
435 1807 467 1860 et
488 1796 560 1862 aliis
566 1847 576 1879 ,
604 1802 659 1886 qui
681 1797 735 1863 hic
757 1801 823 1864 artis
851 1802 995 1887 propriis
1026 1809 1082 1865 ant
1113 1823 1246 1866 suorum
1276 1807 1466 1886 parentum,
1489 1801 1672 1864 amicorum
1692 1798 1740 1864 vel

319 1897 422 1960 eciam
444 1895 580 1962 aliorum
602 1899 772 1985 stipendiis
799 1911 830 1966 et
851 1901 1004 1988 expensis
1031 1898 1179 1964 militant
1220 1897 1274 1963 Ab
1303 1897 1375 1962 aliis
1403 1919 1497 1974 vero,
1519 1900 1574 1986 qui
1596 1900 1631 1963 in
1653 1909 1741 1986 parte

318 1994 371 2060 vel
390 1999 424 2060 in
446 2005 512 2061 toto
535 2019 570 2061 se
591 1995 757 2064 laboribus
784 2023 936 2065 manuum
965 2021 1097 2064 suarum
1124 2009 1179 2063 aut
1209 1997 1358 2061 serviciis
1385 1999 1531 2062 nutriunt
1557 2009 1591 2062 et
1618 2007 1742 2063 susten-

320 2103 407 2178 tant,
428 2118 488 2182 pro
510 2094 703 2162 lectionibus
722 2107 840 2182 totum3
870 2121 929 2186 pro
950 2099 1121 2164 exerciciis
1141 2121 1233 2179 vcro,
1260 2119 1320 2183 pro
1341 2106 1377 2160 ut
1398 2097 1444 2160 cis
1465 2095 1604 2162 videtur.
1649 2097 1741 2178 Quod

280 2207 311 2261 15
320 2206 430 2261 tamen
451 2195 494 2260 ad
514 2199 691 2281 gratiosam
713 2207 744 2262 et
766 2200 844 2263 satis
866 2198 1028 2263 modicam
1055 2197 1231 2285 peccuniae
1259 2218 1417 2260 summam
1445 2205 1560 2261 taxata
1589 2209 1679 2281 sunt,
1705 2197 1742 2262 de

320 2294 408 2359 facili
430 2294 472 2359 ab
496 2317 535 2361 ea
554 2319 620 2361 non
641 2297 804 2362 recedant.
847 2297 913 2362 Sed
934 2298 975 2363 ab
998 2299 1127 2362 omnino
1155 2295 1355 2383 pauperibus
1362 2345 1372 2377 ,
1394 2293 1554 2360 redimere
1584 2299 1741 2382 signatum

319 2393 476 2459 adecauo
487 2417 551 2459 non
562 2395 755 2478 valentibus,
773 2397 872 2463 nichil
892 2399 1021 2463 omuino
1041 2397 1210 2483 recipiant.
1253 2393 1342 2460 Idem
1363 2392 1404 2458 de
1422 2393 1553 2460 famulis
1576 2396 1740 2463 doctorum

322 2501 354 2558 et
368 2497 598 2580 magistrorum
615 2495 815 2582 intelligitur,
837 2499 883 2562 ita
899 2507 1007 2562 tamen
1025 2495 1110 2584 qnod
1132 2494 1269 2584 quilibet
1289 2517 1400 2560 corum
1421 2517 1484 2560 uno
1506 2495 1662 2562 fammulo
1684 2520 1741 2583 quo
1851 2523 1852 2528 ¹

322 2592 365 2658 ad
385 2593 471 2658 hunc
493 2617 603 2659 casum
626 2595 668 2659 sit
689 2605 867 2661 contentus.

276 2766 310 2823 ιο
403 2763 433 2824 2.
460 2776 666 2826 samsones
687 2779 848 2828 mansur
870 2781 1051 2844 uanonau,
1075 2780 1122 2826 sn
1144 2779 1239 2839 onan
1257 2777 1443 2826 aaronem
1465 2777 1666 2828 peccunias

833 2879 1042 2928 consecras
1063 2879 1110 2928 ns
1133 2879 1235 2926 nans.

405 2991 548 3074 Placuit,
577 2991 663 3081 quod
692 2991 833 3058 decanus
867 3005 900 3060 et
927 2997 975 3061 sui
1005 3005 1172 3062 taxatores
1202 3001 1360 3080 reponant
1382 2994 1575 3080 peccuniam
1597 2995 1740 3061 alentio

321 3091 416 3159 nibus
439 3101 471 3156 et
492 3093 661 3158 exerciciis
684 3092 850 3159 collectam
871 3097 904 3159 iu
925 3118 1022 3160 unam
1044 3095 1198 3176 ladulam,
1221 3117 1279 3180 pcr
1293 3093 1479 3158 facultatem
1501 3093 1545 3158 ad
1566 3094 1630 3160 hoc
1644 3095 1740 3184 depu·
1851 3167 1852 3176 χ

321 3202 432 3274 tatem,
456 3215 527 3256 cum
548 3192 651 3256 tribus
675 3192 839 3276 clavibus,
862 3218 943 3282 quas
964 3194 1051 3281 apud
1075 3219 1109 3260 se
1131 3194 1272 3260 habeant
1293 3203 1358 3258 tres
1381 3195 1531 3280 magistri
1562 3203 1742 3276 taxatores3
1851 3187 1852 3192 ἵ

280 3292 380 3358 25sed
401 3291 544 3357 ladulam
566 3293 634 3357 sine
657 3291 749 3358 clave
769 3293 889 3360 babeat
914 3293 1003 3381 apud
1030 3317 1064 3358 se
1094 3294 1251 3374 decanus,
1273 3302 1305 3356 et
1331 3293 1538 3380 imponantur
1567 3295 1677 3358 omnia
1698 3316 1741 3358 re·
1851 3349 1852 3354 ,

319 3394 423 3479 gistra
437 3390 610 3458 lectionum
630 3403 661 3456 ct
683 3395 926 3475 exerciciorum,
948 3395 1121 3459 taxacione
1144 3395 1210 3458 suis
1232 3393 1361 3456 statutis
1384 3391 1499 3456 diebus
1519 3391 1684 3480 expedita,
1702 3393 1742 3458 ad
1851 3463 1852 3466 ,

322 3492 474 3575 eandem3
503 3501 535 3556 et
563 3493 752 3578 peccuniam
782 3491 948 3558 collectam
978 3493 1144 3578 magistris
1172 3489 1354 3578 legentibus
1382 3502 1415 3556 ct
1441 3490 1740 3579 disputantibus,si

323 3591 530 3679 diligenciam
553 3592 619 3656 suis
639 3591 767 3656 actibus
791 3591 1009 3675 adhibuerint,
1031 3593 1170 3658 fideliter
1193 3613 1250 3656 suo
1270 3601 1415 3678 tempore
1436 3601 1656 3679 praesentent.

278 3767 312 3824 30
404 3765 431 3826 3.
455 3773 660 3822 nannenus
681 3775 753 3822 NON
775 3777 915 3823 DEBENT
937 3775 1107 3823 REGIPERE
1130 3773 1419 3840 RECOGNICIONES,
1441 3773 1508 3821 SED
1524 3773 1666 3823 aarum

704 3875 940 3940 sonuctonuu3
969 3875 1015 3922 ET
1038 3875 1085 3921 DE
1107 3874 1217 3922 PASTU
1240 3873 1371 3921 EORUM.

405 3989 587 4058 Taxatores
622 3993 764 4058 habeant
799 3990 839 4056 de
874 3989 1017 4078 qualibet
1053 3989 1187 4074 antiqua
1224 4010 1388 4074 sexagena
1416 4011 1477 4074 pro
1504 3999 1585 4052 taxa
1614 3987 1742 4054 collecta

324 4111 422 4154 uuum
437 4115 586 4176 grossum
606 4115 666 4180 pro
688 4117 745 4158 suo
767 4091 879 4158 laboro
901 4092 992 4155 iuxta
1017 4091 1185 4175 antiquum
1206 4109 1328 4152 morem
1349 4085 1506 4152 hactenus
1529 4087 1742 4155 observatum.
1851 4081 1852 4134 l

321 4187 365 4253 Et
393 4211 596 4277 nequaquam
625 4195 785 4281 recipiant
821 4192 1064 4276 recogniciones
1099 4189 1330 4274 magistrorum
1360 4209 1422 4272 pro
1453 4185 1621 4252 celerata¹
1654 4189 1742 4252 satis·

321 4288 472 4370 factione,
495 4289 552 4354 sed
568 4290 688 4358 realem
702 4292 879 4380 panormiae
891 4289 1159 4354 nnmeracionem.
1198 4287 1233 4352 Si
1256 4295 1363 4350 autem
1385 4287 1583 4352 contrarium
1604 4287 1742 4368 fecerint,

280 4387 365 4453 35de
381 4411 441 4452 sua
456 4391 591 4476 propria
610 4393 769 4477 peccunia
790 4388 965 4454 lectoribus
987 4399 1019 4454 et
1041 4385 1270 4453 exercentibus
1293 4385 1507 4470 satisfaciant,
1528 4395 1560 4452 et
1580 4385 1667 4452 ultra
1686 4386 1742 4452 boc
1851 4455 1852 4476 ,

323 4486 497 4554 arbitraria
518 4511 577 4574 per
599 4489 785 4557 facultatem
807 4490 992 4577 puniantur.

802 4663 831 4722 4.
851 4672 898 4720 nn
921 4669 1086 4720 rannone
1108 4668 1273 4717 rmum.

409 4786 531 4852 Statuit
548 4785 686 4852 facultas
708 4790 848 4872 arcium,
869 4786 956 4874 quod
978 4785 1121 4850 decanus
1143 4807 1215 4849 cum
1237 4785 1305 4849 suis
1326 4783 1532 4851 taxatoribus
1554 4787 1742 4850 conveniant

324 4886 367 4952 ad
388 4887 569 4952 taxandum
600 4886 754 4953 lectiones
782 4898 815 4953 et
849 4887 1011 4953 exercicia
1038 4885 1072 4949 in
1098 4883 1242 4972 qualibet
1267 4884 1452 4949 mutacione
1482 4881 1566 4971 [17⁸]
1598 4884 1742 4950 adruinus

408 5107 420 5158 l
438 5101 627 5160 Geohfisbsn
643 5103 718 5159 steht
734 5103 870 5159 colorata.
