3762 6074
331 465 392 533 508
825 465 875 518 Dte
897 467 1118 532 philosophtsche
1135 467 1263 519 Faculttt.

332 669 404 712 esse
427 647 597 713 asstrictus
620 649 750 714 eosdem
773 650 815 715 ad
837 649 1083 738 ingrediendum
1106 649 1291 716 huiusmodi
1313 647 1552 739 disputationes
1575 649 1754 717 ordinarias

333 745 393 812 sub
423 749 521 814 certis
551 749 745 837 poenalibus
774 752 902 816 statutis
925 749 1133 838 compellere,
1155 760 1187 815 et
1207 750 1293 836 quod
1314 753 1348 816 in
1369 750 1428 816 tali
1449 750 1671 838 disputatione
1691 761 1754 818 tam

332 846 389 912 diu
411 857 638 936 permaneant,
666 849 768 915 donec
795 852 936 938 quinque
957 849 1120 915 audierint
1147 852 1321 938 magistros
1350 859 1525 938 arguentes
1537 899 1546 933 ,
1580 853 1610 916 si
1646 850 1755 916 saltem

330 957 377 1012 tot
398 949 518 1014 fuerint
539 961 735 1035 praesentes.
780 951 903 1016 Contra
924 973 1003 1016 vero
1021 949 1137 1014 frivole
1164 951 1303 1033 faciens,
1324 949 1410 1015 ultra
1433 971 1573 1037 poenam
1596 954 1756 1016 carentiae

290 1055 306 1110 5
336 1049 575 1134 acturegentiae
602 1059 782 1136 pertatem
809 1049 898 1114 illam
927 1052 1154 1132 mutationem,
1176 1073 1197 1114 a
1220 1049 1343 1115 decano
1369 1071 1442 1114 cum
1465 1051 1532 1114 suis
1553 1049 1663 1116 tribus
1687 1074 1755 1116 oon-

335 1147 498 1234 deputatis
532 1147 758 1214 executoribus
786 1159 832 1233 et,
864 1151 891 1214 si
928 1172 1010 1237 opus
1041 1149 1154 1231 suerit,
1187 1148 1341 1215 facultate
1366 1159 1436 1214 tota
1461 1149 1595 1214 realiter
1627 1161 1660 1214 et
1689 1173 1755 1215 cnm

332 1245 448 1310 effectu
465 1269 573 1333 poena
593 1251 814 1335 suspensionis
836 1247 878 1313 ab
899 1247 1048 1314 omnibus
1069 1251 1282 1314 emolimentis
1311 1272 1369 1336 per
1392 1247 1535 1314 medium
1559 1271 1681 1314 annum
1702 1273 1755 1336 pu·
1857 1299 1858 1316 r

333 1345 471 1410 nieudus
490 1349 588 1412 venit.
630 1347 761 1412 Debent
780 1350 877 1414 etiam
900 1359 1113 1414 conventores
1134 1349 1305 1416 bursarum
1329 1348 1501 1434 diligenter
1521 1349 1701 1432 ostendere,
1718 1372 1755 1413 ne
1857 1397 1858 1404 κ

333 1447 514 1531 praemissa
533 1449 568 1510 in
591 1448 657 1511 suis
681 1447 790 1513 bursis
811 1447 908 1530 fiant,
938 1457 985 1530 et,
1008 1459 1165 1536 quantum
1186 1451 1220 1514 in
1240 1450 1287 1514 eis
1311 1457 1373 1531 est,
1396 1449 1444 1513 sic
1466 1449 1664 1514 excedentes
1687 1471 1755 1536 pro·

293 1543 463 1628 tohibere3
494 1547 523 1610 si
554 1557 662 1611 autem
690 1568 801 1612 corum
834 1547 1045 1634 prohibitioni
1074 1551 1281 1636 acquiescere
1309 1547 1471 1612 noluerint
1499 1558 1532 1613 et
1559 1547 1755 1614 denunctiati

335 1647 463 1727 fuerint,
486 1667 624 1733 poenam
647 1647 867 1734 supradictam
890 1649 1072 1713 executioni
1095 1649 1236 1714 decanus
1262 1645 1401 1712 fideliter
1421 1646 1607 1713 demandet
1650 1647 1693 1712 Et
1718 1670 1755 1711 ne

333 1746 405 1830 quis
423 1747 650 1831 magistrorum
670 1756 841 1832 praetextu
860 1747 1063 1832 ignorantiae
1083 1771 1117 1812 sc
1139 1746 1351 1836 quovismodo
1373 1769 1531 1813 excusare
1552 1747 1673 1830 valeat,
1694 1749 1755 1833 qui·

332 1842 412 1908 libet
433 1844 575 1910 decanus
597 1868 657 1932 pro
678 1857 825 1934 tempore
846 1847 989 1911 existens
1016 1849 1050 1911 in
1079 1845 1241 1934 principio
1270 1847 1424 1931 cuiusque
1453 1847 1663 1929 mutationis,
1684 1847 1755 1911 dum

332 1953 423 2008 actus
449 1943 634 2010 scholastici
656 1947 865 2034 incipiuntur,
895 1945 1034 2034 desuper
1057 1948 1182 2012 emittat
1211 1945 1376 2032 publicum
1406 1943 1660 2032 prohibitorium
1687 1969 1755 2034 poe

292 2041 406 2108 15nale
427 2043 643 2110 mandatum.¹

374 2232 425 2294 26.
454 2224 514 2313 [Bt.
537 2233 577 2294 43
586 2224 612 2315 .]
649 2245 755 2305 Quam
776 2247 908 2294 ussrru
930 2247 1112 2296 nscrouss
1135 2247 1345 2298 cremanus
1365 2244 1562 2295 uscuouus
1582 2244 1720 2292 mosae

488 2344 653 2393 nsasaur
674 2347 720 2394 ur
742 2346 984 2395 nrsrursurus
1006 2347 1198 2396 cromerus
1219 2349 1266 2396 ur
1288 2345 1601 2395 uxraaounrxsnru

915 2449 975 2495 Ur}
995 2448 1171 2496 Dauum.

415 2577 597 2664 Disputans
625 2579 796 2665 magister,
825 2579 989 2646 ordinarie
1017 2583 1087 2646 sive
1114 2581 1390 2663 extraordinarie,
1424 2577 1539 2644 habitu
1567 2576 1755 2664 magistrali,

289 2675 367 2740 aoid
389 2687 438 2741 est
458 2677 595 2742 tabardo
618 2699 692 2743 curn
716 2681 814 2744 mitra
837 2680 906 2744 sive
928 2679 1033 2745 bireto
1054 2683 1088 2745 in
1111 2681 1233 2767 capite,
1255 2679 1353 2745 debet
1373 2701 1445 2744 esse
1467 2678 1616 2743 vestitus.
1659 2675 1754 2742 Tene

331 2775 419 2840 bitur
441 2778 539 2842 etiarn
569 2777 632 2843 sibi
659 2777 701 2843 de
727 2779 1018 2866 respondentibus,
1042 2791 1109 2845 tam
1136 2779 1330 2845 baccalariis
1358 2801 1456 2867 quarn
1483 2775 1704 2863 simplicibus,
1723 2787 1754 2841 ut

335 2875 508 2962 sophistis,
529 2879 564 2942 iu
584 2877 734 2942 omnibus
756 2877 1048 2966 disputationibus,
1078 2879 1251 2946 ordinariis
1282 2887 1314 2943 et
1342 2875 1631 2959 extraordinariis,
1654 2879 1754 2964 provi-

333 2975 427 3057 dere,
455 2975 515 3042 sub
545 2999 651 3062 poena
679 2999 744 3042 nou
774 2981 1024 3066 computationis
1053 2978 1236 3044 huiusmodi
1264 2977 1508 3066 disputationis.
1557 2975 1755 3041 Exercentur

334 3097 412 3140 vero
441 3076 590 3161 magistri
618 3099 675 3142 suo
703 3077 817 3144 habitu
844 3089 995 3144 consueto
1024 3079 1117 3144 iuxta
1138 3088 1281 3142 veterem
1309 3075 1574 3142 cousuetudinem
1603 3077 1699 3140 etiam
1725 3077 1753 3139 iu
1857 3127 1858 3140 ,

290 3175 413 3240 ‘lblocis
434 3175 573 3263 publicis
595 3176 643 3241 uti
664 3189 809 3264 possunt.

332 3365 382 3426 27.
404 3377 565 3426 DECANUS
582 3377 654 3426 CUM
677 3378 749 3426 suls
771 3379 1039 3428 EXECUTORIBUS
1061 3378 1178 3425 DEBET
1200 3377 1339 3424 HABERE
1361 3376 1526 3424 omullus
1549 3375 1755 3424 scuurmtuu
1857 3405 1858 3408 =

422 3475 532 3525 SUPER
556 3477 762 3526 DILIGENTIA
783 3479 851 3527 PER
874 3479 1055 3528 Lucrouss
1075 3480 1121 3526 ΕΤ
1144 3477 1372 3526 EXERCENTES
1394 3475 1535 3539 FIENDA,
1557 3476 1603 3522 ET
1626 3477 1674 3523 DE

558 3577 826 3626 scruuuuuurm
849 3580 1117 3643 strumosum,
1142 3577 1188 3624 NE
1210 3576 1327 3625 DOLUS
1349 3577 1395 3623 ΕΤ
1417 3574 1528 3622 FRAUS

914 3678 1179 3728 cousu'rrsTUR.

292 3819 326 3875 ³0
420 3807 508 3890 Quia
527 3831 645 3896 parum
675 3819 723 3876 est
744 3819 866 3876 statuta
888 3810 1043 3892 condere,
1066 3811 1129 3874 nisi
1149 3809 1247 3875 etiam
1268 3808 1452 3873 executioni
1471 3805 1612 3872 fideliter
1633 3808 1755 3873 deman·

332 3908 458 3990 deutur,
481 3905 522 3972 ob
542 3907 577 3974 id
598 3907 714 3996 placet,
737 3909 823 3996 quod
843 3909 977 3996 quilibet
997 3909 1139 3976 decanus
1159 3911 1193 3974 in
1217 3908 1382 3996 principio
1403 3909 1455 3972 sui
1477 3907 1576 3972 officii
1598 3930 1673 3972 cum
1694 3909 1755 3972 suis
1857 3991 1858 4006 ,

332 4007 559 4072 executoribus
589 4031 699 4074 omnes
731 4021 763 4074 et
791 4010 934 4096 singulos
963 4009 1128 4074 facultatis
1157 4008 1339 4073 ordinarios
1359 4005 1498 4072 lectores
1519 4007 1687 4091 requirere
1708 4007 1755 4070 dc
1857 4009 1858 4014 ’

331 4107 421 4188 beat,
454 4115 487 4171 et
515 4106 656 4195 desuper
688 4111 834 4196 recipere
868 4112 1085 4197 promissum,
1113 4109 1159 4174 eia
1190 4105 1410 4192 iniungendo,
1441 4115 1600 4193 quatenus
1628 4109 1663 4170 in
1696 4108 1754 4171 suis
1857 4141 1858 4146 κ

331 4205 523 4272 lectionibus
552 4205 727 4292 dignentur
755 4209 863 4273 iacere
892 4207 1094 4294 diligentiam
1124 4231 1184 4296 pro
1211 4207 1349 4272 utilitate
1376 4217 1409 4270 et
1436 4206 1638 4270 incremento
1665 4205 1754 4270 studii
1857 4235 1858 4260 r

291 4305 497 4373 ssfaculuuis
525 4315 556 4370 et
585 4329 717 4371 suorum
746 4305 942 4372 scholarium
970 4307 1285 4394 promovendorum,
1312 4305 1487 4393 legantque
1520 4305 1650 4391 publica
1677 4307 1753 4370 etin

332 4407 412 4473 locis
434 4403 583 4492 publicis,
604 4417 636 4470 et
662 4429 725 4472 non
755 4430 792 4472 eo
816 4409 921 4472 minus
945 4419 1060 4494 postea
1091 4406 1261 4473 sollicitum
1291 4404 1415 4471 habeat
1445 4404 1636 4470 scrutinium
1665 4427 1754 4490 super

331 4504 500 4590 diligentia
520 4502 692 4586 lectorum,
713 4529 755 4570 au
776 4508 863 4571 omni
886 4507 939 4572 die
966 4505 1106 4592 legibili,
1137 4507 1235 4570 etiam
1262 4507 1297 4569 in
1323 4505 1415 4570 sestis
1450 4501 1679 4590 collegiorum,
1700 4527 1753 4590 pro

331 4607 439 4670 fructu
460 4613 492 4668 et
512 4603 651 4668 utilitate
673 4605 856 4672 auditorum
890 4630 965 4672 suas
997 4605 1152 4672 lectiones
1185 4603 1322 4690 legendo
1355 4603 1530 4690 diligenter
1559 4605 1752 4684 continuent3

333 4716 366 4770 et
388 4705 417 4769 si
437 4711 638 4789 compertum
668 4705 783 4787 fixerit,
816 4706 902 4792 quod
937 4705 1054 4793 aliquis
1088 4725 1199 4769 eorum
1229 4703 1311 4770 adeo
1343 4703 1514 4790 negligens
1545 4703 1653 4786 buerit,
1675 4701 1754 4788 quod

291 4803 501 4872 loauditores
523 4802 573 4868 sui
595 4803 822 4870 universaliter
843 4806 983 4892 desuper
1011 4815 1259 4889 conquerantur,
1292 4812 1369 4868 tuuc
1397 4802 1479 4868 alius
1503 4805 1538 4868 in
1559 4805 1629 4868 eius
1656 4802 1752 4868 locum
1857 4831 1858 4868 r

416 5075 428 5126 1
449 5066 591 5125 Hiemach
610 5065 660 5122 hat
676 5066 795 5123 dissolbe
812 5067 896 5123 Hand
913 5067 1107 5140 geschriebcu:
1133 5067 1264 5138 Septima·
1279 5075 1410 5124 amtutum
1429 5073 1476 5138 263
1505 5085 1569 5124 man
1589 5067 1661 5123 siebt
1677 5064 1753 5124 nicht

331 5171 382 5209 aus
401 5153 530 5210 walchem
548 5153 664 5212 Grande
680 5152 738 5207 dies
756 5151 868 5222 specioll
885 5150 1111 5226 berrorgehoben
1129 5151 1204 5208 vird.
