3794 6066
661 1596 749 1672 DIE
775 1593 1056 1671 NATIONEN.

554 2008 593 2074 A.
623 2009 703 2075 DIE
724 2010 966 2078 BAIRISOHE
987 2010 1168 2076 NATION.

526 2196 547 2247 i.
579 2197 650 2247 ulta
668 2198 775 2248 LIBER
792 2196 963 2250 NACIONIS
980 2195 1205 2248 BAVARORUM

734 2313 794 2392 vprn
811 2299 894 2350 Jahra
916 2297 1003 2351 1425.ι

212 2453 270 2544 [Bl.
293 2453 344 2545 2⁸]
365 2457 420 2522 Ad
441 2459 595 2526 honorem
622 2471 654 2526 et
680 2461 818 2549 gloriam
845 2463 1074 2552 omnipotentis
1100 2461 1153 2528 dei
1179 2483 1240 2527 nec
1265 2483 1332 2526 non
1360 2481 1420 2548 pro
1448 2459 1594 2525 inerat

136 2565 237 2623 mento
259 2557 407 2622 nacionis
428 2557 611 2625 Bavsricae
636 2583 721 2628 anno
750 2561 791 2626 ab
818 2561 1046 2627 incarnacione
1067 2560 1190 2627 domini
1210 2563 1313 2626 nostri
1333 2560 1410 2625 Iesu
1431 2557 1555 2624 Christi

134 2653 298 2722 millesimo
321 2656 639 2744 quadringentesimo
660 2663 815 2726 vicesimo
841 2663 952 2748 quinto
977 2657 1088 2748 (1425)
1117 2662 1150 2724 in
1171 2669 1336 2726 rectoratu
1362 2657 1558 2724 venerabilis

134 2755 204 2837 viri,
231 2757 379 2841 magistri
408 2757 562 2824 Iohannis
584 2759 750 2848 Weyclrer
778 2760 819 2825 de
840 2759 1003 2843 Roemhilt,
1032 2759 1164 2848 plebani
1191 2760 1226 2824 in
1253 2757 1413 2847 Helpurg‚
1441 2755 1558 2822 Herbi-

134 2853 272 2940 polensis
295 2855 444 2940 diocesis,
465 2857 624 2946 inscripta
645 2869 719 2924 sunt
739 2859 814 2924 huic
836 2859 1026 2924 matriculae
1044 2861 1177 2924 nomina
1191 2858 1395 2924 dominorum
1409 2866 1442 2921 et
1457 2857 1559 2942 magi-

135 2963 271 3019 strorum
290 2955 437 3021 nacionis
459 2956 612 3022 eiusdem.
1570 2963 1601 3019 ¹⁰

256 3053 335 3118 Item
356 3053 443 3140 Mgr.
464 3054 626 3121 Iohannes
648 3055 825 3145 Weycker,
847 3067 883 3122 ut
905 3080 1015 3145 supra,
1037 3066 1174 3143 protunc
1195 3066 1309 3122 rector.

254 3153 335 3219 Item
357 3152 508 3220 dominus
530 3154 684 3238 Thomas,
707 3177 816 3221 comes
836 3157 870 3221 in
882 3156 1073 3237 Wertheim,
1094 3157 1267 3222 canonicus
1289 3154 1445 3221 eeclesiae
1464 3153 1559 3220 Barn-

298 3251 468 3338 bergensis
495 3277 535 3320 ac
560 3254 676 3319 beatae
701 3253 828 3318 Mariae
856 3256 994 3340 virginis
1025 3255 1060 3318 in
1087 3251 1277 3318 Tewerstad
1309 3263 1404 3319 extra
1433 3276 1561 3318 murum

296 3350 573 3438 Bambergensern
594 3354 810 3441 praepositus.

256 3447 336 3514 Item
358 3451 506 3517 dominus
527 3451 688 3518 Iohannes
708 3453 825 3536 iunior,
853 3473 961 3517 cornea
981 3452 1015 3516 in
1032 3449 1222 3531 Wortheim,
1252 3448 1464 3535 Coloniensis,
1492 3450 1561 3516 Ma·
1573 3459 1604 3514 1⁵

300 3551 513 3635 gumtinensis,
534 3550 783 3638 Argentinensia
807 3563 839 3617 et
858 3549 1107 3638 Herbipolensis
1128 3545 1339 3616 ecclesiarum
1360 3552 1544 3616 canonicus.

258 3648 337 3715 Item
359 3648 509 3716 dominus
529 3650 694 3736 Albertus,
721 3673 830 3716 comes
848 3653 884 3718 in
907 3649 1096 3734 Wertheim,
1124 3647 1327 3716 Coloniensis
1349 3673 1388 3716 ao
1408 3647 1563 3714 Bamber·

299 3750 410 3834 gensis
431 3746 640 3814 ecclesiarum
663 3751 846 3816 canonicus.
879 3789 881 3797 ι

258 3847 337 3932 Item
357 3849 443 3934 Mgr.
465 3847 702 3935 Burgkhardus
724 3849 765 3914 de
784 3848 954 3936 Balingen,
977 3871 1090 3916 sacrae
1109 3846 1293 3936 theologiae
1315 3848 1489 3937 professor.

259 3945 418 4014 Dominus
439 3947 612 4014 Ounradns
633 3947 733 4032 Thus,
754 3951 921 4036 utriusque
940 3951 1019 4014 iuris
1041 3948 1163 4014 doctor.
1573 3955 1607 4013 20

261 4045 342 4134 Mgr.
363 4045 520 4112 Albertus
540 4047 776 4135 Varrentrapp,
799 4047 913 4114 doctor
932 4049 966 4112 in
988 4047 1136 4112 decretis.

260 4144 421 4210 Dominus
444 4143 662 4211 Christoferus
683 4145 724 4210 de
745 4146 947 4230 Rotenhann,
970 4146 1084 4211 doctor
1104 4149 1139 4212 in
1159 4145 1309 4212 decretis.

260 4245 342 4332 hlgr.
362 4244 526 4310 Lubertus
547 4244 588 4310 de
609 4244 792 4333 Osenburg‚
815 4246 928 4312 doctor
948 4247 982 4310 in
1002 4244 1181 4310 medicinis.

262 4342 344 4429 Mgr.
366 4343 527 4411 Iohannes
549 4343 697 4432 Hylden,
716 4345 832 4416 doctor
851 4347 885 4410 in
906 4343 1086 4409 medicinis.

262 4441 344 4529 Mgr.
376 4442 586 4510 Bernhardus
607 4443 797 4510 Vorsohone
826 4443 867 4508 de
897 4443 1111 4528 Monosterio,
1141 4443 1255 4510 doctor
1285 4441 1500 4511 Bononiensis
1532 4445 1608 4509 inzt

304 4541 485 4626 medicinis,
503 4541 689 4629 Pragensis.

263 4639 345 4728 Mgr.
365 4642 575 4708 Hermanuus
595 4643 746 4728 Altdorff,
769 4663 883 4708 sacrae
903 4637 1085 4730 theologiae
1106 4641 1280 4730 professor.

264 4740 348 4905 Mgp.
368 4741 551 4905 §fulgidus
584 4741 871 4832 Wysscnbrunner
908 4740 949 4806 de
979 4741 1207 4830 Kyozringen,
1244 4763 1357 4808 sacrae
1387 4738 1570 4824 theologiae

328 4863 367 4906 ac
421 4862 518 4908 artua.

212 5092 224 5144 l
245 5085 286 5142 Im
301 5085 428 5160 Original
447 5085 580 5145 erhalten.
599 5085 663 5159 Vgl.
682 5086 820 5144 Urknndl.
839 5086 963 5154 Quallea.
980 5086 1008 5144 S.
1025 5091 1074 5145 7³2
1091 5085 1131 5160 fg.
