3794 6066
519 517 564 568 mit
582 470 847 568 Zniatabeachlttmn
864 517 905 568 bis
925 531 985 568 aum
1002 517 1085 568 Jahrc
1106 521 1178 570 teat.

526 715 573 764 na
595 713 752 764 umnnms
772 715 929 766 canossa.
973 718 1070 766 srsr.
1094 700 1182 768 35.¹·

719 799 790 850 Vom
806 803 889 852 Jstra
912 803 983 855 1521.

218 917 314 982 Ratio
335 915 437 998 docet,
458 917 602 1005 aequitas
621 917 713 982 iuxta
734 924 766 982 et
784 916 936 983 honestas
959 917 1105 1000 suadent,
1127 915 1253 983 libellos
1266 917 1408 981 famosos
1419 912 1553 1003 (quibus

141 1017 423 1084 indiscriminatim
438 1039 458 1082 a
472 1017 621 1105 pessimis
644 1037 742 1105 saepe
764 1016 841 1081 boni
861 1018 926 1082 viri
945 1017 1033 1084 fama
1047 1017 1279 1106 periclitantur,
1302 1012 1554 1101 proscinduntur

140 1129 170 1183 et
189 1117 256 1182 vivi
277 1115 538 1204 proscribuntur)
559 1115 612 1183 vel
634 1139 699 1181 non
719 1115 918 1202 effingendos
944 1117 997 1184 vel
1025 1117 1148 1184 effictos
1168 1137 1374 1204 nequaquam
1402 1111 1587 1192 edendos‚5

139 1240 217 1306 quoa
239 1215 346 1282 eciam
365 1216 439 1280 iura
459 1224 491 1280 et
511 1215 623 1281 divina
643 1224 676 1280 ct
694 1215 837 1282 bumana
857 1227 983 1302 vetant,
1007 1227 1200 1284 execrantur
1226 1225 1258 1281 et
1279 1215 1443 1296 damnant,
1466 1207 1553 1299 [63⁸]

138 1327 169 1382 et
196 1315 349 1382 authores
376 1337 485 1380 eorum
506 1315 590 1382 male
619 1317 711 1403 (quia
741 1315 963 1401 criminaliter)
990 1316 1178 1404 plectendos
1209 1315 1422 1404 praecipiunt
1469 1311 1556 1376 Hinc

139 1416 334 1482 universitas
355 1423 440 1497 tota,
473 1415 625 1482 concordi
645 1417 787 1482 omnium
807 1417 979 1483 nacionum
1002 1417 1174 1504 suffragio,
1207 1417 1318 1481 statuit
1339 1412 1556 1498 decrevitque,

139 1538 188 1598 ne,
211 1515 355 1580 cuiusvis
376 1513 500 1600 gradus
519 1515 626 1599 fuerit,
650 1517 871 1582 universitatis
892 1517 1073 1582 membrum
1094 1515 1251 1582 eiusmodi
1261 1513 1388 1581 libellos
1401 1514 1553 1592 famosos,

137 1615 265 1681 chartas
287 1624 345 1680 aut
365 1613 501 1680 schedas
524 1615 665 1702 effingat,
687 1613 841 1703 publicet,
863 1617 995 1700 scribat,
1018 1626 1154 1704 spargat
1172 1638 1231 1702 per
1254 1614 1421 1702 sevelper
1440 1611 1594 1692 alium,10

138 1737 197 1780 nce
216 1713 459 1800 effingentibus,
482 1713 741 1803 publicantibus,
764 1715 998 1799 scribentibus,
1021 1715 1250 1803 spargentibus
1271 1713 1456 1794 adhaereat,
1479 1733 1552 1777 con-

138 1815 277 1896 senciat,
300 1812 446 1879 consulat
467 1813 613 1880 locumve
635 1815 689 1881 det
709 1815 774 1881 ullo
795 1815 907 1899 modo,
934 1839 999 1880 non
1019 1817 1122 1881 eciam
1144 1827 1274 1901 praeter
1296 1837 1387 1902 spem
1408 1822 1440 1878 et
1460 1811 1555 1876 forte-

136 1915 298 1981 sortunam
318 1914 470 1980 inventos
492 1924 550 1981 aut
570 1914 751 2003 publicatos
775 1913 829 1982 ulii
851 1915 904 1980 vel
926 1916 999 1981 aliis
1021 1915 1199 2002 praelegat,
1221 1914 1279 1980 sed
1300 1913 1450 2001 deponat,
1472 1911 1555 1976 lace·

137 2024 188 2080 ret
207 2022 263 2080 aut
284 2012 327 2080 cd
347 2023 508 2080 rectorem
529 2015 658 2100 afferat,
689 2037 749 2082 nec
779 2015 975 2103 deponentes
997 2014 1183 2102 prohibeat,
1214 2013 1273 2082 sub
1302 2035 1407 2104 poena
1427 2010 1480 2078 vel
1501 2033 1556 2076 ex-

139 2113 292 2182 clusionis
311 2113 366 2180 vel
384 2113 600 2200 relegacionis
622 2137 682 2203 pro
703 2113 892 2183 condicione
910 2115 1028 2181 delicti.
1527 2156 1530 2166 -
1567 2117 1598 2174 15

220 2473 378 2532 Himsoet
389 2473 474 2550 solpt
494 2473 590 2547 aas3
612 2472 711 2532 Saites
732 2475 782 2533 Bt.
805 2475 860 2536 64·
881 2504 920 2514 -
941 2473 1011 2536 652:
1034 2469 1219 2554 Registrum
1242 2467 1440 2535 statutorum
1462 2467 1557 2554 Legi·

141 2567 253 2634 biliam
260 2618 269 2652 ,
297 2590 435 2656 quorum
462 2569 605 2656 primum
627 2577 675 2634 est
696 2567 736 2633 de
756 2578 903 2657 tempore
924 2593 951 2632 a.
972 2593 995 2636 s.
1019 2593 1055 2633 w.
1089 2607 1121 2618 ·-
1152 2573 1219 2630 Das
1246 2573 1385 2649 Ropister
1414 2573 1557 2630 errtrectt

141 2673 201 2734 stet
222 2674 288 2730 auo
304 2691 365 2730 nur
385 2677 446 2748 uus
463 2673 520 2732 den
539 2673 659 2732 aweiten
683 2673 766 2732 Tleit
786 2675 850 2732 aad
867 2672 944 2749 picbt
967 2674 1022 2733 der
1041 2672 1137 2733 licita
1157 2673 1234 2732 noct
1255 2673 1312 2730 den
1329 2673 1433 2732 Induit
1461 2668 1560 2750 (nieht

45 2759 52 2772 ⁸
138 2791 236 2849 pennu
257 2771 305 2831 die
329 2769 589 2851 Ueberaclsrs'stcn)
611 2775 665 2831 der
686 2772 832 2834 Statuten.
1580 2768 1587 2783 “

220 2937 291 3013 Ans
304 2939 355 2997 Bl-
376 2939 432 3002 66·
451 2969 493 2980 ·-
514 2935 569 3002 67¹2
582 2939 665 3016 solpt
685 2939 748 2998 eine
769 2937 923 3013 Abacdrist
943 2941 995 2998 dea
1016 2959 1073 2998 von
1098 2938 1197 3016 Georp
1221 2939 1299 3004 1536
1321 2939 1475 2999 ertbet'lten
1487 2933 1602 2999 Pri-20

142 3033 298 3122 vilegium
319 3032 506 3120 sepulturae
529 3033 639 3116 (vergi.
661 3040 719 3098 den
737 3038 876 3098 Abdrucl·
897 3038 929 3097 in
950 3040 1007 3098 den
1028 3059 1084 3097 von
1103 3039 1160 3097 mir
1187 3039 1457 3117 beauapepebemn
1476 3033 1561 3100 Acta

139 3133 315 3199 Raetorum
336 3137 369 3197 S.
383 3135 475 3216 tub),
496 3139 618 3197 welches
639 3139 783 3214 ebensalls
804 3157 862 3195 non
882 3137 949 3196 Zeit
969 3157 1005 3196 au
1027 3138 1092 3197 Zcit
1113 3139 1264 3214 ’offentlicb
1284 3141 1417 3198 verterem
1440 3160 1477 3198 zu
1497 3139 1562 3198 aeia

141 3238 264 3310 reddat,
284 3236 338 3296 wie
348 3255 405 3294 aas
414 3238 472 3298 dea
482 3237 635 3296 coeddam
647 3237 786 3296 Selluaae
806 3239 861 3296 der
872 3237 1045 3315 Einleituny
1066 3233 1170 3316 (Acta
1179 3233 1351 3301 Rectorum
1367 3239 1398 3299 S.
1418 3240 1467 3318 79,
1482 3240 1519 3302 19
1527 3237 1561 3319 b)

139 3356 182 3396 cn
204 3337 369 3397 dcnRand
385 3334 611 3414 pandriebenen
639 3337 757 3396 Worten
779 3331 844 3396 Hic
865 3333 972 3420 incipe
992 3333 1100 3421 legere
1121 3339 1304 3414 tmorpett.
1352 3338 1412 3397 Eia
1422 3338 1562 3398 Atdruck

137 3437 245 3516 peltb'rt
266 3437 366 3496 iadeaa
386 3435 466 3494 aicit
486 3434 595 3508 dieder,
615 3438 745 3496 condem
768 3435 800 3494 in
820 3437 876 3496 dns
902 3436 1148 3498 Urkandenbucd.
1567 3440 1601 3498 25

223 3604 292 3677 Ans
306 3604 355 3664 Bt.
376 3599 433 3667 74¹>
451 3635 491 3646 —
501 3603 557 3663 75·
576 3601 647 3662 sind
662 3604 681 3665 5
694 3603 810 3664 Artilrel
830 3604 1029 3681 einpetraqen,
1049 3603 1095 3664 die
1110 3605 1351 3681 Erlanpnnydea
1364 3603 1558 3682 dignatatum

143 3703 303 3764 unruoch
325 3706 376 3762 dcc
399 3698 677 3761 Commorat-tama
700 3703 876 3782 betreffcud,
907 3703 954 3763 die
974 3703 1020 3762 icis
1042 3703 1107 3762 dier
1127 3703 1207 3763 nicht
1228 3705 1398 3778 ausnebme,
1425 3705 1491 3762 weil
1511 3705 1557 3764 iet

141 3805 184 3863 aie
205 3811 296 3863 natm
318 3802 356 3860 im
377 3801 523 3878 Antanpe
541 3821 606 3860 zum
624 3796 811 3866 Libellus
837 3798 1078 3866 formularis
1100 3823 1156 3862 aus
1174 3804 1229 3862 der
1248 3803 1408 3882 Matritet,
1431 3823 1486 3862 aaa
1507 3806 1561 3864 der

141 3905 184 3963 aie
210 3905 287 3963 auct
312 3903 377 3961 dier
407 3900 631 3977 abqesctrs'eben
657 3903 741 3982 siud,
773 3903 932 3964 mittheilen
966 3905 1072 3964 werde.
1117 3903 1173 3962 Die
1199 3903 1442 3979 Uebersclrsftca
1463 3905 1558 3967 derb

140 4003 257 4064 Artdcel
278 4022 320 4063 an
339 4019 466 4061 amarer
487 4000 577 4058 Stella
598 4003 718 4062 lanum
1568 4008 1602 4065 30

309 4155 336 4216 1.
358 4145 498 4229 Quando
520 4145 710 4214 admittatur
730 4149 877 4216 alumnus
898 4150 993 4217 huius
1008 4149 1231 4216 universitatis
1247 4149 1295 4214 uti
1312 4151 1560 4216 conservatorio.

392 4249 443 4330 (S.
465 4270 493 4310 a.
514 4251 727 4329 Autonomos
746 4248 873 4316 libellus
896 4249 1079 4316 formularis
1100 4256 1177 4314 Nro.
1202 4256 1216 4314 1
1239 4273 1266 4314 a.
1288 4251 1336 4331 2.)

307 4355 337 4416 2.
359 4347 412 4414 De
434 4347 558 4433 signeto
580 4345 687 4413 dando
707 4348 760 4414 vel
781 4348 930 4436 negando
958 4351 1008 4430 (S.
1031 4373 1059 4415 a.
1082 4373 1109 4414 a.
1134 4353 1167 4413 0.
1189 4355 1264 4410 Nro.
1285 4355 1304 4416 3
1305 4353 1334 4430 J.

308 4454 336 4518 3.
357 4447 411 4513 De
433 4447 612 4512 iuramento
634 4449 830 4535 praestando
853 4449 903 4530 (S.
925 4472 953 4513 α.
974 4472 1003 4512 a.
1028 4452 1061 4512 0.
1084 4454 1160 4512 Nro.
1183 4451 1232 4532 4).

307 4553 336 4614 4.
358 4545 523 4627 Quantum
544 4543 641 4611 debet
661 4546 734 4614 dari
755 4572 815 4638 pro
835 4549 959 4634 signeto
981 4549 1032 4627 (S.
1052 4571 1081 4611 a.
1103 4571 1132 4612 n.
1146 4551 1190 4631 O.
1211 4554 1287 4613 Nro.
1310 4553 1358 4634 5).
1569 4557 1603 4613 35

309 4655 338 4714 5.
361 4645 415 4711 De
436 4653 530 4734 parto
549 4648 683 4714 rectoris
705 4649 755 4728 (S.
779 4672 807 4713 a.
831 4673 860 4714 α.
886 4653 921 4714 0.
941 4655 1017 4710 Nro.
1038 4652 1086 4729 6).

232 4751 356 4825 Vorans
370 4751 446 4810 steht
464 4739 610 4822 ἸΗσοῦς
628 4743 784 4831 Χριστὸς,
807 4755 871 4812 aad
890 4772 938 4812 am
958 4752 1111 4812 &dicaces
1137 4741 1240 4822 Τέλος
1260 4743 1319 4810 σὺν
1341 4747 1421 4832 θεῷ.

259 4953 266 5001 ι
288 4947 344 5002 nm
361 4945 458 5001 ames
475 4953 556 5000 naso
579 4948 637 4999 1⁵21
656 4945 706 4999 aa
725 4945 804 5000 ntea
821 4943 1087 5032 remeaturos)
