3794 6066
356 481 415 544 116
821 470 876 522 Des
893 469 1029 522 Iohannes
1045 467 1125 522 subs
1147 469 1180 522 dc
1196 471 1310 523 Wsrdea

356 659 479 726 vetoris
497 653 824 741 magnificentissimi,
847 675 971 718 necnon
989 649 1160 718 reverendi
1181 653 1216 717 in
1239 652 1368 720 Cbristo
1390 653 1495 740 patris
1515 665 1549 720 et
1561 652 1695 738 domiui,
1717 653 1771 720 do·

355 761 433 824 mini
454 756 582 822 'lilouis
602 763 678 836 etc,
708 752 852 818 eiusdem
880 753 1100 818 universitatis
1129 751 1313 818 cancellarii
1334 754 1420 818 unici
1442 763 1474 818 et
1495 753 1694 840 dignissimi,
1724 755 1771 820 .N.

353 859 394 924 de
417 858 464 923 .N.
486 867 547 921 etc
575 863 681 919 rector
707 851 841 917 mandat
866 851 1013 918 omnibus
1035 861 1067 916 et
1088 849 1222 938 singulis
1243 852 1463 917 universitatis
1486 852 1632 918 eiusdem
1654 875 1771 940 suppo·

354 960 435 1042 sitis,
465 965 559 1021 extra
580 952 717 1038 collegia
736 951 871 1038 locaque
893 951 1078 1039 approbata
1096 949 1273 1033 stantibus,
1299 950 1500 1016 morantibus
1522 961 1579 1018 aut
1600 951 1770 1018 comeden-

326 1059 454 1139 ttibus,
476 1065 634 1144 quatenus
654 1051 740 1116 infra
760 1051 835 1116 binc
856 1061 888 1116 et
907 1051 993 1116 diem
1012 1051 1116 1116 sancti
1136 1051 1184 1116 .N.
1205 1051 1354 1138 proxime
1376 1061 1547 1116 venturum
1569 1051 1612 1118 ad
1634 1052 1772 1138 collegia

353 1169 387 1223 et
413 1156 529 1221 bursas
556 1151 773 1240 approbatas,
799 1149 921 1215 ibidem
942 1147 1026 1239 [271¹]
1048 1149 1181 1233 stando,
1209 1147 1384 1232 morando,
1418 1149 1615 1218 comedendo
1644 1174 1683 1217 ac
1705 1151 1772 1216 alia

353 1261 426 1322 iura
445 1253 624 1320 bursalium
644 1249 803 1332 faciendo,
826 1272 896 1314 sese
918 1251 1085 1337 recipiant.
1122 1247 1189 1315 Sub
1210 1271 1315 1337 poena
1334 1251 1429 1314 unius
1450 1273 1633 1336 sexagenas
1654 1274 1769 1334 novae,

352 1356 555 1424 universitati
575 1347 843 1418 irremissibiliter
862 1348 1097 1436 persolvendae
1116 1350 1248 1432 tociens,
1270 1351 1418 1436 quotiens
1438 1360 1513 1438 post
1532 1351 1770 1438 praescriptum

350 1470 476 1544 tempus
507 1463 601 1519 extra
630 1449 813 1516 huiusmodi
841 1449 914 1514 loca
941 1448 1124 1538 approbata
1151 1448 1237 1514 ultra
1261 1471 1406 1514 mensem
1435 1459 1538 1534 stare,
1570 1453 1693 1516 morari
1715 1461 1772 1516 aut

312 1570 344 1625 to
353 1555 521 1624 comedere
539 1550 826 1640 praesumpserint
866 1549 1003 1636 Insuper
1023 1550 1137 1635 vigore
1157 1559 1436 1636 praememoratae
1451 1549 1576 1616 ducalis
1590 1573 1630 1616 ac
1645 1551 1770 1638 episco-

351 1657 435 1746 palis
457 1651 693 1720 commissionis
721 1647 855 1714 mandat
876 1648 1027 1715 omnibus
1047 1659 1080 1714 et
1100 1647 1237 1735 singulis
1258 1647 1440 1714 antedictae
1460 1651 1685 1716 universitatis
1706 1663 1771 1716 stu·

350 1754 512 1837 dentibus,
533 1761 691 1840 quatenus
711 1747 817 1814 nullos
838 1749 984 1835 ipsorum
1004 1748 1158 1836 deinceps
1178 1750 1213 1814 in
1234 1748 1347 1816 babitu
1366 1749 1536 1816 inhonesto
1558 1749 1772 1816 acindeecuti

351 1857 514 1942 statuimus
535 1875 595 1918 suo
616 1850 749 1916 minime
773 1849 977 1934 congueuti,
999 1847 1144 1913 vestibus
1166 1847 1318 1914 videlicet
1336 1850 1438 1914 nimia
1456 1848 1617 1916 brevitate
1638 1851 1771 1932 notatis,

350 1957 480 2024 collario
509 1950 687 2020 cancellato
713 1948 766 2014 vel
793 1950 827 2014 in
851 1949 983 2015 dorsum
1004 1949 1100 2012 nimis
1122 1948 1249 2030 exciso,
1278 1949 1436 2034 pectorali
1457 1949 1654 2028 effeminato,
1684 1949 1771 2038 pileo

311 2069 341 2125 15
352 2056 471 2138 laicali,
492 2050 655 2140 caputiolo
676 2048 767 2114 brevi
786 2071 843 2112 scu
862 2049 994 2135 petiato,
1015 2048 1120 2113 ocreis
1139 2045 1278 2134 plicatis,
1298 2047 1463 2132 hasucula,
1486 2049 1619 2132 birreto,
1641 2049 1771 2135 caligis·

351 2180 413 2244 que
434 2155 565 2220 diversa
583 2148 811 2218 intersectione
832 2147 974 2214 colorum
994 2147 1159 2230 formatis,
1189 2157 1245 2212 ant
1271 2167 1461 2237 quocunque
1492 2148 1558 2215 alio
1577 2147 1692 2214 illicito
1715 2149 1771 2214 ha·

349 2259 435 2340 bitu,
456 2265 523 2320 tam
544 2254 578 2318 in
598 2250 714 2339 plateis
736 2269 832 2336 quam
853 2249 888 2312 iu
909 2247 1055 2333 collegiis
1079 2257 1137 2312 sut
1157 2245 1230 2312 aliis
1252 2247 1495 2335 quibuscunque
1516 2247 1657 2336 publicis
1680 2248 1770 2331 locis,

348 2356 499 2423 incedere
519 2359 721 2440 praesumat,
741 2369 847 2435 poena
867 2347 926 2412 sub
948 2347 1139 2435 praemissa.
1178 2346 1312 2412 Datumv
1324 2357 1382 2412 eta

394 2531 444 2592 65.
469 2535 618 2588 aemulo
640 2531 798 2582 buculus
819 2531 998 2580 SUPPOSITI
1019 2530 1264 2578 summotus
1286 2531 1402 2579 clussl
1424 2532 1469 2578 ΕΤ
1492 2531 1722 2582 CONTUMACIS.

306 2667 342 2726 20
431 2657 500 2721 Nos
523 2653 572 2718 .N.
593 2659 709 2732 rector,
731 2649 806 2734 quia
826 2647 942 2734 aliquis
955 2647 1011 2730 N,
1031 2657 1163 2712 nostrae
1182 2647 1401 2712 univcrsitatis
1424 2650 1636 2735 suppositum,
1659 2649 1702 2714 ad
1715 2673 1769 2716 ex·

348 2754 553 2846 purgandum
575 2771 611 2816 se
631 2749 673 2813 de
690 2746 873 2829 homicidio,
901 2769 1005 2834 nuper
1026 2748 1060 2812 in
1081 2769 1254 2833 personam
1274 2745 1435 2831 quondam
1457 2747 1591 2813 discreti
1611 2748 1660 2814 .N.
1684 2772 1769 2814 com·

347 2860 463 2938 misso,
490 2853 531 2919 dc
560 2872 622 2938 quo
644 2848 849 2914 vehementer
870 2846 1007 2912 babctiur
1029 2855 1215 2932 suspectus,
1245 2855 1343 2932 prout
1364 2869 1385 2912 a
1404 2847 1577 2932 fidedignis
1597 2848 1695 2914 nobis
1715 2849 1767 2916 de·

348 2959 518 3024 nunciatus
550 2947 634 3039 [28⁸]
665 2957 770 3030 extat,
806 2956 862 3012 aut
893 2946 937 3011 ad
971 2945 1178 3033 allegandum
1212 2968 1327 3011 causas
1355 2945 1583 3030 rationabiles,
1623 2950 1652 3014 si
1688 2971 1768 3037 quas

347 3058 499 3138 baberet,
527 3076 584 3118 cur
612 3052 655 3117 ad
676 3049 858 3136 praemissa
878 3069 943 3112 non
961 3056 1140 3129 teneretur,
1167 3047 1201 3110 in
1223 3055 1344 3112 certmn
1366 3049 1555 3130 terminum,
1582 3059 1660 3114 bine
1686 3051 1768 3114 futu-

305 3169 420 3226 25rum
444 3159 509 3221 iam
531 3175 608 3218 vero
632 3149 752 3215 dudum
776 3145 944 3228 effluxum,
968 3145 1164 3211 sufficienter
1185 3155 1218 3210 ct
1237 3148 1391 3212 canonice
1413 3148 1599 3212 citavimus:
1621 3149 1678 3234 qui
1699 3151 1768 3236 qui·

348 3259 422 3326 dem
446 3256 480 3320 in
506 3253 642 3318 termino
672 3248 833 3314 citationis
859 3245 1043 3311 huiusmodi
1071 3268 1259 3334 comparere
1287 3269 1397 3311 coram
1418 3245 1513 3312 nobis
1534 3249 1768 3312 contumaciter

345 3357 503 3444 neglexit:
525 3374 626 3442 quare
647 3349 785 3416 eundem
807 3347 855 3416 .N.
879 3369 919 3410 ex
941 3345 1218 3433 superabundanti
1249 3347 1442 3430 requirimus
1464 3356 1495 3410 et
1517 3368 1701 3428 monemus,
1734 3357 1769 3412 ut

346 3457 452 3524 adbuc
486 3455 572 3519 inira
603 3473 721 3516 novem
755 3448 823 3513 dies
856 3455 931 3533 post
955 3446 1178 3512 executionem
1205 3449 1423 3532 praesentium
1451 3447 1602 3533 proxime
1631 3447 1767 3530 suanos,

346 3579 481 3648 quorum
502 3553 632 3641 quidem
652 3571 770 3614 novem
790 3547 918 3612 dierum
941 3547 970 3610 ci
992 3555 1058 3610 tres
1080 3567 1139 3631 pro
1161 3547 1278 3632 primo,
1297 3556 1364 3610 tres
1385 3569 1445 3634 pro
1459 3549 1511 3628 2⁰,
1533 3545 1676 3635 reliquos
1688 3569 1766 3614 vero

249 3645 255 3652 ’
303 3657 477 3725 30ultimos
505 3664 572 3718 tres
598 3673 658 3738 pro
679 3647 898 3736 peremptorio
922 3646 1125 3730 assignamus
1146 3647 1298 3728 termino,
1327 3669 1435 3712 coram
1455 3645 1550 3710 nobis
1571 3657 1604 3712 ct
1624 3669 1766 3712 assesso

345 3757 435 3822 ribus
459 3754 581 3818 nostris
608 3752 643 3814 in
672 3747 745 3814 loco
771 3755 904 3812 nocuae
931 3743 1044 3809 solitae
1072 3743 1267 3810 residentiae
1294 3745 1438 3832 legitime
1458 3757 1664 3834 compareat,
1696 3769 1767 3812 sese

346 3856 387 3921 de
412 3863 580 3940 praetacto
602 3845 776 3914 homicidio
798 3853 1038 3932 expungaturus
1058 3842 1109 3908 vel
1135 3867 1250 3910 causas
1272 3855 1386 3910 contra
1406 3848 1589 3933 praemissa
1610 3846 1764 3933 allegatu-

344 3977 408 4021 rus.
450 3952 604 4039 Alioquin
625 3948 712 4014 dicto
733 3945 917 4010 monitionis
938 3945 1076 4008 termino
1099 3943 1218 4010 effluxo
1239 3943 1372 4010 adeius
1393 3945 1613 4012 exclusionem
1633 3955 1693 4012 etc.

450 4126 498 4188 66.
532 4131 742 4194 mDsTmt,
764 4129 809 4176 rm
830 4128 966 4188 ALIQUIS
986 4129 1194 4178 nisrmonis
1214 4129 1441 4180 oxnncsurss
1460 4131 1528 4178 vni
1551 4131 1652 4180 cinci

303 4233 336 4290 35
731 4229 953 4278 rsucnsriuu
973 4227 1178 4278 recusares
1201 4227 1377 4278 mrsnuu

426 4353 513 4434 Quia
531 4350 686 4418 nobilium
709 4355 895 4428 conventus,
915 4367 1105 4433 camporum
1123 4365 1267 4430 pugnam
1278 4343 1330 4410 die
1343 4345 1454 4411 Lunae
1464 4350 1617 4433 proxima
1630 4371 1763 4436 sequen·

342 4456 494 4542 tibusque
518 4450 632 4517 diebus
659 4453 752 4515 iuxta
771 4447 974 4534 pancratium
993 4448 1027 4509 iu
1046 4445 1116 4510 foro
1138 4455 1356 4510 constructum
1378 4445 1507 4533 publice
1527 4446 1763 4514 demonstratu-

344 4581 400 4622 rus
420 4555 628 4637 lusurusque,
657 4548 799 4614 diversis
823 4547 923 4611 armis
949 4557 981 4610 et
1004 4542 1215 4610 defendiculis
1236 4546 1320 4609 inter
1341 4545 1552 4633 pugnandum
1573 4548 1764 4615 ludendum-

346 4679 408 4745 que
422 4663 539 4735 uteba,
562 4649 679 4738 quibus
700 4647 821 4714 incauti
836 4655 1045 4732 spectatores,
1067 4643 1251 4710 huiusmodi
1266 4647 1437 4732 pancratio
1452 4650 1764 4737 appropinquantes,

301 4767 402 4823 want
437 4756 534 4820 etiam
567 4753 647 4840 ipsis
681 4745 768 4836 [28¹³]
798 4745 963 4834 pugilibus
990 4743 1086 4810 facile
1111 4746 1206 4822 (sicut
1237 4745 1457 4811 verisimiliter
1490 4747 1667 4814 timendum
1701 4757 1763 4830 est)

344 4855 431 4923 laedi
453 4862 607 4942 potenmt
628 4860 662 4916 et
683 4847 818 4930 offendi,
845 4855 1018 4932 eapropter
1038 4843 1086 4910 .N.
1108 4853 1168 4908 etc.
1189 4854 1296 4910 rector
1321 4844 1455 4912 mandat
1475 4847 1624 4914 omuibus
1646 4859 1679 4913 et
1701 4851 1762 4914 sin·

345 4957 430 5044 gulis
451 4953 672 5020 universitatis
694 4947 840 5013 eiusdem
862 4946 1049 5032 suppositis,
1070 4955 1227 5028 quatenus
1241 4944 1361 5010 nullum
1384 4947 1529 5032 ipsorum
1549 4950 1763 5038 praescriptis

346 5054 460 5120 diebus
488 5053 669 5140 praefatum
696 5048 900 5135 pancratium
930 5044 998 5110 ludi
1025 5043 1209 5110 huiusmodi
1235 5045 1403 5131 spectandi
1432 5069 1531 5112 causa
1557 5047 1686 5134 ingredi
1711 5048 1763 5114 vel

344 5155 407 5240 ipsi
435 5153 529 5218 nimis
561 5151 827 5238 appropinquare
851 5147 961 5233 sicque
981 5143 1146 5231 pugilibus
1168 5146 1250 5231 ipsis
1271 5144 1501 5232 impedimento
1523 5159 1672 5212 essesut
1694 5171 1765 5214 sese
