3794 6066
690 483 810 537 Libellus
827 481 986 538 formulario.
1493 489 1551 556 143

120 663 220 730 nostri
247 660 395 730 adventu
420 667 487 730 iam
513 687 578 730 non
606 687 665 753 per
691 665 875 750 involucra,
904 666 1174 754 quemadmodum
1202 669 1318 750 ceteri,
1345 669 1551 754 vaticinatur,

123 763 178 828 sed
207 773 329 848 aperta
352 765 497 829 oratione
523 787 563 829 ae
591 764 693 850 digito
720 767 817 830 etiam
845 775 1077 830 commonstrat
1106 787 1188 846 eum,
1216 768 1271 850 qui
1294 763 1380 854 [68¹²]
1400 770 1555 834 universa

123 863 219 927 huius
240 862 359 926 mundi
386 873 523 950 peccata
541 875 573 929 et
593 865 792 950 impietatem
815 887 942 931 omnem
970 864 1118 946 aulierat,
1143 873 1176 928 et
1197 887 1311 930 veram
1330 865 1419 930 illam
1447 865 1552 932 lucem

121 960 229 1048 palam
252 961 407 1044 ostendit
437 985 521 1049 quae
542 962 728 1028 sedentibus
749 964 783 1028 in
803 962 919 1028 umbra
939 965 1054 1028 mortis
1075 964 1237 1028 universis
1257 963 1441 1030 hominibus
1462 966 1552 1030 afful-

122 1062 199 1126 serit
226 1069 261 1125 et
292 1083 377 1148 quae
399 1083 509 1126 omnes
530 1061 690 1126 humanae
712 1063 800 1127 vitae
829 1061 981 1126 tenebras
1004 1061 1107 1128 radiis
1133 1073 1166 1128 et
1186 1063 1335 1130 claritate
1356 1087 1417 1129 sua
1436 1063 1577 1132 illumi-t

121 1162 215 1225 narit.
254 1159 467 1247 Quapropter
481 1184 547 1228 non
567 1160 690 1248 absque
712 1161 838 1226 ratione
853 1159 983 1224 videtur
1004 1169 1196 1247 usurpatum
1216 1162 1279 1228 hoc
1300 1184 1371 1228 esse
1392 1185 1413 1228 a
1432 1165 1552 1250 populo

125 1259 316 1327 Christiano
338 1267 371 1324 et
390 1261 455 1325 iam
477 1262 587 1327 multis
609 1263 702 1325 annis
726 1258 943 1341 observatum,
969 1269 1006 1324 ut
1026 1262 1060 1324 in
1080 1263 1269 1326 memoriam
1290 1271 1445 1348 acceptae
1470 1263 1552 1328 lucis

121 1370 274 1424 aeternae
296 1358 487 1426 ardentibus
508 1360 581 1426 ollis
602 1368 634 1425 et
663 1356 792 1444 ignibus
822 1359 946 1443 passim
972 1359 1113 1424 incensis
1141 1360 1298 1446 gaudium
1327 1371 1360 1426 et
1386 1360 1550 1426 laeticiam

121 1482 212 1524 suam
235 1467 408 1524 attestetur
429 1481 469 1524 ac
489 1480 568 1545 prae
591 1481 625 1524 se
646 1458 737 1522 ferat
779 1457 892 1544 Itaque
913 1479 973 1522 nos
987 1457 1177 1523 Fridericus
1191 1458 1408 1526 Arthemisius
1430 1473 1548 1545 rector,

122 1555 206 1645 [69⁸]
233 1557 380 1644 inclytae
408 1558 503 1623 buius
533 1557 756 1622 universitatis
785 1565 908 1638 rector,
936 1556 1130 1622 mandamus
1161 1558 1310 1624 omnibus
1339 1581 1379 1624 ac
1411 1561 1549 1646 singulis
1560 1571 1592 1627 10

123 1659 347 1744 cuiuscunque
367 1657 491 1724 ordinis
513 1656 726 1736 scholasticis,
747 1677 788 1720 ne
810 1677 1012 1721 communem
1032 1657 1174 1720 omnium
1194 1657 1356 1723 laeticiam
1377 1660 1553 1745 importuni

121 1756 348 1838 interturbent,
376 1779 457 1822 neve
482 1757 633 1822 convivia
655 1765 688 1820 et
712 1753 846 1824 choreas
868 1753 1077 1820 ductantibus
1106 1755 1233 1822 civibus
1255 1757 1355 1822 verbo
1383 1772 1441 1824 aut
1466 1759 1551 1824 lacto

122 1859 186 1923 sint
211 1857 353 1939 molesti,
381 1854 442 1921 sub
464 1857 559 1922 unius
584 1877 689 1922 novae
711 1874 894 1938 sexagenas
915 1853 1045 1937 mulcta,
1072 1856 1278 1920 universitati
1304 1865 1336 1920 et
1363 1857 1460 1923 nobis
1481 1860 1551 1923 sine

122 1955 362 2023 condonatione
392 1953 617 2042 persolvenda.
659 1953 704 2018 Et
734 1954 811 2037 quia
842 1951 904 2017 hoc
931 1953 999 2017 lere
1028 1964 1189 2039 tempore,
1221 1957 1550 2024 circumcursantibus

122 2055 263 2144 undique
286 2055 398 2138 ebriis,
424 2052 641 2141 periculosum
668 2062 716 2116 est
738 2049 911 2116 hincinde
932 2052 967 2114 in
987 2052 1122 2117 multam
1140 2063 1267 2118 noctem
1288 2057 1414 2140 vagari,
1442 2055 1593 2122 horta-lt

121 2177 191 2220 mur
213 2176 327 2220 omnes
349 2175 389 2218 ac
412 2151 566 2238 singulos,
594 2173 636 2217 ne
655 2150 846 2236 vagabundi
868 2171 926 2236 per
947 2172 1058 2216 omnes
1080 2151 1205 2236 plateas
1226 2151 1388 2236 oberrent,
1416 2155 1474 2218 sed
1496 2154 1552 2220 do·

125 2257 168 2318 mi
189 2275 270 2318 suae
290 2253 400 2340 potius
426 2261 457 2316 et
477 2253 512 2316 in
531 2251 593 2316 hac
614 2260 728 2315 nostra
748 2251 880 2335 regione
901 2259 1061 2317 maneant.
1106 2249 1161 2314 Sic
1182 2252 1266 2316 enim
1287 2263 1320 2316 et
1340 2255 1449 2318 onmia
1467 2256 1552 2340 peri·

126 2353 235 2418 culosa
256 2351 412 2418 facillime
434 2350 576 2436 effugere
603 2361 635 2416 et
654 2348 755 2416 nihilo
777 2349 882 2413 minus
900 2345 984 2435 [aab]
1000 2363 1109 2416 tamen
1130 2348 1207 2414 laeti
1229 2373 1300 2416 esse
1321 2373 1382 2437 pro
1405 2363 1552 2439 tempore

123 2453 276 2540 poterint.
308 2451 388 2518 Dat.
410 2449 470 2516 sub
493 2449 600 2536 sigillo
620 2457 811 2530 rectoratus,
835 2451 922 2513 1534.

390 2620 458 2682 128.
483 2630 813 2680 uxrnsonnmnnrsn
837 2617 1332 2681 surru1cnrrou1srosuuna¹
1559 2623 1595 2682 to

202 2747 416 2815 Reverendus
444 2748 479 2811 in
507 2744 636 2812 Christo
666 2757 759 2833 pater
789 2769 829 2812 ae
857 2746 1016 2831 dominus,
1044 2747 1194 2812 dominus
1215 2747 1415 2831 Vincentius,
1442 2748 1554 2814 divina

126 2849 334 2937 providentia
362 2847 534 2934 episcopus
560 2844 832 2931 Mersburgensis,
860 2845 1010 2911 dominus
1038 2869 1077 2911 ac
1098 2846 1310 2912 cancellarius
1331 2849 1554 2912 universitatis

122 2957 252 3014 nostrae
278 2947 453 3032 gratiosus,
479 2966 538 3032 per
560 2944 745 3010 universam
767 2944 942 3010 dioecesim
969 2968 1061 3010 suam
1086 2946 1270 3011 divinorum
1291 2946 1473 3012 rectoribus
1493 2946 1554 3011 hoc

127 3049 160 3112 in
180 3045 348 3112 mandatis
370 3043 469 3125 dedit,
491 3054 537 3125 ut,
559 3045 712 3131 quoniam
734 3043 819 3108 hanc
840 3053 997 3108 aestatem
1017 3043 1164 3110 inaudita
1187 3046 1315 3110 siccitas
1336 3053 1466 3132 praeter
1486 3068 1552 3110 mo·

126 3147 200 3212 dum
223 3145 346 3211 afflixit
367 3154 398 3208 et
417 3153 588 3230 praeterea
610 3141 754 3230 undique
773 3142 934 3208 bellorum
954 3153 1095 3208 terrores
1118 3165 1157 3208 ac
1170 3144 1324 3209 turnultus
1343 3143 1445 3209 multa
1466 3151 1594 3208 mor-2⁵

124 3245 243 3311 talibus
267 3243 355 3308 mala
375 3244 548 3325 minentur,
575 3241 690 3329 procul
714 3241 814 3307 dubio
845 3243 892 3306 sic
914 3241 1119 3328 exigentibus
1151 3243 1442 3329 peccatisnostris,
1466 3237 1550 3328 [70²]

126 3357 161 3411 ut
182 3368 242 3434 per
265 3341 536 3430 supplicationem
558 3342 732 3431 publicam,
756 3361 838 3427 quae
860 3363 932 3404 cras
951 3339 1178 3424 celebrabitur,
1201 3341 1255 3406 dei
1277 3350 1344 3427 opt.
1357 3363 1443 3406 max.
1458 3342 1552 3406 mise-

125 3443 300 3509 ricordiam
333 3452 366 3506 et
396 3463 489 3528 opem
523 3441 720 3528 singularem
747 3441 781 3503 in
807 3440 906 3503 tantis
933 3439 1181 3504 necessitatibus
1208 3439 1428 3527 imploremus,
1457 3449 1493 3503 ut
1522 3448 1554 3504 et

126 3543 220 3626 mala,
243 3563 327 3628 quae
348 3543 526 3625 imminent,
554 3541 694 3627 benigne
714 3549 862 3603 avertere
885 3547 918 3602 et
939 3559 1053 3624 pacem
1075 3538 1223 3604 omnibus
1245 3537 1437 3604 mortalibus
1459 3560 1553 3625 prae·

126 3645 286 3730 cipueque
307 3641 384 3706 huic
406 3641 596 3727 provinciae
617 3661 677 3727 pro
701 3659 760 3703 sua
780 3637 927 3702 inaudita
948 3636 1119 3703 clementia
1141 3637 1256 3725 largiri
1276 3639 1435 3724 dignetur.
1466 3635 1596 3718 Qua-ae

128 3751 261 3830 propter
282 3763 353 3823 uos,
375 3738 562 3805 Fridericus
584 3739 800 3804 Arthemisius
823 3747 882 3802 etc.
904 3747 1020 3820 rector,
1046 3736 1236 3804 mandamus
1259 3737 1406 3804 omnibus
1429 3760 1469 3803 ac
1490 3738 1553 3802 sin-

129 3841 213 3927 gulis
234 3850 305 3922 etc,
333 3847 370 3903 ut
391 3861 465 3903 cras
486 3838 527 3903 ab
549 3838 630 3904 hora
654 3846 748 3903 sexta
768 3857 871 3923 usque
892 3836 935 3900 ad
956 3836 1052 3902 finem
1073 3837 1149 3902 huic
1169 3837 1399 3926 supplicationi
1420 3837 1555 3902 decente

129 3943 249 4005 vestitu
269 3939 382 4003 amicti
410 3961 468 4003 suo
497 3939 632 4025 quisque
659 3937 732 4002 loco
759 3945 791 4000 et
815 3934 928 4000 ordine
956 3937 1106 4002 intersint
1131 3959 1171 4002 ac
1197 3936 1350 4024 precibus
1379 3938 1445 4002 suis
1467 3935 1555 4023 apud

129 4041 321 4104 immensam
358 4035 411 4102 dei
441 4036 643 4102 clementiam
680 4057 741 4121 pro
776 4035 910 4100 salutari
940 4035 1046 4100 imbre
1075 4045 1108 4100 et
1137 4057 1220 4122 pace
1254 4059 1293 4100 ac
1320 4035 1556 4121 tranquillitate

128 4141 224 4203 totius
253 4133 456 4223 reipublicae
487 4135 697 4202 intercedant.
743 4129 932 4220 Quodpob]
941 4136 968 4198 si
999 4136 1070 4221 quis
1102 4133 1178 4199 huic
1209 4145 1320 4200 nostro
1355 4133 1460 4200 edicto
1490 4144 1598 4201 nontt

130 4240 284 4324 pamerit,
306 4236 335 4301 is
356 4237 446 4318 sciat,
467 4237 562 4300 unius
584 4257 689 4300 novae
711 4255 894 4319 sexagenas
914 4233 1068 4299 mulctam
1078 4236 1284 4300 universitati
1306 4234 1376 4298 sine
1396 4235 1462 4300 ulla
1482 4257 1556 4300 con-

132 4336 303 4402 donatione
324 4335 566 4423 praestandam.
591 4333 670 4400 Dat
693 4339 782 4401 1534.

296 4523 364 4584 129.
385 4535 535 4584 urrunnu
557 4531 820 4584 uurvuasrrnrrs
837 4532 884 4579 nn
907 4529 1105 4580 urrscorcu
1126 4531 1436 4584 namuuucuusura

211 4666 403 4736 Reverende
431 4668 465 4730 in
488 4666 618 4732 Christo
646 4674 740 4752 pater
760 4687 799 4729 ac
821 4664 950 4729 domine
978 4663 1139 4748 gratiosel
1182 4663 1263 4731 Post
1283 4666 1446 4732 humiliter
1468 4663 1556 4730 obla·

133 4780 180 4835 tas
201 4791 317 4859 preces
347 4776 487 4849 nostras,
516 4789 597 4854 quas
623 4787 683 4851 pro
704 4763 811 4830 foelici
834 4761 1034 4829 celsitudinis
1056 4771 1187 4828 vestrae
1210 4787 1362 4832 successu
1389 4765 1432 4830 ad
1455 4763 1601 4829 coelo-lo

134 4893 201 4934 rum
221 4891 334 4955 regem
357 4876 389 4931 et
410 4865 575 4931 dominum
595 4863 725 4929 assidue
746 4861 919 4944 fundimus,
947 4862 1111 4927 offerimus
1134 4863 1340 4952 amplitudini
1368 4887 1408 4930 ac
1435 4867 1562 4952 gratiae

199 5141 208 5190 1
230 5135 285 5190 Am
305 5131 419 5188 Raude:
443 5128 612 5184 [matoria
629 5130 670 5182 ud
683 5128 756 5182 dian
771 5125 1002 5196 poeaitentiam.
