3794 6066
326 433 384 496 126
793 431 848 480 Des
866 430 1002 480 Iohannes
1019 429 1096 480 Fabri
1116 429 1149 478 de
1168 429 1283 480 Werdea

326 613 398 678 dem
435 611 621 678 facultatem
656 610 831 675 honorifice
862 621 1029 699 receptum
1062 613 1171 696 sicque
1203 619 1334 676 nostrae
1366 606 1529 675 facultatis
1561 609 1744 676 antedictae

324 711 503 778 membrum
524 711 735 796 benegratum
757 721 788 773 et
808 711 843 773 in
864 710 977 776 eadem
999 713 1033 774 in
1054 708 1272 774 baccalarium
1294 719 1487 797 promotum,
1509 711 1544 774 in
1566 731 1630 796 qua
1647 712 1744 775 etiarn

325 833 384 898 per
409 810 507 895 longa
534 819 566 874 et
592 808 737 894 legitima
759 817 907 897 tempora
929 820 1057 876 suanae
1077 808 1288 892 militaverat,
1315 809 1506 876 lectionibus
1526 820 1558 874 et
1580 811 1745 875 exercitiis

326 912 554 996 magistrorum
576 907 717 973 eiusdem
737 907 900 972 facultatis
923 908 1093 994 diligenter
1114 907 1311 991 insudando,
1333 931 1476 974 necnon
1499 929 1630 974 emaum
1652 931 1744 974 suum

301 1011 419 1075 tiuxta
448 1017 570 1074 statuta
596 1006 800 1094 saepedictae
826 1017 956 1072 nostrae
983 1007 1146 1072 facultatis
1169 1006 1418 1074 commendabili
1438 1009 1502 1072 fine
1524 1005 1609 1096 [40⁸]
1632 1031 1745 1074 consu·

325 1109 453 1174 mando.
496 1107 606 1188 Quare
633 1105 770 1172 eundem
799 1105 964 1172 dominum
985 1109 1179 1194 magistrum
1200 1108 1263 1189 .N.,
1291 1129 1404 1172 sacrae
1425 1107 1608 1193 theologiae
1628 1106 1744 1174 bacca-

324 1209 450 1290 larium,
470 1207 584 1271 merito
597 1205 748 1272 duximus
762 1209 933 1294 unicuique
950 1208 1166 1272 sincerissime
1179 1205 1515 1288 recommendandum,
1537 1209 1636 1272 etiam
1650 1217 1745 1294 atque

325 1310 420 1372 etiarn
443 1316 610 1392 rogantes,
639 1313 797 1393 quatenus
821 1307 1058 1393 unusquisque,
1090 1306 1248 1394 adquam
1270 1315 1458 1394 praesentes
1478 1317 1610 1371 nostrae
1632 1327 1745 1393 parve

325 1409 433 1471 nerint
450 1405 586 1486 litterae,
610 1404 651 1469 ob
674 1416 804 1470 nostrae
823 1405 987 1470 facultatis
1008 1405 1208 1491 theologicae
1229 1405 1478 1492 amplitudinem
1499 1426 1539 1469 ac
1558 1415 1744 1470 nostrarum

284 1515 316 1571 to
326 1527 457 1593 precum
484 1506 603 1569 intuitu
627 1515 918 1591 praememoratum
949 1505 1114 1570 dominum
1144 1504 1190 1569 .N.
1219 1504 1494 1590 promotionibus,
1523 1503 1692 1570 favoribus
1714 1513 1746 1569 et

324 1604 466 1671 consiliis
487 1604 629 1690 dirigere
651 1605 780 1690 suisque
801 1604 835 1668 in
856 1603 991 1691 agendis
1013 1605 1150 1690 negotiis
1173 1603 1325 1668 assistere
1344 1604 1505 1690 dignetur.
1548 1602 1646 1684 Quod
1665 1626 1744 1688 erga

323 1725 582 1792 unumquemque
615 1713 710 1787 grata
737 1703 961 1768 vicissitudine
991 1703 1043 1768 die
1072 1713 1232 1791 noctuque
1260 1724 1508 1791 recompensare
1534 1702 1745 1769 studebimus.

325 1804 363 1869 ln
385 1825 522 1891 quorum
543 1803 685 1866 omnium
707 1813 739 1866 ct
760 1802 957 1889 singulorum
980 1804 1231 1890 praemissorum
1251 1803 1365 1885 fidem,
1387 1802 1566 1868 roboreto

352 1975 400 2036 87.
432 1987 513 2036 aurs
533 1983 652 2064 rosus
671 1984 898 2032 arrrnaaauu
918 1985 1234 2036 raououoannrua
1254 1985 1323 2034 rao
1345 1984 1561 2036 aroannam
1583 1984 1713 2034 sscasa

286 2081 315 2138 tt
413 2083 636 2134 srmonocms
657 2082 823 2133 noauaro
847 2084 1010 2134 voauuuu
1032 2085 1225 2135 raomcrsor
1245 2087 1292 2134 so
1316 2085 1456 2134 rnaasa
1477 2085 1655 2134 annosas.

405 2201 575 2266 Universis
605 2209 636 2265 et
663 2197 800 2284 singulis
822 2209 953 2265 sanctae
975 2202 1089 2268 matris
1110 2199 1267 2266 ecclesiae
1287 2198 1380 2283 filiis,
1414 2210 1446 2265 et
1479 2202 1647 2286 signanter
1674 2203 1744 2265 uni·

326 2304 515 2368 versitatum
537 2301 607 2364 sive
626 2299 805 2363 studiorum
823 2299 1102 2386 privilegiatorum
1113 2322 1375 2387 quorumcunque
1387 2301 1544 2386 personis,
1566 2301 1744 2385 magistris,

326 2400 529 2482 doctoribus,
551 2399 725 2463 licentiatis
748 2409 779 2462 et
800 2398 1008 2482 baccalariia,
1030 2397 1072 2464 ad
1093 2421 1175 2486 quos
1195 2421 1350 2486 praesens
1372 2401 1557 2487 pervenerit
1578 2401 1744 2484 scriptum,

325 2505 480 2588 magister
507 2499 570 2581 .N.,
600 2519 714 2562 sacrae
737 2497 919 2584 theologiae
938 2498 1065 2563 humilis
1087 2499 1268 2585 professor,
1292 2499 1455 2564 facultatis
1476 2497 1679 2584 theologicae
1701 2497 1744 2563 al·

283 2613 397 2668 winae
426 2598 645 2664 universitatis
673 2597 771 2661 studii
792 2598 983 2685 Liparensis
1004 2597 1283 2684 Merseburgensis
1312 2597 1449 2664 diocesis
1471 2597 1633 2681 decanus,
1663 2607 1743 2663 tota·

326 2725 388 2788 que
416 2699 628 2764 communitas
656 2696 819 2762 facultatis
854 2695 997 2760 ciusdem
1026 2695 1161 2761 salutem
1190 2719 1420 2784 successusque
1449 2697 1492 2763 ad
1520 2707 1597 2764 vota
1624 2696 1743 2762 felices

324 2799 406 2866 Cum
434 2797 552 2862 rationi
581 2805 733 2862 consonet
758 2818 797 2860 ac
825 2795 963 2880 perutile
992 2797 1034 2860 sit
1053 2805 1085 2860 et
1107 2798 1317 2880 conveniens,
1342 2799 1431 2863 viros
1457 2796 1620 2884 quoslibet
1641 2799 1740 2862 cuius·

325 2919 450 2986 cunque
472 2895 664 2961 conditionis
685 2905 718 2961 et
737 2903 855 2978 status,
888 2917 947 2981 per
975 2895 1106 2960 diversa
1127 2905 1286 2960 terrarum
1308 2898 1377 2962 sive
1398 2919 1571 2984 regnorum
1589 2897 1664 2962 loca
1685 2897 1743 2962 ali·

325 2999 474 3086 quotiens
500 2997 612 3082 ignota
638 2995 848 3076 transituros,
880 2995 1027 3058 veritatis
1050 2991 1136 3082 [401']
1158 2993 1376 3061 declaratione
1397 3005 1430 3060 et
1449 2993 1538 3062 fideli
1560 2997 1743 3064 testimonio

284 3097 536 3179 ttcommuuiri,
564 3095 664 3161 multo
694 3097 798 3182 magis
825 3105 934 3160 tamen
958 3097 1122 3180 congruit,
1155 3105 1191 3159 ut
1218 3095 1282 3159 viri
1310 3095 1511 3179 scholastici,
1542 3096 1743 3161 diversarum

324 3199 532 3267 scientiarum
559 3195 775 3282 professores,
804 3195 859 3280 qui
887 3194 1058 3258 veritatem
1079 3195 1113 3257 in
1134 3193 1283 3260 omnibus
1305 3193 1451 3282 diligenti
1472 3197 1631 3262 rimantur
1652 3195 1742 3260 inda-

323 3303 417 3388 gine,
446 3300 480 3362 in
510 3319 611 3384 saque
640 3293 722 3360 alios
748 3295 911 3360 instruunt
932 3302 964 3358 et
984 3295 1175 3377 informant,
1210 3293 1328 3358 nedum
1350 3305 1385 3360 ut
1404 3318 1425 3360 a
1445 3295 1539 3360 malis
1560 3295 1744 3362 homiuibus

324 3399 534 3466 iniustissime
554 3419 619 3462 non
640 3395 881 3483 opprimantur,
910 3416 1024 3458 verum
1045 3395 1143 3458 etiam
1164 3415 1204 3458 ne
1225 3402 1337 3460 contra
1360 3418 1415 3462 eos
1438 3417 1648 3484 quaecunque
1670 3396 1744 3460 sini·

326 3511 393 3566 stra
413 3498 556 3583 suspicio
576 3496 714 3577 oriatur,
734 3495 883 3558 veritatis
904 3493 1087 3559 testimonio
1110 3492 1325 3558 defensentur.
1368 3493 1454 3575 Quia
1480 3497 1580 3580 igitur
1601 3495 1744 3560 universi

283 3597 505 3668 socatholieae
527 3593 693 3679 religionis
715 3592 855 3658 cultores
875 3601 943 3656 tam
963 3594 1033 3657 iure
1052 3603 1188 3656 naturae
1207 3615 1304 3680 quam
1326 3593 1457 3660 divinae
1473 3593 1555 3680 legis
1569 3603 1744 3682 praecepto

325 3708 401 3764 sunt
420 3695 555 3775 astricti,
577 3701 614 3757 ut
633 3691 727 3756 fidele
747 3691 964 3756 testimonium
986 3689 1178 3778 perhibeant
1198 3693 1339 3774 veritati,
1360 3715 1418 3758 nos
1441 3695 1622 3781 cupientes,
1644 3716 1742 3782 quau-

325 3807 392 3862 tum
412 3793 507 3859 nobis
527 3794 562 3856 in
581 3790 643 3856 hac
662 3800 755 3878 parte
776 3788 950 3872 incumbit,
979 3791 1110 3854 veritati
1130 3793 1350 3856 testimonium
1373 3793 1561 3879 perhibere,
1589 3815 1741 3880 recogno-

326 3897 445 3960 scimus
466 3890 595 3978 publice
615 3889 811 3977 profitentes,
836 3888 1045 3975 spectabilem
1066 3899 1098 3953 et
1117 3889 1404 3956 commendabilem
1424 3892 1590 3958 dominum
1614 3893 1673 3976 .N.,
1694 3917 1742 3957 aa

325 3997 405 4058 tium
423 3993 625 4078 magistrum,
647 3989 863 4076 praesentium
878 3997 1086 4072 ostensorem,
1108 3989 1295 4077 praedictae
1309 3992 1529 4057 universitatis
1543 3991 1743 4080 Lipcaensis,

283 4101 316 4159 ³⁵
327 4092 502 4180 praecipue
523 4099 630 4155 autem
650 4096 781 4154 nostrae
801 4085 1002 4176 theologicae
1023 4087 1186 4154 facultatis
1209 4111 1279 4154 esse
1300 4090 1479 4156 membrum
1500 4091 1744 4174 benemeritum,

324 4195 495 4278 ipsumque
513 4198 678 4274 tamquam
698 4187 842 4253 eiusdem
861 4186 1024 4252 facultatis
1046 4191 1223 4253 maximum
1245 4199 1424 4254 amatorem
1437 4189 1556 4256 nedum
1573 4191 1742 4257 doctorum

325 4289 489 4356 facultatis
508 4287 594 4352 illius
615 4285 806 4352 lectionibus
836 4295 869 4352 et
890 4285 1163 4374 disputationibus
1184 4287 1265 4353 inibi
1287 4299 1342 4354 aut
1362 4289 1589 4377 respondendo
1611 4301 1669 4357 aut
1691 4313 1741 4356 ar·

326 4387 455 4477 guendo
477 4409 538 4475 pro
559 4388 610 4452 sui
630 4387 753 4474 ingenii
775 4388 1007 4453 exercitatione
1029 4389 1120 4452 iuxta
1141 4395 1272 4453 nostrae
1288 4387 1454 4456 facultatis
1476 4400 1596 4458 statuta
1617 4401 1651 4458 et
1671 4414 1743 4456 con-

320 4487 511 4554 suetudines
538 4485 773 4552 auscultatione
800 4485 1048 4574 diligentissima
1077 4487 1224 4568 affirisse,
1254 4485 1430 4554 sedetiam
1451 4513 1582 4555 cursum
1602 4493 1636 4556 in
1658 4489 1743 4556 theo·

284 4587 415 4675 tolegia
440 4609 501 4675 pro
532 4607 591 4650 sua
618 4584 830 4672 completione
858 4595 891 4651 et
919 4585 1047 4652 demum
1073 4597 1147 4672 post
1173 4607 1302 4652 cursum
1329 4609 1440 4654 omnes
1462 4599 1599 4677 quatuor
1618 4603 1744 4656 seuwu-

325 4691 445 4754 tiarum
471 4685 573 4752 libros
602 4707 621 4750 a
648 4687 809 4773 principio
837 4708 941 4771 usque
964 4685 1007 4750 ad
1026 4685 1122 4749 tinem
1144 4684 1339 4756 declarando
1359 4697 1393 4753 et
1413 4689 1622 4776 exponendo,
1650 4699 1745 4778 prout

327 4789 435 4853 dictae
464 4795 596 4852 nostrae
623 4784 786 4850 facultatis
813 4783 988 4851 laudabilis
1014 4783 1137 4849 obtinet
1158 4785 1371 4870 consuetudo,
1398 4790 1608 4854 exactissima
1628 4789 1744 4874 legisse

328 4886 511 4973 diligentia,
532 4887 666 4970 insuper
685 4907 725 4949 ea
745 4884 912 4950 honestate
934 4906 1125 4972 morumque
1146 4883 1292 4951 decentia
1314 4886 1402 4973 apud
1422 4909 1482 4952 nos
1503 4909 1632 4975 semper
1655 4884 1742 4975 [41⁵]

329 4995 553 5052 conversatum
579 4984 697 5067 fuisse,
726 4995 762 5048 ut
788 4983 908 5049 nullam
938 5005 1072 5071 prorsus
1099 4982 1251 5049 infamiae
1279 4995 1387 5051 notam
1415 4994 1489 5072 post
1514 5009 1549 5052 se
1568 4987 1743 5076 reliquerit,

287 5097 364 5152 ttut
390 5089 488 5152 etiarn
517 5107 602 5150 anuo
625 5083 774 5171 proxime
795 5093 962 5150 transacto
984 5085 1017 5148 in
1041 5083 1147 5149 diotae
1167 5082 1272 5148 almae
1291 5087 1512 5152 universitatis
1534 5098 1693 5154 rectorem
1714 5097 1745 5152 et
