3788 6078
647 548 697 604 Dis
713 553 833 606 sarnus
851 570 914 605 vom
932 551 1014 605 inbre
1038 551 1109 606 154³.
1525 551 1584 618 ’611

163 728 299 794 uitatem
321 740 557 818 vestramque
580 730 624 796 ad
644 753 825 819 possumus,
847 735 1024 822 promereri
1045 734 1256 800 studebimus.
1297 737 1420 802 Datum
1440 734 1586 822 Lypsiae

164 829 240 914 ipsa
259 825 312 892 die
335 829 383 894 .N.
404 827 567 895 facultatis
589 842 718 898 nostrae
739 833 799 900 sub
822 833 937 920 sigillo.

828 952 967 1016 Vestrae
988 952 1193 1038 paternitatis

913 1049 1051 1116 humiles
1072 1063 1230 1134 oratores,
1252 1050 1396 1117 decanus

830 1153 1013 1236 cademque
1032 1149 1196 1216 facultatis
1217 1151 1363 1216 medicae
1385 1151 1533 1216 doctores
1612 1159 1629 1215 5

1026 1250 1125 1315 studii
1148 1251 1351 1338 Lypsieusis.

741 1399 1004 1466 Suprascriptio.

312 1527 501 1595 Reverendo
523 1529 557 1594 iu
578 1527 710 1596 Obristo
731 1532 817 1619 patri
839 1555 879 1598 ac
900 1534 1039 1617 domino,
1062 1533 1192 1600 domino
1214 1535 1274 1618 .N.,
1295 1537 1450 1622 episcopo

479 1627 732 1716 Mersburgeusi,
755 1631 885 1698 domino
907 1643 1018 1700 nostro
1036 1636 1276 1721 gratiosissimo

669 1735 740 1810 (aut
760 1730 895 1797 multum
916 1734 1086 1819 graticw).

443 1911 617 1972 QUOMODO
637 1911 683 1962 ΕΤ
706 1914 848 1973 QUANDO
871 1914 1095 1964 OONVOOANDI
1116 1915 1313 1965 DOOTORES.

647 2031 758 2096 Caput
780 2032 832 2082 11.
858 2031 930 2098 (Vgl.
949 2036 974 2084 a.
992 2032 1030 2085 St
1052 2033 1103 2098 to.)

245 2147 309 2212 Pro
328 2145 500 2213 concordia
516 2145 683 2211 doctorum
703 2146 866 2213 facultatis
882 2147 1026 2213 medicae
1049 2148 1212 2214 servanda
1231 2147 1348 2236 placet,
1371 2147 1457 2236 quod
1479 2148 1587 2213 docto·

160 2269 213 2313 res
237 2246 381 2312 ciusdem
405 2244 569 2310 facultatis
590 2259 622 2310 et
644 2245 685 2310 de
704 2246 837 2312 consilio
858 2249 1032 2313 existentes
1053 2251 1088 2313 in
1108 2247 1244 2336 locoque
1254 2249 1477 2313 univeritatis
1492 2271 1586 2336 prae·
1598 2256 1638 2340 15ι

161 2357 268 2412 sentes
289 2345 467 2411 residentes
491 2343 531 2408 dc
553 2345 758 2412 examinibus
781 2357 813 2411 et
833 2347 1090 2434 promotionibus
1111 2346 1254 2413 habeant
1275 2348 1446 2413 dumtaxat
1466 2345 1584 2413 emolu·

159 2455 304 2512 mentum
325 2451 418 2511 iuxta
440 2452 562 2509 statuta
583 2443 723 2532 desuper
746 2444 843 2528 edita,
872 2445 1014 2512 decanus
1042 2457 1150 2512 minen
1176 2469 1237 2534 pro
1259 2456 1405 2533 tempore
1434 2449 1587 2529 existens,

159 2556 315 2635 quantum
336 2544 407 2609 lieri
436 2540 591 2630 possibile
620 2553 684 2626 est,
714 2545 749 2608 in
777 2547 844 2610 suis
872 2546 1157 2612 convocationibus
1185 2545 1343 2610 faciendis
1371 2545 1456 2612 banc
1484 2544 1582 2610 debet

156 2645 279 2712 babere
300 2643 537 2724 discretionem,
559 2664 599 2708 ue
618 2645 714 2708 nimis
735 2642 882 2709 celeriter
902 2645 1109 2711 convocando
1129 2644 1278 2710 doctores
1300 2644 1467 2731 procedat,
1489 2667 1584 2731 prae-

160 2747 259 2834 cipue
282 2747 315 2809 in
338 2742 541 2830 quorundam
566 2741 731 2808 doctorum
755 2746 1011 2830 acturegentium
1031 2754 1063 2809 et
1084 2744 1296 2809 residentium
1320 2742 1478 2827 absentia,
1499 2743 1633 2809 dum-20

157 2843 255 2912 modo
278 2853 428 2932 speratur
449 2842 542 2908 brevi
572 2841 696 2907 reditus
728 2865 839 2907 eorum
866 2853 898 2908 et
924 2865 1017 2908 mora
1045 2845 1142 2931 pauci
1170 2845 1326 2930 temporis
1356 2845 1585 2930 promovendis

157 2946 292 3010 minime
313 2952 400 3008 esset
423 2944 548 3007 nociva
589 2941 731 3028 Reputat
752 2941 901 3029 praefata
919 2942 1057 3007 facultas
1078 2942 1196 3008 nedum
1218 2941 1304 3007 huuc
1326 2942 1491 3008 doctorem
1512 2956 1587 3010 actu

157 3052 334 3129 regentem,
360 3042 416 3130 qui
438 3038 567 3128 publice
589 3041 623 3105 in
645 3040 762 3105 scholis
783 3039 919 3126 legendo
940 3040 991 3106 vel
1013 3043 1110 3105 etiam
1129 3041 1340 3127 practicando
1361 3040 1498 3126 laborat,
1525 3043 1583 3110 sed

157 3144 258 3208 etiam
278 3140 379 3224 illum,
407 3142 463 3229 qui
488 3163 509 3204 a
529 3137 649 3204 talibus
671 3141 811 3204 cessavit
832 3149 865 3205 et
889 3161 949 3225 per
970 3147 1118 3222 aetatem,
1146 3162 1229 3225 quae
1251 3163 1404 3206 acervum
1425 3141 1583 3228 periculo·

156 3265 232 3307 rum
253 3240 396 3326 adducit,
417 3249 514 3306 vacat
534 3247 566 3302 et
589 3239 736 3325 quiescit.
1596 3254 1630 3310 25

158 3437 220 3530 [Bt
233 3437 285 3528 4⁸]
308 3453 640 3506 assemsumsuors
656 3453 921 3521 ramosarum,
942 3455 1018 3503 nau
1034 3455 1182 3504 nrsraur
1197 3456 1266 3504 rao
1281 3456 1587 3510 ssocmsuamru.

611 3590 714 3654 Caput
732 3589 800 3640 Xll.
824 3588 895 3655 (vgl.
916 3593 940 3643 ὅ.
958 3591 995 3642 St.
1017 3590 1136 3657 11-19.)

243 3731 268 3790 1.
287 3720 593 3789 Baccalaureandus
608 3719 704 3786 debet
718 3743 789 3786 esse
802 3724 978 3810 inscriptus
991 3723 1181 3788 matriculae
1192 3725 1441 3794 universitatis¹
1463 3725 1579 3794 Nullus

158 3823 202 3890 ad
232 3823 372 3911 aliquem
399 3823 539 3910 gradum
566 3831 795 3909 promoveatur
816 3823 979 3888 facultatis
1006 3821 1162 3906 medicae,
1189 3824 1253 3888 nisi
1280 3827 1370 3912 prius
1392 3825 1584 3894 matriculae

159 3933 296 3990 normae
316 3923 538 3988 universitatis
562 3923 603 3987 sit
629 3922 805 4007 inscriptus
833 3931 866 3987 et
889 3924 1051 4008 integram
1078 3924 1257 4009 pecuniam,
1279 3923 1360 3990 solvi
1389 3936 1630 4011 consuetam,³0

157 4023 368 4088 universitati
388 4021 528 4105 dederit,
556 4021 616 4087 hoc
637 4031 686 4086 est
707 4020 819 4085 decem
840 4043 979 4106 grossos.
1019 4023 1116 4103 Quod
1138 4025 1234 4088 ctiam
1256 4023 1447 4110 intelligitur
1469 4026 1509 4091 de
1530 4049 1587 4092 ex·

157 4122 282 4188 transis
312 4120 523 4187 adsumendis
552 4133 584 4186 et
613 4121 843 4209 promovendis
874 4143 933 4208 per
959 4121 1162 4205 facultatem,
1191 4130 1224 4186 et
1252 4123 1287 4186 iu
1313 4121 1376 4190 boc
1407 4135 1585 4212 paupertas

158 4223 321 4288 nemiuem
343 4220 522 4287 excusabit.

241 4328 270 4388 2.
292 4319 407 4387 Nullus
430 4329 660 4408 promoveatur
679 4321 712 4385 in
733 4318 982 4384 baccalaureum
1002 4322 1037 4385 in
1058 4319 1236 4403 medicinis,
1264 4322 1328 4387 nisi
1358 4323 1449 4408 prius
1477 4345 1587 4392 coram

158 4421 284 4488 decano
311 4431 343 4485 et
363 4429 432 4486 tota
457 4419 612 4485 facultate
638 4419 803 4502 iuraverit,
832 4441 866 4484 se
887 4417 970 4484 velle
991 4420 1127 4486 firmiter
1147 4441 1280 4486 servare
1307 4432 1428 4488 statuta
1451 4423 1627 4492 secubo-35

157 4523 212 4605 tis,
242 4541 327 4607 quae
357 4529 431 4586 sunt
462 4528 494 4584 et
525 4530 617 4584 enmt
647 4541 707 4606 pro
735 4517 819 4584 bono
850 4517 1015 4584 facultatis
1047 4530 1079 4585 ct
1107 4541 1167 4607 per
1199 4521 1335 4586 eandem
1368 4521 1519 4588 conclusa
1552 4534 1583 4590 et

158 4619 354 4710 approbata.
829 4697 830 4700 Ἴ

242 4729 272 4792 3.
295 4718 441 4801 Quilibet
468 4717 580 4784 voleus
611 4719 796 4805 promoveri
825 4719 860 4783 in
888 4717 1139 4784 baccalaureum
1167 4722 1201 4784 in
1232 4719 1395 4785 medicina
1424 4720 1585 4788 tenebitur

156 4823 252 4910 prius
273 4831 349 4886 ante
369 4817 652 4886 baccalaureatum
678 4817 721 4886 ad
747 4819 855 4884 miuus
881 4816 1047 4884 biennium
1069 4817 1218 4886 doctores
1247 4818 1393 4886 eiusdem
1420 4819 1583 4888 facultatis

246 5061 255 5110 1
275 5053 310 5109 Iu
326 5055 379 5110 den
398 5053 528 5110 Statuten
545 5067 598 5106 von
620 5055 683 5107 1503
700 5050 736 5104 ist
752 5067 781 5106 es
800 5050 878 5106 nicht
896 5047 984 5104 sofort
1007 5067 1043 5103 au
1067 5050 1215 5117 erkeuuen,
1239 5051 1303 5106 dass
1325 5051 1400 5106 diese
1417 5051 1515 5108 Worte
1536 5053 1581 5110 die

158 5137 351 5198 Uebcrscbrift
369 5137 468 5206 bildsu,
486 5135 542 5191 und
566 5154 596 5192 so
614 5136 664 5191 bat
684 5135 725 5190 sie
741 5134 791 5190 der
809 5133 995 5190 Abscbrciber
1015 5133 1087 5189 auch
1110 5134 1168 5190 bier
1187 5135 1227 5190 sls
1249 5152 1311 5190 zum
1330 5129 1448 5192 Conium
1466 5135 1583 5210 gehitrig

158 5224 210 5282 mit
228 5223 448 5294 aufgenommen.

1354 5313 1414 5378 39*
