3768 6072
592 491 644 540 Die
663 491 784 544 ὃωιωιι
802 505 854 542 ron
874 491 1044 544 two-1511.
1476 495 1536 558 207

104 689 178 754 gere
196 677 230 734 et
249 669 348 734 iuxta
378 669 506 736 litterae
537 670 800 736 testamentariae
830 669 1038 758 supradictae
1067 678 1228 753 tenorem,
1256 666 1342 758 [¹7¹]
1370 669 1425 738 hic
1453 670 1539 738 infra

105 765 246 834 breviter
268 768 446 853 signatum,
468 768 665 834 distribuere
686 768 794 852 babet,
813 769 875 836 boc
895 767 1008 838 modo:

181 866 250 934 Pro
273 868 504 934 anniversario
525 867 706 955 saepedicti
730 868 774 934 D.
796 869 894 936 Willu
920 869 1010 934 eirca
1036 869 1153 934 festum
1175 867 1244 932 Viti
1272 867 1361 955 apud
1389 876 1537 934 sanctum

105 963 256 1032 Paulum¹
279 965 476 1033 celebrando
497 975 641 1054 exponet
660 971 680 1032 9
701 965 732 1032 fl.
756 989 829 1034 eum
857 967 975 1052 medio,
1002 967 1043 1032 de
1066 965 1183 1054 quibus
1206 965 1337 1054 quidem
1359 965 1450 1034 dabit
1470 989 1535 1032 me-

105 1063 190 1130 dium
214 1063 381 1130 florenum
411 1065 559 1152 patribus
587 1063 870 1151 praedicatoribus
898 1066 1040 1149 ibidem,
1069 1067 1136 1152 qui,
1165 1065 1252 1132 facto
1279 1065 1377 1152 pulsu
1403 1074 1471 1130 tam
1497 1064 1541 1130 ad
1562 1076 1579 1130 5

105 1161 232 1247 ugilius
254 1183 358 1249 quarn
378 1166 505 1247 missas,
526 1166 682 1252 exequiae
704 1187 794 1230 more
814 1167 953 1232 aliarum
964 1165 1092 1249 collegii
1111 1163 1207 1229 hrrius
1222 1165 1434 1251 exequiarum
1449 1174 1535 1230 tene·

105 1260 190 1326 bunt.
230 1261 318 1326 Item
338 1284 399 1347 pro
421 1285 456 1328 se
476 1262 564 1328 idern
591 1264 798 1350 praepositus
824 1265 919 1330 iuxta
944 1263 1131 1329 testamenti
1151 1261 1402 1348 disposicionem
1421 1265 1538 1328 retine·

105 1359 151 1424 bit
170 1382 272 1424 rmum
294 1359 453 1426 florenum
478 1363 512 1426 in
533 1383 779 1447 recompensam
808 1361 952 1449 aliquam
978 1361 1129 1428 laborum
1153 1359 1346 1426 collecturae
1373 1371 1405 1426 et
1431 1361 1539 1428 distri-

106 1456 252 1524 bucionis
274 1479 431 1524 mmuum
452 1458 589 1528 illorum.
611 1461 664 1526 De
685 1458 758 1524 aliis
780 1461 945 1528 8florenis
968 1460 1106 1526 aliorum
1131 1458 1341 1544 collegiorum
1361 1462 1539 1545 magistris,

107 1557 144 1622 de
174 1578 267 1624 more
299 1559 425 1624 vocatis
457 1569 489 1624 et
523 1557 676 1624 facienda
705 1559 910 1642 facientibus,
943 1558 1209 1625 distribueionem
1240 1559 1339 1624 faciet
1365 1560 1582 1645 unicuiqueto

109 1663 143 1722 to
171 1677 364 1742 grossorum
392 1657 614 1744 antiquorum,
644 1655 810 1722 residuum
838 1669 946 1723 autern
974 1657 1015 1722 de
1045 1656 1095 1722 his
1125 1662 1144 1724 8
1172 1656 1303 1722 florenis
1331 1657 1416 1722 inter
1443 1657 1539 1724 huius

107 1753 231 1841 collegii
259 1755 437 1839 magistros
464 1755 640 1836 duntaxat,
672 1767 860 1841 praesentes
881 1767 913 1820 et
934 1754 1085 1822 fadenda
1111 1756 1204 1820 iuxta
1232 1777 1355 1820 morem
1383 1756 1538 1820 facientes

107 1849 153 1937 (se
173 1855 249 1940 ipso
262 1851 474 1919 nihilominus
496 1863 734 1936 connumerato,
756 1853 833 1918 dum
854 1854 1005 1920 facienda
1028 1853 1177 1919 similiter
1198 1851 1336 1940 fecerit),
1358 1853 1537 1942 aequaliter

107 1950 286 2018 distribuet.
345 1951 471 2018 Eodem
507 1955 611 2018 eciam
651 1952 704 2018 die
742 1953 905 2040 expendet
940 1954 1097 2020 florenum
1132 1975 1231 2018 unum
1267 1975 1327 2038 pro
1364 1953 1538 2018 refectione

109 2055 144 2116 12
165 2071 352 2137 pauperum
381 2053 499 2138 emptis
523 2051 604 2117 cibis
627 2061 658 2115 et
678 2051 809 2137 potibus
833 2052 1099 2139 competentibus,
1126 2073 1295 2139 quousque
1319 2051 1462 2116 florenus
1483 2049 1539 2116 ille
1549 2059 1581 2116 15

108 2171 140 2214 se
160 2148 339 2214 extendere
359 2159 479 2235 potest,
510 2151 596 2216 datis
616 2149 657 2214 de
679 2149 792 2216 eodem
814 2149 977 2216 bibalibus
999 2173 1076 2216 coco
1100 2158 1111 2216 1
1139 2165 1178 2232 qt.
1201 2160 1233 2215 et
1254 2149 1401 2214 similiter
1422 2171 1538 2236 procu·

107 2249 207 2313 ratos-i
233 2254 318 2332 195,
339 2249 395 2334 qui
415 2258 609 2334 procurator
629 2248 672 2314 ad
694 2251 866 2336 coquinam
887 2259 919 2314 et
941 2271 1087 2314 mensam
1108 2250 1142 2314 in
1157 2247 1293 2332 collegio
1309 2251 1356 2314 eis
1376 2249 1537 2314 instruen-

108 2346 182 2412 dam
209 2369 264 2412 res
292 2347 496 2432 procurabit3
527 2347 583 2412 ubi
612 2348 640 2411 si
667 2346 747 2432 quid
774 2347 827 2412 vel
856 2346 922 2412 cibi
942 2347 994 2412 vel
1025 2348 1184 2434 pecuniae
1209 2348 1418 2433 superfuerit,
1446 2370 1538 2433 prae·

1 2513 2 2516 ,
108 2447 230 2530 positus
262 2443 306 2509 ad
333 2468 447 2510 manus
476 2445 612 2512 aliorum
641 2467 822 2531 pauperum
850 2448 960 2510 statim
992 2445 1183 2528 distribuet3
1214 2444 1339 2510 cibaria
1369 2458 1476 2512 autem
1504 2447 1538 2510 iu

107 2545 230 2630 popina
252 2541 382 2628 collegii
409 2545 527 2609 intuitu
557 2545 689 2630 pietatis
716 2555 748 2608 et
774 2543 916 2608 destructi
945 2544 1081 2632 decoqui
1107 2547 1211 2630 gratis
1240 2543 1468 2626 concedantur,
1497 2543 1580 2609 delo

108 2644 193 2708 vasis
216 2651 326 2707 autem
347 2651 379 2706 et
398 2641 595 2708 mensalibus
617 2653 649 2706 et
668 2641 766 2726 lignis
788 2644 996 2730 praepositus
1020 2642 1221 2731 providebit,
1253 2652 1285 2708 et
1306 2645 1443 2729 expensi
1463 2651 1539 2708 sunt

108 2742 140 2806 in
160 2741 349 2827 peractione
368 2751 400 2804 et
421 2740 581 2806 dictorum
603 2763 782 2827 pauperum
802 2743 978 2808 refectione
999 2741 1114 2808 floreni
1136 2739 1247 2808 decern
1267 2763 1342 2808 cum
1361 2742 1479 2808 medio.

188 2839 343 2905 Ceterum
370 2838 519 2926 patribus
546 2839 766 2904 Benedictinis
795 2842 983 2906 monasterii
1013 2841 1044 2904 S.
1072 2840 1160 2904 Petri
1193 2863 1296 2928 prope
1324 2839 1539 2906 Merseburck

110 2938 199 3003 dabit
220 2937 310 3003 idem
337 2938 543 3024 praepositus
565 2961 662 3004 unum
688 2939 857 3021 florenum,
887 2949 1018 3026 recepto
1047 2937 1088 3004 ab
1116 2940 1162 3004 eis
1193 2942 1385 3022 testimonio,
1414 2949 1538 3027 petens,

110 3036 194 3122 quod
215 3058 277 3123 pro
301 3035 451 3101 defrmcto
475 3046 507 3100 et
528 3039 595 3102 suis
611 3036 744 3122 vigilias
767 3039 889 3102 faciant
909 3046 941 3102 et
963 3039 1089 3101 missas.
1111 3037 1306 3103 Monialibus
1329 3039 1432 3104 eciam
1454 3041 1532 3104 eius·
1546 3047 1579 3103 25

110 3135 180 3200 dem
203 3135 340 3216 ordinis,
368 3145 462 3199 extra
484 3157 593 3200 muros
615 3137 759 3200 civitatis
781 3135 877 3200 huius
899 3135 1078 3222 Lypsensis
1108 3134 1311 3220 degentibus,
1340 3135 1433 3202 dabit
1454 3137 1484 3202 fl.
1506 3145 1536 3220 5,

110 3258 166 3322 pro
198 3257 260 3299 usu
294 3256 440 3298 sororum
472 3231 626 3298 debilium
659 3245 716 3298 aut
747 3235 950 3298 infirmitorio
983 3233 1153 3298 actualiter
1186 3233 1445 3300 decumbentium
1476 3259 1537 3300 nec

108 3334 200 3400 aliter
233 3331 294 3398 sub
325 3331 528 3396 consciencia
559 3331 804 3420 expendendos,
834 3331 919 3396 unde
951 3341 983 3396 et
1014 3331 1202 3418 parcialitcr
1233 3331 1411 3398 secundum
1441 3357 1536 3399 casus

109 3440 315 3498 occurrentes
340 3431 509 3516 pecuniam
530 3433 625 3496 istam
655 3418 862 3518 praepositus
886 3431 1061 3495 earundem
1083 3429 1159 3494 dato
1182 3431 1386 3518 cyrographo
1408 3454 1468 3518 pro
1490 3435 1536 3500 eis

109 3531 263 3619 accipiet,
294 3551 377 3618 quae
401 3540 433 3594 et
452 3532 544 3618 ipsae
565 3540 726 3618 petantur,
748 3539 783 3596 ut
804 3531 895 3594 iuxta
918 3530 1100 3594 testamenti
1119 3529 1256 3594 formam
1278 3530 1580 3600 amuversaiumao

110 3650 242 3696 servare
267 3623 351 3714 [lib]
376 3651 448 3692 eum
472 3629 594 3714 vigiliis
616 3638 649 3694 et
671 3630 779 3694 missis
804 3627 868 3694 sibi
889 3629 1011 3693 faciant
1032 3639 1064 3692 et
1085 3649 1158 3694 eum
1180 3627 1359 3694 inscribant
1380 3641 1440 3696 etc

188 3729 274 3794 Item
307 3726 342 3790 iu
370 3729 510 3813 patriam
541 3726 719 3816 saepedicti
749 3729 804 3814 pie
835 3727 978 3792 defuncti
1006 3727 1048 3795 D.
1076 3726 1184 3809 Wilh,
1217 3727 1340 3792 scilicet
1372 3729 1537 3794 civitatem

111 3827 334 3894 Thornensem
355 3826 390 3889 in
408 3825 543 3892 Prussia
562 3830 666 3908 sitam,
694 3828 799 3892 mittet
818 3825 904 3892 idem
926 3827 1130 3914 praepositus
1153 3849 1227 3891 cum
1247 3828 1388 3892 sciencia
1408 3827 1536 3916 collegii

111 3933 148 3994 35
167 3927 209 4009 fl,
231 3925 309 3990 dum
331 3924 544 4010 postulaverit
566 3926 715 3990 dominus
736 3925 893 4012 plebanus
914 3949 974 4012 pro
998 3937 1142 4012 tempore
1164 3923 1284 3990 ibidem
1307 3928 1449 3992 existens
1471 3951 1537 3993 una

111 4049 182 4092 cum
204 4019 377 4090 consulatu
402 4023 547 4089 eiusdem
574 4026 727 4106 civitatis,
757 4026 857 4089 misso
886 4021 1010 4089 scilicet
1039 4035 1127 4090 certo
1153 4025 1291 4090 nunccio
1320 4046 1394 4090 cum
1421 4038 1579 4094 corun-³5

111 4125 184 4190 dem
215 4121 388 4189 sufficienti
417 4123 643 4209 recognicione
674 4133 734 4188 etc.
778 4121 869 4202 Quos
899 4123 1030 4209 quidem
1058 4122 1198 4188 florenos
1225 4123 1290 4210 ipsi
1318 4124 1412 4190 iuxta
1441 4135 1537 4192 testa·

111 4223 209 4291 menti
238 4220 344 4309 (quod
371 4231 471 4308 penes
499 4245 533 4287 se
557 4221 733 4308 sigillatum
760 4221 882 4287 habent
908 4231 941 4286 et
969 4230 1195 4308 acceptarunt)
1226 4231 1371 4289 tenorem
1399 4247 1460 4312 pro
1488 4229 1537 4294 sui

111 4322 275 4409 probitate
297 4318 500 4386 distribuent.

191 4419 376 4484 Remanent
396 4428 513 4501 autem,
535 4419 597 4486 hiis
618 4419 768 4494 omnibus
790 4420 838 4484 sic
857 4417 1031 4504 expeditis,
1053 4418 1093 4484 de
1115 4418 1207 4484 totali
1226 4419 1395 4506 legacione
1409 4448 1468 4490 sua
1481 4425 1536 4492 ad·

110 4519 172 4586 huc
193 4527 231 4586 51
256 4517 381 4599 floreni,
409 4539 488 4605 quos
509 4519 715 4604 praepositus
734 4517 896 4606 expendet
915 4519 949 4582 in
971 4541 1049 4584 usus
1070 4517 1254 4586 studentum
1276 4543 1333 4588 seu
1355 4525 1579 4610 supposito-4⁰

110 4643 192 4702 rum,
217 4641 278 4705 per
299 4616 404 4684 dictos
431 4616 462 4681 d.
490 4616 665 4704 plebanum
685 4628 718 4682 et
745 4615 946 4684 consulatum
969 4615 1190 4682 Thornensem
1216 4620 1446 4686 mittendorum
1476 4622 1535 4688 sub

111 4715 244 4782 litterali
272 4717 457 4782 testimonio
483 4715 527 4780 ad
557 4715 619 4782 boc
646 4725 791 4782 nostrum
819 4716 978 4802 Lipsense
1011 4715 1161 4800 studium,
1193 4721 1248 4805 qui
1279 4719 1402 4786 sufficet
1433 4722 1536 4798 (iuxta

113 4815 199 4904 quod
221 4817 309 4880 canit
329 4821 567 4894 testamentum)
597 4816 661 4880 sint
688 4815 814 4882 honesti
836 4824 868 4880 et
897 4814 1010 4898 abiles,
1041 4836 1082 4880 ex
1111 4815 1204 4883 bonis
1231 4820 1356 4905 patruis
1377 4818 1462 4884 unde
1483 4819 1536 4886 hic

198 5055 209 5105 1
232 5047 288 5103 Am
306 5048 417 5103 Raude:
448 5047 599 5103 Trossulum
616 5053 655 5101 eat
674 5047 802 5116 pascuo
823 5045 876 5102 illa
900 5047 942 5100 ad
962 5055 1085 5103 mmmm
1101 5049 1259 5116 Nicolaum,
1281 5065 1312 5104 eo
1334 5052 1411 5118 qaod
1423 5055 1536 5121 fratr-es

109 5129 1154 5204 praesdestomtocmodoeomseruureoolleotetdouturltsdett
1177 5133 1436 5192 animosus.
