3794 6060
806 445 857 494 ote
872 445 991 496 Statutsn
1012 461 1073 496 vom
1090 447 1173 497 labra
1194 453 1257 497 1110

809 627 877 693 13.1
911 645 969 695 ιιι
986 607 1047 697 ssa
1063 647 1146 697 enare
1169 646 1259 700 ιιιιι.

399 765 424 822 1.
453 755 489 821 Si
518 760 590 842 quis
619 757 659 822 de
682 760 861 845 suppositis
883 761 1104 826 universitatis
1127 741 1198 826 cum
1221 760 1358 842 balista,
1385 760 1496 846 gladie
1518 761 1570 826 vel
1591 761 1666 827 aliis
1688 784 1739 826 ar·

314 856 376 921 mis
406 855 627 942 deprehensus
654 857 751 922 fuerit
777 858 829 922 vel
858 858 898 924 de
920 859 982 926 boc
1001 862 1182 950 convictus,
1209 859 1324 947 perdet
1344 858 1513 943 balistam,
1542 859 1690 950 gladium
1711 869 1742 925 et

315 955 381 1020 alia
401 977 503 1037 arma,
529 965 562 1020 et
581 955 668 1020 ultra
688 956 752 1021 bec
773 956 877 1021 solvet
898 960 1103 1023 universitati
1126 957 1299 1024 dimidium
1320 958 1479 1024 florenum
1501 982 1564 1047 pro
1585 982 1703 1048 poena.

288 1082 305 1136 t
397 1076 427 1136 2.
454 1070 536 1135 Item
564 1070 685 1135 nullum
713 1073 917 1158 suppositum
942 1074 1165 1138 universitatis
1188 1073 1228 1138 de
1246 1083 1342 1138 nocte
1362 1082 1437 1160 post
1456 1073 1588 1161 pulsum
1611 1097 1742 1164 eamps-

316 1193 378 1235 nae
406 1170 562 1256 praeterii
591 1168 714 1253 absque
740 1171 900 1256 legittima
930 1181 962 1236 et
989 1172 1181 1237 rationabili
1212 1194 1311 1238 causa
1341 1170 1445 1261 [10⁸]‚
1477 1171 1518 1238 de
1541 1197 1606 1262 qua
1627 1171 1746 1240 dooere

318 1269 440 1336 debeat
460 1289 569 1333 coram
592 1270 814 1351 universitate,
835 1271 870 1334 in
891 1272 1023 1336 civitate
1045 1284 1101 1336 aut
1123 1266 1217 1338 ex'tra
1238 1273 1272 1334 in
1294 1271 1460 1338 suburbiis
1477 1273 1629 1360 vagando
1645 1272 1747 1337 vadat

317 1379 375 1435 aut
403 1368 561 1434 clamores
586 1369 720 1433 suscitet
749 1379 805 1434 aut
830 1371 923 1454 ignes
943 1369 996 1434 vel
1017 1369 1083 1436 alia
1103 1371 1218 1436 illicita
1238 1371 1325 1434 facta
1346 1361 1528 1458 perpetret,
1555 1371 1617 1437 sub
1639 1393 1747 1458 poena

315 1467 414 1534 medii
441 1467 557 1531 flereni
586 1475 643 1532 aut
670 1466 731 1531 sub
759 1490 866 1553 poena
894 1468 1092 1534 exclusionis
1121 1480 1154 1534 et
1181 1471 1349 1534 cosenciae
1373 1469 1561 1534 libertatum
1583 1479 1617 1535 et
1639 1491 1745 1536 eomo-

277 1566 433 1633 todorum
454 1564 554 1630 studii
573 1567 667 1630 iuxta
686 1565 887 1632 veluntatem
909 1577 944 1632 et
963 1565 1134 1632 arbitrium
1154 1569 1389 1634 universitatis.

400 1683 428 1745 3.
455 1680 537 1744 Item
556 1678 672 1744 ludens
692 1681 726 1744 in
747 1679 892 1744 tabernis
914 1680 1053 1768 publicis
1076 1682 1118 1747 ad
1139 1681 1270 1748 taxilles
1292 1692 1324 1747 et
1345 1683 1386 1748 de
1409 1684 1471 1749 hec
1491 1687 1660 1749 convictus
1683 1685 1744 1750 sol·

314 1789 371 1846 vet
389 1802 489 1844 unum
511 1779 679 1843 florenum.
723 1779 760 1843 si
784 1779 976 1846 secundario
989 1782 1023 1844 in
1034 1780 1095 1846 boc
1109 1780 1330 1868 deprehensus
1344 1783 1451 1865 fuerit,
1475 1782 1578 1849 solvet
1593 1782 1745 1872 duplum3

317 1881 345 1945 si
371 1879 490 1961 tercio,
518 1877 661 1965 triplum.
709 1877 746 1942 Si
770 1899 830 1942 nee
858 1877 965 1944 adbuc
993 1901 1027 1944 se
1055 1880 1295 1964 emendaverit,
1325 1881 1479 1948 citabitur
1506 1881 1549 1947 ad
1576 1882 1748 1948 eonsilium

316 1978 556 2058 universitatis,
579 1985 610 2041 et
632 1975 711 2042 illud
735 1977 871 2042 dictabit
891 2001 1031 2064 poenam
1053 1978 1247 2045 exclusionis
1269 1980 1321 2047 vel
1344 1981 1458 2065 aliam,
1479 1991 1575 2069 prout
1597 1981 1672 2069 plus
1694 1983 1744 2046 vi·

279 2089 310 2144 15
320 2076 452 2143 debitur
470 2075 636 2162 expedire.

402 2197 431 2256 4.
459 2191 540 2255 Item
572 2190 600 2254 si
629 2191 701 2278 quis
732 2189 772 2256 de
795 2191 972 2280 suppositis
994 2193 1216 2257 universitatis
1238 2193 1329 2259 illum
1350 2194 1477 2279 ludum,
1508 2197 1564 2284 qui
1584 2194 1746 2284 „liberum

317 2292 443 2358 forum“
465 2291 677 2354 communiter
699 2289 898 2378 appellatur,
926 2291 1109 2357 exercuerit
1135 2291 1187 2357 vel
1208 2291 1285 2357 dum
1307 2304 1475 2358 exercetur
1498 2317 1656 2382 praesens
1679 2293 1747 2359 fue-

318 2393 362 2458 rit
390 2399 447 2455 aut
472 2387 561 2454 illum
589 2389 815 2454 exercentibus
839 2391 1053 2474 consenserit,
1087 2391 1191 2456 solvet
1211 2414 1271 2478 pre
1294 2415 1401 2480 poena
1421 2416 1517 2458 unam
1540 2393 1674 2459 bursam
1696 2393 1748 2458 vel

317 2499 444 2557 tantum
473 2497 629 2576 quantum
656 2511 716 2575 pro
744 2489 898 2575 expensis
919 2511 978 2575 per
999 2513 1096 2554 unam
1120 2489 1336 2557 ebdomadam
1358 2491 1484 2559 solvere
1507 2494 1690 2576 cousuevit,
1719 2493 1748 2558 si

275 2586 405 2678 20[10¹‘]
428 2595 478 2652 est
499 2597 593 2650 extra
612 2586 757 2652 bursam.

403 2709 431 2768 5.
457 2703 538 2766 Item
560 2710 684 2785 rector,
714 2705 770 2791 qui
798 2725 859 2789 pre
881 2711 1026 2792 tempere
1047 2705 1159 2788 fuerit,
1184 2705 1339 2794 deinceps
1368 2707 1427 2772 sub
1449 2708 1632 2774 iuramento
1656 2716 1748 2774 teue-

316 2805 404 2872 bitur
426 2811 619 2889 extorquere
640 2823 764 2887 peenas
786 2801 1015 2868 excedencium
1037 2815 1151 2869 contra
1171 2815 1292 2871 statuta
1312 2807 1550 2890 universitatis,
1576 2809 1670 2873 iuxta
1690 2806 1744 2872 de·

318 2902 584 2968 terminaeionem
606 2910 638 2964 et
659 2899 824 2965 decretum
846 2911 984 2989 quatuor
1007 2904 1237 2988 magistrorum
1260 2905 1301 2972 de
1322 2917 1460 2993 quatuor
1476 2906 1669 2972 nacionibus
1685 2905 1749 2972 sibi

319 3000 537 3070 assideucium
561 3007 593 3064 et
613 3021 674 3086 pro
698 2998 820 3064 eisdem
844 2999 1013 3086 exigendis
1036 2999 1273 3086 deputatorum.

277 3131 311 3186 25
403 3121 432 3182 6.
457 3115 539 3182 Item
562 3113 685 3181 nullum
710 3117 915 3204 suppositum
935 3117 1157 3184 universitatis
1179 3117 1275 3184 debet
1295 3121 1453 3206 impetere
1475 3123 1609 3188 accione
1630 3121 1683 3188 vel
1703 3121 1749 3188 ul·

321 3220 428 3298 cione,
456 3238 516 3303 per
541 3237 576 3280 se
602 3214 656 3280 vel
683 3214 881 3302 paralium,
913 3213 1034 3282 directe
1062 3216 1115 3282 vel
1136 3217 1310 3301 indirecte,
1342 3218 1443 3286 verbe
1464 3220 1517 3287 vel
1537 3221 1639 3304 facte,
1666 3220 1750 3286 infli-

318 3327 447 3405 gentem
466 3314 520 3380 vel
538 3315 723 3400 infligentes
745 3315 808 3380 sibi
830 3337 979 3402 poenam
1001 3315 1053 3381 vel
1075 3339 1198 3403 poenas
1220 3339 1279 3404 pro
1302 3319 1368 3382 suis
1384 3319 1573 3384 excessibus
1590 3329 1647 3385 aut
1662 3319 1752 3384 illam

320 3415 373 3482 vel
399 3415 474 3481 illas
502 3414 661 3479 dictantes
690 3424 747 3480 aut
769 3425 963 3501 extorquere
983 3417 1149 3497 iuvantes,
1182 3415 1241 3480 sub
1264 3438 1370 3501 poena
1392 3427 1521 3485 centum
1542 3417 1753 3500 florenorum,

321 3537 459 3604 querum
480 3513 688 3578 medietatem
707 3513 793 3579 ultra
813 3526 939 3580 reatum
960 3516 1106 3602 periurii,
1128 3512 1216 3601 quod
1238 3517 1474 3581 contrafaciens
1496 3517 1657 3581 incurrit²
1678 3519 1752 3604 ipse

277 3615 423 3697 tofaete,
454 3611 558 3678 solvet
582 3611 630 3676 illi
656 3611 708 3676 vel
734 3613 814 3695 illis,
841 3635 936 3698 quem
964 3612 1016 3678 vei
1046 3635 1127 3700 quos
1157 3613 1204 3676 sic
1230 3613 1357 3700 impetit
1381 3625 1438 3680 aut
1457 3613 1624 3700 molestat3
1653 3615 1753 3696 aliam

319 3735 398 3779 vero
419 3711 631 3777 medietatem
653 3709 757 3776 solvet
778 3713 990 3778 universitati

405 3834 435 3893 7.
459 3827 540 3891 Item
567 3827 764 3892 universitas
793 3827 890 3892 debet
914 3825 1052 3892 fideliter
1079 3833 1112 3890 et
1138 3847 1211 3890 cum
1239 3827 1354 3894 effectu
1382 3831 1537 3896 assistere
1565 3832 1688 3898 rectori
1718 3839 1751 3898 et

322 3928 389 3992 suis
411 3925 631 3991 assessoribus
654 3924 718 3991 sibi
740 3922 979 4013 coudepu[11⁸]
989 3926 1081 4007 tatis,
1110 3947 1171 4012 pro
1193 3931 1306 4011 poenis
1328 3929 1560 4015 extorquendis
1583 3942 1615 3997 et
1636 3951 1749 3998 exces-

321 4023 412 4091 sibus
446 4023 658 4110 corrigendis.
702 4024 746 4090 Et
773 4027 801 4090 si
829 4047 1023 4112 quemquam
1052 4045 1165 4090 eorum
1192 4029 1405 4094 communiter
1432 4026 1484 4096 vel
1514 4029 1665 4116 divisim,
1694 4027 1751 4092 du-

280 4133 417 4190 strante
438 4145 496 4188 sue
518 4123 625 4189 officio
648 4123 700 4188 vel
720 4133 795 4211 pest
817 4122 1088 4212 quandocunque,
1119 4123 1284 4208 contingat
1313 4135 1448 4213 propter
1476 4127 1537 4192 hee
1558 4129 1672 4214 impeti
1695 4137 1753 4192 aut

322 4243 515 4310 quocunque
542 4222 638 4287 medo
666 4225 837 4289 occasione
866 4226 1060 4289 extersionis
1087 4243 1267 4308 poenarum
1289 4223 1472 4290 huiusmodi
1495 4236 1551 4290 aut
1573 4228 1751 4292 eorreceie·

321 4323 372 4385 nis
394 4341 587 4386 excessuum
609 4322 791 4405 molestari,
814 4332 934 4387 extunc
955 4323 1153 4386 universitas
1173 4323 1247 4408 ipsa
1269 4321 1365 4388 debet
1386 4347 1421 4390 se
1442 4324 1628 4390 huiusmodi
1649 4327 1751 4414 impe·

321 4420 473 4485 titeribus
499 4419 626 4485 fortiter
647 4441 813 4509 opponere
835 4443 874 4486 ac
894 4429 1055 4486 rectorem
1076 4428 1108 4484 et
1129 4441 1311 4486 assessores
1333 4423 1500 4509 praefatos
1519 4435 1554 4490 et
1574 4424 1753 4513 quemlibet

392 4674 404 4724 l
423 4669 478 4724 Die
495 4667 629 4724 ntchstan
649 4675 663 4723 ’1
681 4667 805 4723 Absttze
833 4667 893 4722 sind
920 4671 1002 4722 enter
1018 4666 1080 4720 dem
1098 4665 1247 4721 Rectorate
1265 4667 1314 4724 des
1332 4668 1423 4727 Jacob
1439 4671 1587 4730 Redewica
1605 4689 1661 4728 von
1679 4672 1754 4730 Jena

321 4753 360 4807 im
377 4751 630 4808 Semmersemester
651 4757 715 4808 1412
734 4751 918 4809 bescbiessen.
953 4751 1018 4821 Vgl.
1035 4745 1172 4806 Urkundl.
1192 4750 1309 4814 Quellen
1328 4749 1356 4810 S.
1375 4759 1433 4812 601.
1462 4755 1522 4812 Aus
1535 4753 1667 4812 walchem
1680 4755 1753 4814 Jabr

324 4835 369 4892 die
386 4834 446 4890 sich
463 4835 644 4890 unmittelbar
659 4837 748 4891 daran
766 4835 970 4891 sabliesseuden
985 4841 1135 4901 stammeu,
1152 4833 1232 4888 weiss
1249 4835 1294 4889 ich
1312 4837 1390 4892 nicht
1407 4841 1577 4911 anaugebeu.

390 4940 404 4988 2
423 4935 464 4989 Im
483 4936 661 4992 Ratieuarius
680 4934 742 4990 fisci
758 4937 800 4992 Bl.
819 4941 855 4991 ab
873 4936 948 4993 steht
968 4937 1106 5004 inermen
1132 4933 1207 4990 disse
1225 4935 1359 4992 Variaute
1384 4938 1421 4993 ist
1445 4939 1491 4994 fur
1509 4941 1669 5014 Erkldrung
1697 4943 1752 4998 die·

323 5035 367 5072 sea
388 5017 513 5073 Artilrels
535 5018 614 5074 nicht
637 5019 797 5092 unwiehtig.
834 5022 888 5078 Die
914 5019 1127 5090 Einseiebnuug
1148 5019 1178 5074 in
1201 5019 1254 5075 den
1277 5021 1457 5078 Rationarius
1474 5025 1511 5079 ist
1526 5041 1583 5081 von
1599 5025 1649 5082 der
1667 5026 1752 5084 Haud

324 5102 373 5157 dea
386 5102 504 5158 Baeters
521 5101 607 5159 solbet
626 5102 796 5175 ausgefiihrt
