<?xml version="1.0" encoding="UTF-8"?>
<!DOCTYPE html PUBLIC "-//W3C//DTD XHTML 1.0 Transitional//EN"
    "http://www.w3.org/TR/xhtml1/DTD/xhtml1-transitional.dtd">
<html xmlns="http://www.w3.org/1999/xhtml" xml:lang="en" lang="en">
 <head>
  <title>
</title>
<meta http-equiv="Content-Type" content="text/html;charset=utf-8" />
  <meta name='ocr-system' content='tesseract 3.04.00' />
  <meta name='ocr-capabilities' content='ocr_page ocr_carea ocr_par ocr_line ocrx_word'/>
</head>
<body>
  <div class='ocr_page' id='page_1' title='image "./diestatutenbche00leipgoog_0557.png"; bbox 0 0 3762 6074; ppageno 0'>
   <div class='ocr_carea' id='block_1_1' title="bbox 827 461 1265 534">
    <p class='ocr_par' dir='ltr' id='par_1_1' title="bbox 827 461 1265 534">
     <span class='ocr_line' id='line_1_1' title="bbox 827 461 1265 534; baseline 0.005 -18"><span class='ocrx_word' id='word_1_1' title='bbox 827 461 877 518; x_wconf 83' lang='lat' dir='ltr'><strong>Dio</strong></span> <span class='ocrx_word' id='word_1_2' title='bbox 899 465 1118 534; x_wconf 63' lang='lat' dir='ltr'><strong>philosophicas</strong></span> <span class='ocrx_word' id='word_1_3' title='bbox 1137 465 1265 518; x_wconf 67' lang='lat' dir='ltr'><strong>fucatas</strong></span> 
     </span>
    </p>
   </div>
   <div class='ocr_carea' id='block_1_2' title="bbox 870 718 1224 784">
    <p class='ocr_par' dir='ltr' id='par_1_2' title="bbox 870 718 1224 784">
     <span class='ocr_line' id='line_1_2' title="bbox 870 718 1224 784; baseline -0.006 -12"><span class='ocrx_word' id='word_1_4' title='bbox 870 719 993 772; x_wconf 80' lang='lat' dir='ltr'><strong>Zvoits</strong></span> <span class='ocrx_word' id='word_1_5' title='bbox 1010 718 1224 784; x_wconf 72' lang='lat' dir='ltr'><strong>Abthsilnng.</strong></span> 
     </span>
    </p>
   </div>
   <div class='ocr_carea' id='block_1_3' title="bbox 333 872 1753 1051">
    <p class='ocr_par' dir='ltr' id='par_1_3' title="bbox 333 872 1753 1051">
     <span class='ocr_line' id='line_1_3' title="bbox 333 872 1753 968; baseline 0.004 -25"><span class='ocrx_word' id='word_1_6' title='bbox 333 872 378 966; x_wconf 89' lang='lat' dir='ltr'><strong>[S.</strong></span> <span class='ocrx_word' id='word_1_7' title='bbox 400 875 470 968; x_wconf 81' lang='lat'><strong>¹29]</strong></span> <span class='ocrx_word' id='word_1_8' title='bbox 500 898 547 947; x_wconf 84' lang='lat' dir='ltr'><strong>ns</strong></span> <span class='ocrx_word' id='word_1_9' title='bbox 569 899 717 950; x_wconf 72' lang='lat' dir='ltr'><strong>moruus</strong></span> <span class='ocrx_word' id='word_1_10' title='bbox 739 899 903 950; x_wconf 79' lang='lat' dir='ltr'><strong>conuncu</strong></span> <span class='ocrx_word' id='word_1_11' title='bbox 924 901 1026 966; x_wconf 81' lang='lat' dir='ltr'><strong>uovr,</strong></span> <span class='ocrx_word' id='word_1_12' title='bbox 1054 901 1148 962; x_wconf 76' lang='lat' dir='ltr'><strong>Quas</strong></span> <span class='ocrx_word' id='word_1_13' title='bbox 1171 899 1261 950; x_wconf 81' lang='lat' dir='ltr'><strong>surr</strong></span> <span class='ocrx_word' id='word_1_14' title='bbox 1290 899 1464 950; x_wconf 75' lang='lat' dir='ltr'><strong>seorsus</strong></span> <span class='ocrx_word' id='word_1_15' title='bbox 1493 897 1753 950; x_wconf 81' lang='lat' dir='ltr'><strong>courrumrsrrs</strong></span> 
     </span>
     <span class='ocr_line' id='line_1_4' title="bbox 812 1001 1283 1051; baseline -0.002 -3"><span class='ocrx_word' id='word_1_16' title='bbox 812 1001 929 1050; x_wconf 87' lang='lat' dir='ltr'><strong>sruon</strong></span> <span class='ocrx_word' id='word_1_17' title='bbox 951 1001 1119 1051; x_wconf 79' lang='lat' dir='ltr'><strong>nouarum</strong></span> <span class='ocrx_word' id='word_1_18' title='bbox 1141 1001 1283 1049; x_wconf 67' lang='lat' dir='ltr'><strong>carrus.</strong></span> 
     </span>
    </p>
   </div>
   <div class='ocr_carea' id='block_1_4' title="bbox 294 1113 1755 1901">
    <p class='ocr_par' dir='ltr' id='par_1_4' title="bbox 294 1113 1755 1901">
     <span class='ocr_line' id='line_1_5' title="bbox 418 1113 1752 1204; baseline 0 -24"><span class='ocrx_word' id='word_1_19' title='bbox 418 1113 633 1180; x_wconf 82' lang='lat' dir='ltr'><strong>Constructae</strong></span> <span class='ocrx_word' id='word_1_20' title='bbox 653 1115 783 1180; x_wconf 78' lang='lat' dir='ltr'><strong>fluerunt</strong></span> <span class='ocrx_word' id='word_1_21' title='bbox 807 1117 1028 1204; x_wconf 88' lang='lat' dir='ltr'><strong>superioribus</strong></span> <span class='ocrx_word' id='word_1_22' title='bbox 1056 1119 1150 1184; x_wconf 91' lang='lat' dir='ltr'><strong>annis</strong></span> <span class='ocrx_word' id='word_1_23' title='bbox 1174 1115 1272 1183; x_wconf 89' lang='lat' dir='ltr'><strong>aedes</strong></span> <span class='ocrx_word' id='word_1_24' title='bbox 1294 1113 1556 1202; x_wconf 59' lang='lat' dir='ltr'><strong>duae,‚quarum</strong></span> <span class='ocrx_word' id='word_1_25' title='bbox 1576 1138 1680 1200; x_wconf 86' lang='lat' dir='ltr'><strong>unae,</strong></span> <span class='ocrx_word' id='word_1_26' title='bbox 1702 1138 1752 1202; x_wconf 82' lang='lat' dir='ltr'><strong>po</strong></span> 
     </span>
     <span class='ocr_line' id='line_1_6' title="bbox 294 1213 1754 1296; baseline 0.002 -20"><span class='ocrx_word' id='word_1_27' title='bbox 294 1221 310 1276; x_wconf 81' lang='lat'><strong>5</strong></span> <span class='ocrx_word' id='word_1_28' title='bbox 337 1215 439 1280; x_wconf 86' lang='lat' dir='ltr'><strong>morio</strong></span> <span class='ocrx_word' id='word_1_29' title='bbox 461 1215 607 1296; x_wconf 89' lang='lat' dir='ltr'><strong>vicinae,</strong></span> <span class='ocrx_word' id='word_1_30' title='bbox 629 1213 814 1294; x_wconf 76' lang='lat' dir='ltr'><strong>absolutae,</strong></span> <span class='ocrx_word' id='word_1_31' title='bbox 838 1215 959 1282; x_wconf 78' lang='lat' dir='ltr'><strong>alterae</strong></span> <span class='ocrx_word' id='word_1_32' title='bbox 986 1215 1099 1282; x_wconf 90' lang='lat' dir='ltr'><strong>urbem</strong></span> <span class='ocrx_word' id='word_1_33' title='bbox 1122 1239 1236 1282; x_wconf 88' lang='lat' dir='ltr'><strong>vorsus</strong></span> <span class='ocrx_word' id='word_1_34' title='bbox 1264 1225 1351 1282; x_wconf 89' lang='lat' dir='ltr'><strong>totae</strong></span> <span class='ocrx_word' id='word_1_35' title='bbox 1372 1214 1609 1282; x_wconf 82' lang='lat' dir='ltr'><strong>exaedificatae</strong></span> <span class='ocrx_word' id='word_1_36' title='bbox 1631 1215 1754 1280; x_wconf 87' lang='lat' dir='ltr'><strong>fuerunt</strong></span> 
     </span>
     <span class='ocr_line' id='line_1_7' title="bbox 333 1311 1753 1401; baseline 0.001 -24"><span class='ocrx_word' id='word_1_37' title='bbox 333 1311 489 1401; x_wconf 76' lang='lat' dir='ltr'>impensis</span> <span class='ocrx_word' id='word_1_38' title='bbox 511 1312 692 1401; x_wconf 82' lang='lat' dir='ltr'><strong>sumptibus</strong></span> <span class='ocrx_word' id='word_1_39' title='bbox 709 1337 729 1378; x_wconf 90' lang='lat' dir='ltr'><strong>a</strong></span> <span class='ocrx_word' id='word_1_40' title='bbox 747 1317 975 1382; x_wconf 89' lang='lat' dir='ltr'><strong>communitate</strong></span> <span class='ocrx_word' id='word_1_41' title='bbox 995 1316 1093 1382; x_wconf 89' lang='lat' dir='ltr'><strong>studii</strong></span> <span class='ocrx_word' id='word_1_42' title='bbox 1113 1316 1273 1382; x_wconf 89' lang='lat' dir='ltr'><strong>bonarum</strong></span> <span class='ocrx_word' id='word_1_43' title='bbox 1295 1317 1423 1398; x_wconf 89' lang='lat' dir='ltr'><strong>artium,</strong></span> <span class='ocrx_word' id='word_1_44' title='bbox 1445 1317 1537 1380; x_wconf 91' lang='lat' dir='ltr'><strong>cuius</strong></span> <span class='ocrx_word' id='word_1_45' title='bbox 1553 1313 1672 1380; x_wconf 91' lang='lat' dir='ltr'><strong>ambae</strong></span> <span class='ocrx_word' id='word_1_46' title='bbox 1684 1313 1753 1379; x_wconf 86' lang='lat' dir='ltr'><strong>illae</strong></span> 
     </span>
     <span class='ocr_line' id='line_1_8' title="bbox 334 1413 1753 1505; baseline 0.001 -28"><span class='ocrx_word' id='word_1_47' title='bbox 334 1414 489 1501; x_wconf 90' lang='lat' dir='ltr'><strong>propriae</strong></span> <span class='ocrx_word' id='word_1_48' title='bbox 511 1425 584 1478; x_wconf 90' lang='lat' dir='ltr'><strong>sunt</strong></span> <span class='ocrx_word' id='word_1_49' title='bbox 606 1437 678 1478; x_wconf 95' lang='lat' dir='ltr'><strong>cum</strong></span> <span class='ocrx_word' id='word_1_50' title='bbox 701 1436 738 1478; x_wconf 93' lang='lat' dir='ltr'><strong>eo</strong></span> <span class='ocrx_word' id='word_1_51' title='bbox 760 1415 831 1480; x_wconf 88' lang='lat' dir='ltr'><strong>iure</strong></span> <span class='ocrx_word' id='word_1_52' title='bbox 851 1417 962 1501; x_wconf 90' lang='lat' dir='ltr'><strong>eisque</strong></span> <span class='ocrx_word' id='word_1_53' title='bbox 983 1415 1175 1505; x_wconf 89' lang='lat' dir='ltr'><strong>privilegiis,</strong></span> <span class='ocrx_word' id='word_1_54' title='bbox 1197 1415 1314 1504; x_wconf 90' lang='lat' dir='ltr'><strong>quibus</strong></span> <span class='ocrx_word' id='word_1_55' title='bbox 1330 1425 1477 1480; x_wconf 87' lang='lat' dir='ltr'><strong>caeterae</strong></span> <span class='ocrx_word' id='word_1_56' title='bbox 1491 1413 1591 1479; x_wconf 84' lang='lat' dir='ltr'><strong>aedes</strong></span> <span class='ocrx_word' id='word_1_57' title='bbox 1607 1413 1753 1501; x_wconf 89' lang='lat' dir='ltr'><strong>publicae</strong></span> 
     </span>
     <span class='ocr_line' id='line_1_9' title="bbox 336 1511 1755 1604; baseline 0.001 -28"><span class='ocrx_word' id='word_1_58' title='bbox 336 1511 545 1598; x_wconf 85' lang='lat' dir='ltr'><strong>collegiorum</strong></span> <span class='ocrx_word' id='word_1_59' title='bbox 578 1515 774 1580; x_wconf 89' lang='lat' dir='ltr'><strong>muniuntur.</strong></span> <span class='ocrx_word' id='word_1_60' title='bbox 818 1513 923 1596; x_wconf 83' lang='lat' dir='ltr'><strong>Quam</strong></span> <span class='ocrx_word' id='word_1_61' title='bbox 950 1517 1183 1604; x_wconf 78' lang='lat' dir='ltr'>proprietatem</span> <span class='ocrx_word' id='word_1_62' title='bbox 1212 1526 1244 1580; x_wconf 91' lang='lat' dir='ltr'><strong>et</strong></span> <span class='ocrx_word' id='word_1_63' title='bbox 1272 1515 1512 1604; x_wconf 87' lang='lat' dir='ltr'><strong>possessionem</strong></span> <span class='ocrx_word' id='word_1_64' title='bbox 1540 1512 1755 1578; x_wconf 85' lang='lat' dir='ltr'><strong>illustrissima</strong></span> 
     </span>
     <span class='ocr_line' id='line_1_10' title="bbox 335 1609 1754 1702; baseline 0.002 -29"><span class='ocrx_word' id='word_1_65' title='bbox 335 1609 656 1678; x_wconf 75' lang='lat' dir='ltr'><strong>clementissimorum</strong></span> <span class='ocrx_word' id='word_1_66' title='bbox 678 1613 862 1702; x_wconf 85' lang='lat' dir='ltr'><strong>principum</strong></span> <span class='ocrx_word' id='word_1_67' title='bbox 889 1616 1046 1680; x_wconf 78' lang='lat' dir='ltr'><strong>autoritas</strong></span> <span class='ocrx_word' id='word_1_68' title='bbox 1073 1615 1307 1702; x_wconf 83' lang='lat' dir='ltr'><strong>benignissime</strong></span> <span class='ocrx_word' id='word_1_69' title='bbox 1334 1613 1546 1680; x_wconf 82' lang='lat' dir='ltr'><strong>confirmavit.</strong></span> <span class='ocrx_word' id='word_1_70' title='bbox 1589 1611 1664 1676; x_wconf 88' lang='lat' dir='ltr'><strong>Has</strong></span> <span class='ocrx_word' id='word_1_71' title='bbox 1685 1611 1754 1676; x_wconf 80' lang='lat' dir='ltr'><strong>alie</strong></span> 
     </span>
     <span class='ocr_line' id='line_1_11' title="bbox 296 1709 1753 1804; baseline 0.004 -34"><span class='ocrx_word' id='word_1_72' title='bbox 296 1716 328 1770; x_wconf 91' lang='grc'><strong>10</strong></span> <span class='ocrx_word' id='word_1_73' title='bbox 338 1709 410 1772; x_wconf 89' lang='lat' dir='ltr'><strong>nari</strong></span> <span class='ocrx_word' id='word_1_74' title='bbox 431 1711 609 1793; x_wconf 90' lang='lat' dir='ltr'><strong>nonlicet,</strong></span> <span class='ocrx_word' id='word_1_75' title='bbox 632 1711 734 1800; x_wconf 86' lang='lat' dir='ltr'><strong>deque</strong></span> <span class='ocrx_word' id='word_1_76' title='bbox 756 1713 818 1778; x_wconf 90' lang='lat' dir='ltr'><strong>boc</strong></span> <span class='ocrx_word' id='word_1_77' title='bbox 838 1713 1103 1780; x_wconf 84' lang='lat' dir='ltr'><strong>deliberationem</strong></span> <span class='ocrx_word' id='word_1_78' title='bbox 1131 1717 1253 1804; x_wconf 85' lang='lat' dir='ltr'><strong>suscipi</strong></span> <span class='ocrx_word' id='word_1_79' title='bbox 1282 1713 1524 1802; x_wconf 76' lang='lat' dir='ltr'><strong>sententiasque</strong></span> <span class='ocrx_word' id='word_1_80' title='bbox 1545 1711 1613 1778; x_wconf 92' lang='lat' dir='ltr'><strong>dici</strong></span> <span class='ocrx_word' id='word_1_81' title='bbox 1634 1721 1753 1777; x_wconf 87' lang='lat' dir='ltr'><strong>veteres</strong></span> 
     </span>
     <span class='ocr_line' id='line_1_12' title="bbox 334 1811 1330 1901; baseline 0.007 -29"><span class='ocrx_word' id='word_1_82' title='bbox 334 1830 448 1876; x_wconf 86' lang='lat' dir='ltr'><strong>severo</strong></span> <span class='ocrx_word' id='word_1_83' title='bbox 469 1811 705 1900; x_wconf 88' lang='lat' dir='ltr'><strong>prohibuerunt</strong></span> <span class='ocrx_word' id='word_1_84' title='bbox 727 1822 758 1876; x_wconf 89' lang='lat' dir='ltr'><strong>et</strong></span> <span class='ocrx_word' id='word_1_85' title='bbox 779 1835 838 1878; x_wconf 91' lang='lat' dir='ltr'><strong>nos</strong></span> <span class='ocrx_word' id='word_1_86' title='bbox 859 1811 1057 1901; x_wconf 90' lang='lat' dir='ltr'><strong>prohibitum</strong></span> <span class='ocrx_word' id='word_1_87' title='bbox 1079 1837 1151 1880; x_wconf 91' lang='lat' dir='ltr'><strong>esse</strong></span> <span class='ocrx_word' id='word_1_88' title='bbox 1172 1815 1330 1880; x_wconf 91' lang='lat' dir='ltr'><strong>volumus.</strong></span> 
     </span>
    </p>
   </div>
   <div class='ocr_carea' id='block_1_5' title="bbox 566 2029 1522 2082">
    <p class='ocr_par' dir='ltr' id='par_1_5' title="bbox 566 2029 1522 2082">
     <span class='ocr_line' id='line_1_13' title="bbox 566 2029 1522 2082; baseline -0.002 -3"><span class='ocrx_word' id='word_1_89' title='bbox 566 2031 613 2079; x_wconf 82' lang='lat' dir='ltr'><strong>DE</strong></span> <span class='ocrx_word' id='word_1_90' title='bbox 634 2031 832 2080; x_wconf 67' lang='lat' dir='ltr'><strong>euasurum:</strong></span> <span class='ocrx_word' id='word_1_91' title='bbox 853 2033 973 2081; x_wconf 73' lang='lat' dir='ltr'><strong>murs</strong></span> <span class='ocrx_word' id='word_1_92' title='bbox 994 2033 1129 2082; x_wconf 76' lang='lat' dir='ltr'><strong>AEDIUM</strong></span> <span class='ocrx_word' id='word_1_93' title='bbox 1150 2033 1195 2080; x_wconf 83' lang='grc' dir='ltr'><strong>ΕΤ</strong></span> <span class='ocrx_word' id='word_1_94' title='bbox 1218 2029 1522 2080; x_wconf 62' lang='lat' dir='ltr'><strong>memoremus.</strong></span> 
     </span>
    </p>
   </div>
   <div class='ocr_carea' id='block_1_6' title="bbox 292 2140 1853 5246">
    <p class='ocr_par' dir='ltr' id='par_1_6' title="bbox 292 2140 1853 5246">
     <span class='ocr_line' id='line_1_14' title="bbox 417 2140 1752 2234; baseline 0 -24"><span class='ocrx_word' id='word_1_95' title='bbox 417 2140 463 2231; x_wconf 89' lang='lat' dir='ltr'><strong>[S.</strong></span> <span class='ocrx_word' id='word_1_96' title='bbox 475 2141 544 2234; x_wconf 90' lang='grc'>130]</span> <span class='ocrx_word' id='word_1_97' title='bbox 566 2145 630 2212; x_wconf 88' lang='lat' dir='ltr'><strong>His</strong></span> <span class='ocrx_word' id='word_1_98' title='bbox 651 2146 787 2213; x_wconf 90' lang='lat' dir='ltr'><strong>aedibus</strong></span> <span class='ocrx_word' id='word_1_99' title='bbox 809 2147 967 2215; x_wconf 88' lang='lat' dir='ltr'><strong>ambabus</strong></span> <span class='ocrx_word' id='word_1_100' title='bbox 988 2150 1035 2214; x_wconf 96' lang='lat' dir='ltr'><strong>ita</strong></span> <span class='ocrx_word' id='word_1_101' title='bbox 1055 2149 1222 2228; x_wconf 77' lang='lat' dir='ltr'><strong>extr&#39;uctis,</strong></span> <span class='ocrx_word' id='word_1_102' title='bbox 1245 2156 1281 2211; x_wconf 90' lang='lat' dir='ltr'><strong>ut</strong></span> <span class='ocrx_word' id='word_1_103' title='bbox 1301 2145 1344 2212; x_wconf 95' lang='lat' dir='ltr'><strong>ab</strong></span> <span class='ocrx_word' id='word_1_104' title='bbox 1358 2146 1555 2233; x_wconf 88' lang='lat' dir='ltr'><strong>optimarum</strong></span> <span class='ocrx_word' id='word_1_105' title='bbox 1570 2143 1752 2232; x_wconf 68' lang='lat' dir='ltr'><strong>disciplina</strong></span> 
     </span>
     <span class='ocr_line' id='line_1_15' title="bbox 336 2243 1755 2336; baseline -0.001 -29"><span class='ocrx_word' id='word_1_106' title='bbox 336 2263 408 2308; x_wconf 88' lang='lat' dir='ltr'><strong>rum</strong></span> <span class='ocrx_word' id='word_1_107' title='bbox 424 2244 577 2311; x_wconf 89' lang='lat' dir='ltr'><strong>studiosis</strong></span> <span class='ocrx_word' id='word_1_108' title='bbox 591 2247 759 2312; x_wconf 90' lang='lat' dir='ltr'><strong>commode</strong></span> <span class='ocrx_word' id='word_1_109' title='bbox 772 2247 964 2330; x_wconf 91' lang='lat' dir='ltr'><strong>incolantur,</strong></span> <span class='ocrx_word' id='word_1_110' title='bbox 986 2247 1217 2336; x_wconf 85' lang='lat' dir='ltr'><strong>dispositisque</strong></span> <span class='ocrx_word' id='word_1_111' title='bbox 1239 2245 1477 2312; x_wconf 81' lang='lat' dir='ltr'><strong>habitationum</strong></span> <span class='ocrx_word' id='word_1_112' title='bbox 1498 2243 1710 2310; x_wconf 78' lang='lat' dir='ltr'><strong>conclavibus</strong></span> <span class='ocrx_word' id='word_1_113' title='bbox 1727 2253 1755 2307; x_wconf 88' lang='lat' dir='ltr'><strong>et</strong></span> 
     </span>
     <span class='ocr_line' id='line_1_16' title="bbox 293 2340 1754 2414; baseline 0.001 -10"><span class='ocrx_word' id='word_1_114' title='bbox 293 2349 323 2404; x_wconf 81' lang='grc'><strong>15</strong></span> <span class='ocrx_word' id='word_1_115' title='bbox 333 2340 407 2408; x_wconf 89' lang='lat' dir='ltr'><strong>aliis</strong></span> <span class='ocrx_word' id='word_1_116' title='bbox 428 2341 508 2410; x_wconf 93' lang='lat' dir='ltr'><strong>locis</strong></span> <span class='ocrx_word' id='word_1_117' title='bbox 530 2347 716 2412; x_wconf 64' lang='lat' dir='ltr'><strong>mactationi</strong></span> <span class='ocrx_word' id='word_1_118' title='bbox 738 2347 917 2413; x_wconf 88' lang='lat' dir='ltr'><strong>studiorum</strong></span> <span class='ocrx_word' id='word_1_119' title='bbox 938 2357 1121 2414; x_wconf 91' lang='lat' dir='ltr'><strong>nostrorum</strong></span> <span class='ocrx_word' id='word_1_120' title='bbox 1145 2345 1414 2414; x_wconf 89' lang='lat' dir='ltr'><strong>accommodatis:</strong></span> <span class='ocrx_word' id='word_1_121' title='bbox 1437 2353 1512 2410; x_wconf 88' lang='lat' dir='ltr'><strong>ante</strong></span> <span class='ocrx_word' id='word_1_122' title='bbox 1538 2343 1651 2408; x_wconf 90' lang='lat' dir='ltr'><strong>omnia</strong></span> <span class='ocrx_word' id='word_1_123' title='bbox 1673 2342 1754 2408; x_wconf 81' lang='lat' dir='ltr'><strong>vide</strong></span> 
     </span>
     <span class='ocr_line' id='line_1_17' title="bbox 332 2439 1753 2534; baseline 0 -29"><span class='ocrx_word' id='word_1_124' title='bbox 332 2439 381 2506; x_wconf 91' lang='lat' dir='ltr'><strong>bit</strong></span> <span class='ocrx_word' id='word_1_125' title='bbox 401 2445 556 2534; x_wconf 90' lang='lat' dir='ltr'><strong>cuiusque</strong></span> <span class='ocrx_word' id='word_1_126' title='bbox 578 2447 742 2512; x_wconf 88' lang='lat' dir='ltr'><strong>semestris</strong></span> <span class='ocrx_word' id='word_1_127' title='bbox 765 2446 919 2528; x_wconf 87' lang='lat' dir='ltr'><strong>decanus,</strong></span> <span class='ocrx_word' id='word_1_128' title='bbox 941 2455 978 2511; x_wconf 90' lang='lat' dir='ltr'><strong>ut</strong></span> <span class='ocrx_word' id='word_1_129' title='bbox 1000 2448 1124 2512; x_wconf 91' lang='lat' dir='ltr'><strong>curatio</strong></span> <span class='ocrx_word' id='word_1_130' title='bbox 1146 2446 1275 2512; x_wconf 91' lang='lat' dir='ltr'><strong>aedium</strong></span> <span class='ocrx_word' id='word_1_131' title='bbox 1297 2453 1329 2510; x_wconf 87' lang='lat' dir='ltr'><strong>ot</strong></span> <span class='ocrx_word' id='word_1_132' title='bbox 1348 2443 1417 2510; x_wconf 90' lang='lat' dir='ltr'><strong>lata</strong></span> <span class='ocrx_word' id='word_1_133' title='bbox 1436 2443 1537 2509; x_wconf 85' lang='lat' dir='ltr'><strong>alicui</strong></span> <span class='ocrx_word' id='word_1_134' title='bbox 1557 2443 1619 2526; x_wconf 91' lang='lat' dir='ltr'><strong>sit,</strong></span> <span class='ocrx_word' id='word_1_135' title='bbox 1640 2451 1673 2506; x_wconf 90' lang='lat' dir='ltr'><strong>et</strong></span> <span class='ocrx_word' id='word_1_136' title='bbox 1691 2465 1753 2506; x_wconf 86' lang='lat' dir='ltr'><strong>mu·</strong></span> 
     </span>
     <span class='ocr_line' id='line_1_18' title="bbox 335 2541 1755 2632; baseline 0.001 -28"><span class='ocrx_word' id='word_1_137' title='bbox 335 2563 397 2605; x_wconf 88' lang='lat' dir='ltr'><strong>nus</strong></span> <span class='ocrx_word' id='word_1_138' title='bbox 410 2541 497 2609; x_wconf 92' lang='lat' dir='ltr'><strong>illius</strong></span> <span class='ocrx_word' id='word_1_139' title='bbox 516 2544 688 2632; x_wconf 89' lang='lat' dir='ltr'><strong>diligenter</strong></span> <span class='ocrx_word' id='word_1_140' title='bbox 703 2545 849 2612; x_wconf 90' lang='lat' dir='ltr'><strong>obeatur.</strong></span> <span class='ocrx_word' id='word_1_141' title='bbox 880 2545 985 2611; x_wconf 89' lang='lat' dir='ltr'><strong>Huius</strong></span> <span class='ocrx_word' id='word_1_142' title='bbox 1000 2547 1141 2612; x_wconf 87' lang='lat' dir='ltr'><strong>officium</strong></span> <span class='ocrx_word' id='word_1_143' title='bbox 1157 2554 1208 2612; x_wconf 89' lang='lat' dir='ltr'><strong>est</strong></span> <span class='ocrx_word' id='word_1_144' title='bbox 1222 2545 1332 2610; x_wconf 89' lang='lat' dir='ltr'><strong>locare</strong></span> <span class='ocrx_word' id='word_1_145' title='bbox 1353 2543 1571 2610; x_wconf 84' lang='lat' dir='ltr'><strong>habitationes</strong></span> <span class='ocrx_word' id='word_1_146' title='bbox 1595 2542 1755 2629; x_wconf 78' lang='lat' dir='ltr'><strong>magistris</strong></span> 
     </span>
     <span class='ocr_line' id='line_1_19' title="bbox 335 2641 1757 2732; baseline 0.001 -28"><span class='ocrx_word' id='word_1_147' title='bbox 335 2641 591 2724; x_wconf 88' lang='lat' dir='ltr'><strong>scholasticisve,</strong></span> <span class='ocrx_word' id='word_1_148' title='bbox 610 2647 666 2732; x_wconf 94' lang='lat' dir='ltr'><strong>qui</strong></span> <span class='ocrx_word' id='word_1_149' title='bbox 688 2645 869 2712; x_wconf 88' lang='lat' dir='ltr'><strong>conducere</strong></span> <span class='ocrx_word' id='word_1_150' title='bbox 891 2644 1071 2728; x_wconf 90' lang='lat' dir='ltr'><strong>voluerint,</strong></span> <span class='ocrx_word' id='word_1_151' title='bbox 1094 2645 1178 2710; x_wconf 88' lang='lat' dir='ltr'><strong>unde</strong></span> <span class='ocrx_word' id='word_1_152' title='bbox 1199 2645 1374 2712; x_wconf 84' lang='lat' dir='ltr'><strong>locatorem</strong></span> <span class='ocrx_word' id='word_1_153' title='bbox 1396 2643 1483 2708; x_wconf 89' lang='lat' dir='ltr'><strong>huno</strong></span> <span class='ocrx_word' id='word_1_154' title='bbox 1510 2641 1636 2729; x_wconf 81' lang='lat' dir='ltr'><strong>placuit</strong></span> <span class='ocrx_word' id='word_1_155' title='bbox 1663 2641 1757 2706; x_wconf 91' lang='lat' dir='ltr'><strong>nomi·</strong></span> 
     </span>
     <span class='ocr_line' id='line_1_20' title="bbox 334 2740 1756 2833; baseline 0 -29"><span class='ocrx_word' id='word_1_156' title='bbox 334 2741 416 2804; x_wconf 89' lang='lat' dir='ltr'><strong>nari.</strong></span> <span class='ocrx_word' id='word_1_157' title='bbox 458 2741 495 2806; x_wconf 90' lang='lat' dir='ltr'><strong>ln</strong></span> <span class='ocrx_word' id='word_1_158' title='bbox 518 2742 580 2808; x_wconf 91' lang='lat' dir='ltr'><strong>hoc</strong></span> <span class='ocrx_word' id='word_1_159' title='bbox 600 2743 738 2829; x_wconf 92' lang='lat' dir='ltr'><strong>legendo</strong></span> <span class='ocrx_word' id='word_1_160' title='bbox 761 2746 877 2810; x_wconf 88' lang='lat' dir='ltr'><strong>seriem</strong></span> <span class='ocrx_word' id='word_1_161' title='bbox 899 2747 1067 2811; x_wconf 91' lang='lat' dir='ltr'><strong>nationum</strong></span> <span class='ocrx_word' id='word_1_162' title='bbox 1090 2745 1216 2810; x_wconf 86' lang='lat' dir='ltr'><strong>servari</strong></span> <span class='ocrx_word' id='word_1_163' title='bbox 1238 2743 1378 2833; x_wconf 87' lang='lat' dir='ltr'><strong>placuit,</strong></span> <span class='ocrx_word' id='word_1_164' title='bbox 1399 2750 1436 2806; x_wconf 93' lang='lat' dir='ltr'><strong>ut</strong></span> <span class='ocrx_word' id='word_1_165' title='bbox 1458 2743 1566 2830; x_wconf 89' lang='lat' dir='ltr'><strong>prima</strong></span> <span class='ocrx_word' id='word_1_166' title='bbox 1594 2749 1682 2806; x_wconf 89' lang='lat' dir='ltr'><strong>esset</strong></span> <span class='ocrx_word' id='word_1_167' title='bbox 1701 2740 1756 2804; x_wconf 91' lang='lat' dir='ltr'><strong>Po-</strong></span> 
     </span>
     <span class='ocr_line' id='line_1_21' title="bbox 292 2837 1757 2928; baseline 0.001 -26"><span class='ocrx_word' id='word_1_168' title='bbox 292 2837 452 2924; x_wconf 68' lang='lat' dir='ltr'><strong>lolonica,</strong></span> <span class='ocrx_word' id='word_1_169' title='bbox 475 2841 618 2908; x_wconf 90' lang='lat' dir='ltr'><strong>secunda</strong></span> <span class='ocrx_word' id='word_1_170' title='bbox 640 2843 814 2928; x_wconf 84' lang='lat' dir='ltr'><strong>Saxonica,</strong></span> <span class='ocrx_word' id='word_1_171' title='bbox 835 2843 999 2910; x_wconf 90' lang='lat' dir='ltr'><strong>Bavarica</strong></span> <span class='ocrx_word' id='word_1_172' title='bbox 1020 2845 1133 2928; x_wconf 87' lang='lat' dir='ltr'><strong>tertia,</strong></span> <span class='ocrx_word' id='word_1_173' title='bbox 1157 2843 1332 2926; x_wconf 79' lang='lat' dir='ltr'><strong>Misnensis</strong></span> <span class='ocrx_word' id='word_1_174' title='bbox 1355 2851 1487 2928; x_wconf 89' lang='lat' dir='ltr'><strong>quarta,</strong></span> <span class='ocrx_word' id='word_1_175' title='bbox 1519 2841 1635 2906; x_wconf 89' lang='lat' dir='ltr'><strong>electio</strong></span> <span class='ocrx_word' id='word_1_176' title='bbox 1657 2851 1757 2905; x_wconf 90' lang='lat' dir='ltr'><strong>autem</strong></span> 
     </span>
     <span class='ocr_line' id='line_1_22' title="bbox 334 2940 1755 3032; baseline 0 -28"><span class='ocrx_word' id='word_1_177' title='bbox 334 2941 395 3004; x_wconf 90' lang='lat' dir='ltr'><strong>erit</strong></span> <span class='ocrx_word' id='word_1_178' title='bbox 416 2941 543 3008; x_wconf 90' lang='lat' dir='ltr'><strong>consilii</strong></span> <span class='ocrx_word' id='word_1_179' title='bbox 566 2944 803 3009; x_wconf 89' lang='lat' dir='ltr'><strong>communitatis</strong></span> <span class='ocrx_word' id='word_1_180' title='bbox 817 2943 949 3032; x_wconf 90' lang='lat' dir='ltr'><strong>publici,</strong></span> <span class='ocrx_word' id='word_1_181' title='bbox 972 2943 1067 3031; x_wconf 93' lang='lat' dir='ltr'><strong>quod,</strong></span> <span class='ocrx_word' id='word_1_182' title='bbox 1090 2946 1214 3032; x_wconf 86' lang='lat' dir='ltr'><strong>quoties</strong></span> <span class='ocrx_word' id='word_1_183' title='bbox 1236 2966 1288 3008; x_wconf 91' lang='lat' dir='ltr'><strong>res</strong></span> <span class='ocrx_word' id='word_1_184' title='bbox 1309 2941 1498 3030; x_wconf 68' lang='lat' dir='ltr'><strong>postulabit,</strong></span> <span class='ocrx_word' id='word_1_185' title='bbox 1518 2940 1698 3006; x_wconf 88' lang='lat' dir='ltr'><strong>locatorem</strong></span> <span class='ocrx_word' id='word_1_186' title='bbox 1719 2962 1755 3004; x_wconf 83' lang='lat' dir='ltr'><strong>ex</strong></span> 
     </span>
     <span class='ocr_line' id='line_1_23' title="bbox 334 3039 1755 3133; baseline -0.001 -27"><span class='ocrx_word' id='word_1_187' title='bbox 334 3041 500 3126; x_wconf 83' lang='lat' dir='ltr'><strong>magistris</strong></span> <span class='ocrx_word' id='word_1_188' title='bbox 522 3041 590 3107; x_wconf 89' lang='lat' dir='ltr'><strong>eius</strong></span> <span class='ocrx_word' id='word_1_189' title='bbox 612 3043 763 3125; x_wconf 90' lang='lat' dir='ltr'><strong>nationis,</strong></span> <span class='ocrx_word' id='word_1_190' title='bbox 787 3043 830 3108; x_wconf 88' lang='lat' dir='ltr'><strong>ad</strong></span> <span class='ocrx_word' id='word_1_191' title='bbox 852 3067 951 3133; x_wconf 90' lang='lat' dir='ltr'><strong>quam</strong></span> <span class='ocrx_word' id='word_1_192' title='bbox 973 3046 1073 3110; x_wconf 87' lang='lat' dir='ltr'><strong>series</strong></span> <span class='ocrx_word' id='word_1_193' title='bbox 1100 3045 1250 3132; x_wconf 86' lang='lat' dir='ltr'><strong>exposita</strong></span> <span class='ocrx_word' id='word_1_194' title='bbox 1279 3043 1483 3130; x_wconf 88' lang='lat' dir='ltr'><strong>pervenerit,</strong></span> <span class='ocrx_word' id='word_1_195' title='bbox 1512 3039 1631 3126; x_wconf 88' lang='lat' dir='ltr'><strong>eliget,</strong></span> <span class='ocrx_word' id='word_1_196' title='bbox 1653 3061 1755 3126; x_wconf 89' lang='lat' dir='ltr'><strong>queru-</strong></span> 
     </span>
     <span class='ocr_line' id='line_1_24' title="bbox 334 3139 1757 3232; baseline -0.001 -28"><span class='ocrx_word' id='word_1_197' title='bbox 334 3161 460 3228; x_wconf 91' lang='lat' dir='ltr'><strong>cunque</strong></span> <span class='ocrx_word' id='word_1_198' title='bbox 478 3143 583 3206; x_wconf 88' lang='lat' dir='ltr'><strong>visum</strong></span> <span class='ocrx_word' id='word_1_199' title='bbox 605 3143 709 3207; x_wconf 85' lang='lat' dir='ltr'><strong>fuerit</strong></span> <span class='ocrx_word' id='word_1_200' title='bbox 751 3142 832 3208; x_wconf 85' lang='lat' dir='ltr'><strong>Eius</strong></span> <span class='ocrx_word' id='word_1_201' title='bbox 854 3143 1007 3210; x_wconf 90' lang='lat' dir='ltr'><strong>locatoris</strong></span> <span class='ocrx_word' id='word_1_202' title='bbox 1030 3153 1079 3208; x_wconf 89' lang='lat' dir='ltr'><strong>est</strong></span> <span class='ocrx_word' id='word_1_203' title='bbox 1098 3153 1288 3232; x_wconf 90' lang='lat' dir='ltr'><strong>praestare,</strong></span> <span class='ocrx_word' id='word_1_204' title='bbox 1310 3162 1351 3206; x_wconf 89' lang='lat' dir='ltr'><strong>no</strong></span> <span class='ocrx_word' id='word_1_205' title='bbox 1372 3141 1415 3208; x_wconf 92' lang='lat' dir='ltr'><strong>ab</strong></span> <span class='ocrx_word' id='word_1_206' title='bbox 1437 3139 1605 3226; x_wconf 90' lang='lat' dir='ltr'><strong>inquilinis</strong></span> <span class='ocrx_word' id='word_1_207' title='bbox 1628 3139 1757 3206; x_wconf 89' lang='lat' dir='ltr'><strong>aedibus</strong></span> 
     </span>
     <span class='ocr_line' id='line_1_25' title="bbox 338 3238 1758 3330; baseline -0.001 -26"><span class='ocrx_word' id='word_1_208' title='bbox 338 3238 467 3326; x_wconf 89' lang='lat' dir='ltr'><strong>collegii</strong></span> <span class='ocrx_word' id='word_1_209' title='bbox 488 3240 643 3308; x_wconf 90' lang='lat' dir='ltr'><strong>damnum</strong></span> <span class='ocrx_word' id='word_1_210' title='bbox 664 3242 768 3324; x_wconf 89' lang='lat' dir='ltr'><strong>detur,</strong></span> <span class='ocrx_word' id='word_1_211' title='bbox 796 3266 878 3309; x_wconf 82' lang='lat' dir='ltr'><strong>neue</strong></span> <span class='ocrx_word' id='word_1_212' title='bbox 900 3243 1027 3310; x_wconf 91' lang='lat' dir='ltr'><strong>illorum</strong></span> <span class='ocrx_word' id='word_1_213' title='bbox 1055 3241 1263 3329; x_wconf 86' lang='lat' dir='ltr'><strong>improbitate</strong></span> <span class='ocrx_word' id='word_1_214' title='bbox 1284 3241 1466 3326; x_wconf 88' lang='lat' dir='ltr'><strong>ignominia</strong></span> <span class='ocrx_word' id='word_1_215' title='bbox 1488 3240 1599 3330; x_wconf 91' lang='lat' dir='ltr'><strong>aliqua</strong></span> <span class='ocrx_word' id='word_1_216' title='bbox 1621 3249 1680 3304; x_wconf 90' lang='lat' dir='ltr'><strong>aut</strong></span> <span class='ocrx_word' id='word_1_217' title='bbox 1699 3248 1758 3302; x_wconf 91' lang='lat' dir='ltr'><strong>tur·</strong></span> 
     </span>
     <span class='ocr_line' id='line_1_26' title="bbox 292 3337 1759 3430; baseline 0 -28"><span class='ocrx_word' id='word_1_218' title='bbox 292 3339 493 3425; x_wconf 83' lang='lat' dir='ltr'><strong>25pitudinis</strong></span> <span class='ocrx_word' id='word_1_219' title='bbox 516 3337 601 3429; x_wconf 85' lang='grc'>[131]</span> <span class='ocrx_word' id='word_1_220' title='bbox 623 3353 701 3408; x_wconf 85' lang='lat' dir='ltr'><strong>nota</strong></span> <span class='ocrx_word' id='word_1_221' title='bbox 729 3354 941 3430; x_wconf 82' lang='lat' dir='ltr'><strong>aspergatur3</strong></span> <span class='ocrx_word' id='word_1_222' title='bbox 970 3365 1010 3408; x_wconf 87' lang='lat' dir='ltr'><strong>ne</strong></span> <span class='ocrx_word' id='word_1_223' title='bbox 1038 3344 1089 3408; x_wconf 92' lang='lat' dir='ltr'><strong>cui</strong></span> <span class='ocrx_word' id='word_1_224' title='bbox 1118 3343 1152 3408; x_wconf 90' lang='lat' dir='ltr'><strong>hi</strong></span> <span class='ocrx_word' id='word_1_225' title='bbox 1182 3341 1323 3407; x_wconf 91' lang='lat' dir='ltr'><strong>omnium</strong></span> <span class='ocrx_word' id='word_1_226' title='bbox 1352 3339 1497 3422; x_wconf 90' lang='lat' dir='ltr'><strong>molesti,</strong></span> <span class='ocrx_word' id='word_1_227' title='bbox 1526 3339 1627 3404; x_wconf 89' lang='lat' dir='ltr'><strong>multo</strong></span> <span class='ocrx_word' id='word_1_228' title='bbox 1660 3339 1759 3404; x_wconf 92' lang='lat' dir='ltr'><strong>minus</strong></span> 
     </span>
     <span class='ocr_line' id='line_1_27' title="bbox 334 3437 1853 3530; baseline 0.004 -28"><span class='ocrx_word' id='word_1_229' title='bbox 334 3439 484 3504; x_wconf 90' lang='lat' dir='ltr'><strong>iniuriosi</strong></span> <span class='ocrx_word' id='word_1_230' title='bbox 508 3442 588 3522; x_wconf 80' lang='lat' dir='ltr'><strong>sint3</strong></span> <span class='ocrx_word' id='word_1_231' title='bbox 618 3463 682 3506; x_wconf 90' lang='lat' dir='ltr'><strong>neu</strong></span> <span class='ocrx_word' id='word_1_232' title='bbox 704 3443 905 3530; x_wconf 87' lang='lat' dir='ltr'><strong>proiiciendo</strong></span> <span class='ocrx_word' id='word_1_233' title='bbox 926 3441 1177 3524; x_wconf 83' lang='lat' dir='ltr'><strong>effundendove,</strong></span> <span class='ocrx_word' id='word_1_234' title='bbox 1200 3439 1287 3525; x_wconf 90' lang='lat' dir='ltr'><strong>quod</strong></span> <span class='ocrx_word' id='word_1_235' title='bbox 1308 3438 1441 3504; x_wconf 88' lang='lat' dir='ltr'><strong>foedum</strong></span> <span class='ocrx_word' id='word_1_236' title='bbox 1462 3440 1520 3521; x_wconf 88' lang='lat' dir='ltr'><strong>sit,</strong></span> <span class='ocrx_word' id='word_1_237' title='bbox 1548 3437 1633 3504; x_wconf 87' lang='lat' dir='ltr'><strong>ullas</strong></span> <span class='ocrx_word' id='word_1_238' title='bbox 1654 3447 1758 3526; x_wconf 83' lang='lat' dir='ltr'><strong>partes</strong></span> <span class='ocrx_word' id='word_1_239' title='bbox 1852 3483 1853 3508; x_wconf 44' lang='lat' dir='ltr'><strong>r</strong></span> 
     </span>
     <span class='ocr_line' id='line_1_28' title="bbox 336 3537 1758 3629; baseline 0 -27"><span class='ocrx_word' id='word_1_240' title='bbox 336 3537 466 3604; x_wconf 89' lang='lat' dir='ltr'><strong>aedium</strong></span> <span class='ocrx_word' id='word_1_241' title='bbox 487 3541 674 3626; x_wconf 78' lang='lat' dir='ltr'><strong>inquinent3</strong></span> <span class='ocrx_word' id='word_1_242' title='bbox 705 3541 842 3629; x_wconf 88' lang='lat' dir='ltr'><strong>denique</strong></span> <span class='ocrx_word' id='word_1_243' title='bbox 849 3591 858 3626; x_wconf 98' lang='lat'><strong>,</strong></span> <span class='ocrx_word' id='word_1_244' title='bbox 880 3543 928 3607; x_wconf 90' lang='lat' dir='ltr'><strong>ita</strong></span> <span class='ocrx_word' id='word_1_245' title='bbox 947 3564 982 3606; x_wconf 86' lang='lat' dir='ltr'><strong>se</strong></span> <span class='ocrx_word' id='word_1_246' title='bbox 1004 3563 1114 3608; x_wconf 87' lang='lat' dir='ltr'><strong>omnes</strong></span> <span class='ocrx_word' id='word_1_247' title='bbox 1138 3537 1321 3626; x_wconf 86' lang='lat' dir='ltr'><strong>singulique</strong></span> <span class='ocrx_word' id='word_1_248' title='bbox 1342 3549 1378 3604; x_wconf 93' lang='lat' dir='ltr'><strong>ut</strong></span> <span class='ocrx_word' id='word_1_249' title='bbox 1397 3547 1530 3626; x_wconf 85' lang='lat' dir='ltr'><strong>gerant,</strong></span> <span class='ocrx_word' id='word_1_250' title='bbox 1557 3537 1758 3624; x_wconf 89' lang='lat' dir='ltr'><strong>quemadmo-</strong></span> 
     </span>
     <span class='ocr_line' id='line_1_29' title="bbox 337 3637 1758 3726; baseline -0.001 -24"><span class='ocrx_word' id='word_1_251' title='bbox 337 3637 412 3702; x_wconf 88' lang='lat' dir='ltr'><strong>dum</strong></span> <span class='ocrx_word' id='word_1_252' title='bbox 436 3638 599 3706; x_wconf 89' lang='lat' dir='ltr'><strong>studiosos</strong></span> <span class='ocrx_word' id='word_1_253' title='bbox 618 3643 748 3706; x_wconf 88' lang='lat' dir='ltr'><strong>virtutis</strong></span> <span class='ocrx_word' id='word_1_254' title='bbox 776 3641 998 3726; x_wconf 88' lang='lat' dir='ltr'><strong>bonarumque</strong></span> <span class='ocrx_word' id='word_1_255' title='bbox 1024 3640 1205 3706; x_wconf 91' lang='lat' dir='ltr'><strong>litterarum</strong></span> <span class='ocrx_word' id='word_1_256' title='bbox 1229 3648 1261 3704; x_wconf 92' lang='lat' dir='ltr'><strong>et</strong></span> <span class='ocrx_word' id='word_1_257' title='bbox 1283 3640 1401 3704; x_wconf 87' lang='lat' dir='ltr'><strong>artium</strong></span> <span class='ocrx_word' id='word_1_258' title='bbox 1429 3659 1491 3726; x_wconf 87' lang='lat' dir='ltr'><strong>par</strong></span> <span class='ocrx_word' id='word_1_259' title='bbox 1518 3649 1569 3703; x_wconf 85' lang='lat' dir='ltr'><strong>est</strong></span> <span class='ocrx_word' id='word_1_260' title='bbox 1596 3660 1636 3703; x_wconf 89' lang='lat' dir='ltr'><strong>ac</strong></span> <span class='ocrx_word' id='word_1_261' title='bbox 1664 3637 1758 3703; x_wconf 84' lang='lat' dir='ltr'><strong>decet</strong></span> 
     </span>
     <span class='ocr_line' id='line_1_30' title="bbox 334 3735 1758 3826; baseline -0.001 -23"><span class='ocrx_word' id='word_1_262' title='bbox 334 3735 473 3803; x_wconf 82' lang='lat' dir='ltr'><strong>Curabit</strong></span> <span class='ocrx_word' id='word_1_263' title='bbox 500 3741 598 3806; x_wconf 90' lang='lat' dir='ltr'><strong>etiam</strong></span> <span class='ocrx_word' id='word_1_264' title='bbox 626 3740 756 3806; x_wconf 89' lang='lat' dir='ltr'><strong>aedium</strong></span> <span class='ocrx_word' id='word_1_265' title='bbox 782 3741 868 3805; x_wconf 81' lang='lat' dir='ltr'><strong>sores</strong></span> <span class='ocrx_word' id='word_1_266' title='bbox 896 3739 1094 3806; x_wconf 89' lang='lat' dir='ltr'><strong>claudendas</strong></span> <span class='ocrx_word' id='word_1_267' title='bbox 1124 3737 1393 3826; x_wconf 89' lang='lat' dir='ltr'><strong>aperiendasque,</strong></span> <span class='ocrx_word' id='word_1_268' title='bbox 1420 3747 1487 3804; x_wconf 87' lang='lat' dir='ltr'><strong>tam</strong></span> <span class='ocrx_word' id='word_1_269' title='bbox 1515 3747 1641 3804; x_wconf 88' lang='lat' dir='ltr'><strong>aestate</strong></span> <span class='ocrx_word' id='word_1_270' title='bbox 1670 3759 1758 3825; x_wconf 89' lang='lat' dir='ltr'><strong>qnam</strong></span> 
     </span>
     <span class='ocr_line' id='line_1_31' title="bbox 295 3835 1759 3927; baseline -0.001 -26"><span class='ocrx_word' id='word_1_271' title='bbox 295 3836 461 3920; x_wconf 82' lang='lat' dir='ltr'><strong>³⁰hieme,</strong></span> <span class='ocrx_word' id='word_1_272' title='bbox 484 3861 521 3904; x_wconf 90' lang='lat' dir='ltr'><strong>eo</strong></span> <span class='ocrx_word' id='word_1_273' title='bbox 545 3849 707 3927; x_wconf 88' lang='lat' dir='ltr'><strong>tempore,</strong></span> <span class='ocrx_word' id='word_1_274' title='bbox 734 3862 798 3926; x_wconf 93' lang='lat' dir='ltr'><strong>quo</strong></span> <span class='ocrx_word' id='word_1_275' title='bbox 826 3851 997 3927; x_wconf 90' lang='lat' dir='ltr'><strong>utrumque</strong></span> <span class='ocrx_word' id='word_1_276' title='bbox 1028 3839 1099 3904; x_wconf 87' lang='lat' dir='ltr'><strong>lieri</strong></span> <span class='ocrx_word' id='word_1_277' title='bbox 1128 3837 1233 3904; x_wconf 88' lang='lat' dir='ltr'><strong>debet.</strong></span> <span class='ocrx_word' id='word_1_278' title='bbox 1283 3837 1351 3902; x_wconf 93' lang='lat' dir='ltr'><strong>Ubi</strong></span> <span class='ocrx_word' id='word_1_279' title='bbox 1379 3835 1510 3902; x_wconf 88' lang='lat' dir='ltr'><strong>clausae</strong></span> <span class='ocrx_word' id='word_1_280' title='bbox 1535 3837 1675 3922; x_wconf 85' lang='lat' dir='ltr'><strong>fuerint,</strong></span> <span class='ocrx_word' id='word_1_281' title='bbox 1703 3859 1759 3902; x_wconf 91' lang='lat' dir='ltr'><strong>non</strong></span> 
     </span>
     <span class='ocr_line' id='line_1_32' title="bbox 336 3936 1758 4026; baseline 0 -26"><span class='ocrx_word' id='word_1_282' title='bbox 336 3937 523 4023; x_wconf 89' lang='lat' dir='ltr'><strong>aperientur</strong></span> <span class='ocrx_word' id='word_1_283' title='bbox 544 3949 619 4004; x_wconf 91' lang='lat' dir='ltr'><strong>ante</strong></span> <span class='ocrx_word' id='word_1_284' title='bbox 642 3941 851 4006; x_wconf 89' lang='lat' dir='ltr'><strong>coustitutum</strong></span> <span class='ocrx_word' id='word_1_285' title='bbox 872 3950 999 4026; x_wconf 89' lang='lat' dir='ltr'><strong>tempus</strong></span> <span class='ocrx_word' id='word_1_286' title='bbox 1022 3938 1065 4004; x_wconf 91' lang='lat' dir='ltr'><strong>ad</strong></span> <span class='ocrx_word' id='word_1_287' title='bbox 1087 3937 1183 4004; x_wconf 90' lang='lat' dir='ltr'><strong>ullius</strong></span> <span class='ocrx_word' id='word_1_288' title='bbox 1205 3936 1392 4020; x_wconf 89' lang='lat' dir='ltr'><strong>arbitrium,</strong></span> <span class='ocrx_word' id='word_1_289' title='bbox 1414 3936 1479 4001; x_wconf 89' lang='lat' dir='ltr'><strong>nisi</strong></span> <span class='ocrx_word' id='word_1_290' title='bbox 1500 3936 1635 4024; x_wconf 91' lang='lat' dir='ltr'><strong>publica</strong></span> <span class='ocrx_word' id='word_1_291' title='bbox 1656 3939 1758 4025; x_wconf 89' lang='lat' dir='ltr'><strong>priva-</strong></span> 
     </span>
     <span class='ocr_line' id='line_1_33' title="bbox 336 4037 1133 4126; baseline 0.003 -26"><span class='ocrx_word' id='word_1_292' title='bbox 336 4045 411 4101; x_wconf 86' lang='lat' dir='ltr'><strong>tave</strong></span> <span class='ocrx_word' id='word_1_293' title='bbox 432 4038 605 4104; x_wconf 83' lang='lat' dir='ltr'><strong>manilesta</strong></span> <span class='ocrx_word' id='word_1_294' title='bbox 625 4042 803 4106; x_wconf 83' lang='lat' dir='ltr'><strong>necessitas</strong></span> <span class='ocrx_word' id='word_1_295' title='bbox 826 4039 887 4104; x_wconf 94' lang='lat' dir='ltr'><strong>hoc</strong></span> <span class='ocrx_word' id='word_1_296' title='bbox 909 4037 1133 4126; x_wconf 74' lang='lat' dir='ltr'><strong>postulaverit.</strong></span> 
     </span>
     <span class='ocr_line' id='line_1_34' title="bbox 418 4133 1757 4225; baseline -0.001 -25"><span class='ocrx_word' id='word_1_297' title='bbox 418 4137 456 4202; x_wconf 90' lang='lat' dir='ltr'><strong>lu</strong></span> <span class='ocrx_word' id='word_1_298' title='bbox 476 4135 622 4205; x_wconf 91' lang='lat' dir='ltr'><strong>locandis</strong></span> <span class='ocrx_word' id='word_1_299' title='bbox 642 4139 852 4206; x_wconf 89' lang='lat' dir='ltr'><strong>conclavibus</strong></span> <span class='ocrx_word' id='word_1_300' title='bbox 875 4137 1112 4204; x_wconf 88' lang='lat' dir='ltr'><strong>habitationum</strong></span> <span class='ocrx_word' id='word_1_301' title='bbox 1136 4137 1260 4225; x_wconf 90' lang='lat' dir='ltr'><strong>placuit</strong></span> <span class='ocrx_word' id='word_1_302' title='bbox 1281 4137 1342 4202; x_wconf 91' lang='lat' dir='ltr'><strong>hoo</strong></span> <span class='ocrx_word' id='word_1_303' title='bbox 1366 4137 1503 4222; x_wconf 87' lang='lat' dir='ltr'><strong>servari,</strong></span> <span class='ocrx_word' id='word_1_304' title='bbox 1525 4146 1561 4200; x_wconf 91' lang='lat' dir='ltr'><strong>ut</strong></span> <span class='ocrx_word' id='word_1_305' title='bbox 1583 4133 1757 4202; x_wconf 89' lang='lat' dir='ltr'><strong>conducere</strong></span> 
     </span>
     <span class='ocr_line' id='line_1_35' title="bbox 336 4234 1757 4326; baseline -0.001 -26"><span class='ocrx_word' id='word_1_306' title='bbox 336 4235 469 4324; x_wconf 90' lang='lat' dir='ltr'><strong>aliquod</strong></span> <span class='ocrx_word' id='word_1_307' title='bbox 490 4235 601 4303; x_wconf 89' lang='lat' dir='ltr'><strong>volens</strong></span> <span class='ocrx_word' id='word_1_308' title='bbox 624 4241 821 4326; x_wconf 90' lang='lat' dir='ltr'><strong>optimarum</strong></span> <span class='ocrx_word' id='word_1_309' title='bbox 843 4239 961 4304; x_wconf 68' lang='lat' dir='ltr'><strong>mtium</strong></span> <span class='ocrx_word' id='word_1_310' title='bbox 982 4239 1148 4324; x_wconf 87' lang='lat' dir='ltr'><strong>magister,</strong></span> <span class='ocrx_word' id='word_1_311' title='bbox 1170 4237 1246 4302; x_wconf 94' lang='lat' dir='ltr'><strong>huic</strong></span> <span class='ocrx_word' id='word_1_312' title='bbox 1267 4234 1347 4300; x_wconf 91' lang='lat' dir='ltr'><strong>illud</strong></span> <span class='ocrx_word' id='word_1_313' title='bbox 1368 4238 1608 4324; x_wconf 88' lang='lat' dir='ltr'><strong>praecaeteris</strong></span> <span class='ocrx_word' id='word_1_314' title='bbox 1630 4235 1757 4301; x_wconf 88' lang='lat' dir='ltr'><strong>locetur.</strong></span> 
     </span>
     <span class='ocr_line' id='line_1_36' title="bbox 294 4334 1758 4424; baseline -0.001 -24"><span class='ocrx_word' id='word_1_315' title='bbox 294 4343 327 4400; x_wconf 80' lang='lat'><strong>35</strong></span> <span class='ocrx_word' id='word_1_316' title='bbox 340 4335 405 4402; x_wconf 86' lang='lat' dir='ltr'><strong>Sed</strong></span> <span class='ocrx_word' id='word_1_317' title='bbox 427 4338 609 4422; x_wconf 90' lang='lat' dir='ltr'><strong>quicunque</strong></span> <span class='ocrx_word' id='word_1_318' title='bbox 629 4338 832 4420; x_wconf 86' lang='lat' dir='ltr'><strong>conduxerit,</strong></span> <span class='ocrx_word' id='word_1_319' title='bbox 854 4337 896 4402; x_wconf 90' lang='lat' dir='ltr'><strong>ab</strong></span> <span class='ocrx_word' id='word_1_320' title='bbox 919 4359 956 4402; x_wconf 89' lang='lat' dir='ltr'><strong>eo</strong></span> <span class='ocrx_word' id='word_1_321' title='bbox 979 4339 1092 4424; x_wconf 91' lang='lat' dir='ltr'><strong>pensio</strong></span> <span class='ocrx_word' id='word_1_322' title='bbox 1115 4359 1172 4402; x_wconf 89' lang='lat' dir='ltr'><strong>seu</strong></span> <span class='ocrx_word' id='word_1_323' title='bbox 1192 4358 1316 4401; x_wconf 90' lang='lat' dir='ltr'><strong>merces</strong></span> <span class='ocrx_word' id='word_1_324' title='bbox 1339 4334 1551 4402; x_wconf 87' lang='lat' dir='ltr'><strong>habitationis</strong></span> <span class='ocrx_word' id='word_1_325' title='bbox 1573 4359 1596 4400; x_wconf 89' lang='lat' dir='ltr'><strong>a</strong></span> <span class='ocrx_word' id='word_1_326' title='bbox 1615 4345 1758 4400; x_wconf 88' lang='lat' dir='ltr'><strong>curatore</strong></span> 
     </span>
     <span class='ocr_line' id='line_1_37' title="bbox 337 4431 1758 4522; baseline -0.004 -22"><span class='ocrx_word' id='word_1_327' title='bbox 337 4446 386 4501; x_wconf 89' lang='lat' dir='ltr'><strong>est</strong></span> <span class='ocrx_word' id='word_1_328' title='bbox 408 4435 578 4522; x_wconf 85' lang='lat' dir='ltr'><strong>exigenda.</strong></span> <span class='ocrx_word' id='word_1_329' title='bbox 618 4437 701 4504; x_wconf 86' lang='lat' dir='ltr'><strong>Sunt</strong></span> <span class='ocrx_word' id='word_1_330' title='bbox 723 4449 830 4504; x_wconf 88' lang='lat' dir='ltr'><strong>autem</strong></span> <span class='ocrx_word' id='word_1_331' title='bbox 853 4435 1056 4522; x_wconf 88' lang='lat' dir='ltr'><strong>singularum</strong></span> <span class='ocrx_word' id='word_1_332' title='bbox 1076 4434 1312 4502; x_wconf 86' lang='lat' dir='ltr'><strong>habitationum</strong></span> <span class='ocrx_word' id='word_1_333' title='bbox 1335 4433 1487 4500; x_wconf 85' lang='lat' dir='ltr'><strong>definitae</strong></span> <span class='ocrx_word' id='word_1_334' title='bbox 1509 4433 1688 4501; x_wconf 89' lang='lat' dir='ltr'><strong>mercedes.</strong></span> <span class='ocrx_word' id='word_1_335' title='bbox 1719 4431 1758 4498; x_wconf 90' lang='lat' dir='ltr'><strong>Et</strong></span> 
     </span>
     <span class='ocr_line' id='line_1_38' title="bbox 335 4527 1851 4623; baseline -0.001 -23"><span class='ocrx_word' id='word_1_336' title='bbox 335 4535 393 4600; x_wconf 87' lang='lat' dir='ltr'><strong>has</strong></span> <span class='ocrx_word' id='word_1_337' title='bbox 406 4532 535 4600; x_wconf 90' lang='lat' dir='ltr'><strong>locandi</strong></span> <span class='ocrx_word' id='word_1_338' title='bbox 558 4537 723 4602; x_wconf 85' lang='lat' dir='ltr'><strong>insomne</strong></span> <span class='ocrx_word' id='word_1_339' title='bbox 745 4547 777 4601; x_wconf 88' lang='lat' dir='ltr'><strong>et</strong></span> <span class='ocrx_word' id='word_1_340' title='bbox 798 4545 990 4623; x_wconf 84' lang='lat' dir='ltr'><strong>potestatem</strong></span> <span class='ocrx_word' id='word_1_341' title='bbox 1012 4535 1110 4602; x_wconf 89' lang='lat' dir='ltr'><strong>hahet</strong></span> <span class='ocrx_word' id='word_1_342' title='bbox 1131 4537 1169 4618; x_wconf 94' lang='lat' dir='ltr'><strong>is,</strong></span> <span class='ocrx_word' id='word_1_343' title='bbox 1192 4536 1311 4622; x_wconf 86' lang='lat' dir='ltr'><strong>quiex</strong></span> <span class='ocrx_word' id='word_1_344' title='bbox 1333 4557 1382 4618; x_wconf 89' lang='lat' dir='ltr'><strong>eo,</strong></span> <span class='ocrx_word' id='word_1_345' title='bbox 1405 4545 1441 4602; x_wconf 90' lang='lat' dir='ltr'><strong>ut</strong></span> <span class='ocrx_word' id='word_1_346' title='bbox 1461 4535 1584 4602; x_wconf 90' lang='lat' dir='ltr'><strong>dictum</strong></span> <span class='ocrx_word' id='word_1_347' title='bbox 1606 4545 1665 4618; x_wconf 90' lang='lat' dir='ltr'><strong>est,</strong></span> <span class='ocrx_word' id='word_1_348' title='bbox 1678 4527 1757 4622; x_wconf 79' lang='lat'>[132]</span> <span class='ocrx_word' id='word_1_349' title='bbox 1850 4599 1851 4618; x_wconf 16' lang='grc' dir='ltr'>ἶ</span> 
     </span>
     <span class='ocr_line' id='line_1_39' title="bbox 333 4623 1851 4723; baseline -0.001 -24"><span class='ocrx_word' id='word_1_350' title='bbox 333 4634 458 4700; x_wconf 89' lang='lat' dir='ltr'><strong>locator</strong></span> <span class='ocrx_word' id='word_1_351' title='bbox 478 4644 624 4718; x_wconf 89' lang='lat' dir='ltr'><strong>vocatur,</strong></span> <span class='ocrx_word' id='word_1_352' title='bbox 647 4638 702 4723; x_wconf 94' lang='lat' dir='ltr'><strong>qui</strong></span> <span class='ocrx_word' id='word_1_353' title='bbox 723 4647 755 4702; x_wconf 90' lang='lat' dir='ltr'><strong>et</strong></span> <span class='ocrx_word' id='word_1_354' title='bbox 775 4635 941 4702; x_wconf 88' lang='lat' dir='ltr'><strong>mercedes</strong></span> <span class='ocrx_word' id='word_1_355' title='bbox 963 4636 1096 4722; x_wconf 86' lang='lat' dir='ltr'><strong>exigere</strong></span> <span class='ocrx_word' id='word_1_356' title='bbox 1119 4646 1151 4701; x_wconf 89' lang='lat' dir='ltr'><strong>et</strong></span> <span class='ocrx_word' id='word_1_357' title='bbox 1177 4634 1220 4701; x_wconf 90' lang='lat' dir='ltr'><strong>ad</strong></span> <span class='ocrx_word' id='word_1_358' title='bbox 1251 4657 1285 4699; x_wconf 90' lang='lat' dir='ltr'><strong>se</strong></span> <span class='ocrx_word' id='word_1_359' title='bbox 1315 4635 1460 4720; x_wconf 87' lang='lat' dir='ltr'><strong>recipere</strong></span> <span class='ocrx_word' id='word_1_360' title='bbox 1488 4633 1585 4700; x_wconf 89' lang='lat' dir='ltr'><strong>debet</strong></span> <span class='ocrx_word' id='word_1_361' title='bbox 1612 4644 1645 4698; x_wconf 89' lang='lat' dir='ltr'><strong>et</strong></span> <span class='ocrx_word' id='word_1_362' title='bbox 1671 4654 1756 4700; x_wconf 90' lang='lat' dir='ltr'><strong>cura·</strong></span> <span class='ocrx_word' id='word_1_363' title='bbox 1850 4623 1851 4630; x_wconf 34' lang='lat'>¹</span> 
     </span>
     <span class='ocr_line' id='line_1_40' title="bbox 335 4733 1757 4824; baseline -0.002 -25"><span class='ocrx_word' id='word_1_364' title='bbox 335 4736 433 4801; x_wconf 89' lang='lat' dir='ltr'><strong>tionis</strong></span> <span class='ocrx_word' id='word_1_365' title='bbox 454 4736 628 4802; x_wconf 90' lang='lat' dir='ltr'><strong>universae</strong></span> <span class='ocrx_word' id='word_1_366' title='bbox 650 4759 727 4802; x_wconf 90' lang='lat' dir='ltr'><strong>suae</strong></span> <span class='ocrx_word' id='word_1_367' title='bbox 748 4739 906 4802; x_wconf 90' lang='lat' dir='ltr'><strong>rationem</strong></span> <span class='ocrx_word' id='word_1_368' title='bbox 927 4737 1131 4824; x_wconf 89' lang='lat' dir='ltr'><strong>praescripto</strong></span> <span class='ocrx_word' id='word_1_369' title='bbox 1154 4733 1207 4800; x_wconf 89' lang='lat' dir='ltr'><strong>die</strong></span> <span class='ocrx_word' id='word_1_370' title='bbox 1227 4733 1365 4800; x_wconf 89' lang='lat' dir='ltr'><strong>reddere</strong></span> <span class='ocrx_word' id='word_1_371' title='bbox 1388 4745 1420 4799; x_wconf 92' lang='lat' dir='ltr'><strong>et</strong></span> <span class='ocrx_word' id='word_1_372' title='bbox 1440 4735 1612 4821; x_wconf 89' lang='lat' dir='ltr'><strong>pecuniam</strong></span> <span class='ocrx_word' id='word_1_373' title='bbox 1634 4753 1757 4821; x_wconf 87' lang='lat' dir='ltr'><strong>reprac-</strong></span> 
     </span>
     <span class='ocr_line' id='line_1_41' title="bbox 293 4832 1758 4922; baseline -0.002 -23"><span class='ocrx_word' id='word_1_374' title='bbox 293 4843 466 4900; x_wconf 78' lang='lat' dir='ltr'><strong>tosentaro</strong></span> <span class='ocrx_word' id='word_1_375' title='bbox 499 4836 660 4922; x_wconf 90' lang='lat' dir='ltr'><strong>integram</strong></span> <span class='ocrx_word' id='word_1_376' title='bbox 693 4846 725 4900; x_wconf 93' lang='lat' dir='ltr'><strong>et</strong></span> <span class='ocrx_word' id='word_1_377' title='bbox 758 4836 828 4901; x_wconf 90' lang='lat' dir='ltr'><strong>sine</strong></span> <span class='ocrx_word' id='word_1_378' title='bbox 862 4834 1065 4901; x_wconf 90' lang='lat' dir='ltr'><strong>detrimento.</strong></span> <span class='ocrx_word' id='word_1_379' title='bbox 1126 4835 1210 4900; x_wconf 90' lang='lat' dir='ltr'><strong>Nam</strong></span> <span class='ocrx_word' id='word_1_380' title='bbox 1243 4843 1279 4898; x_wconf 92' lang='lat' dir='ltr'><strong>ut</strong></span> <span class='ocrx_word' id='word_1_381' title='bbox 1310 4832 1440 4900; x_wconf 87' lang='lat' dir='ltr'><strong>locandi</strong></span> <span class='ocrx_word' id='word_1_382' title='bbox 1478 4835 1583 4900; x_wconf 88' lang='lat' dir='ltr'><strong>omnis</strong></span> <span class='ocrx_word' id='word_1_383' title='bbox 1619 4841 1758 4922; x_wconf 87' lang='lat' dir='ltr'><strong>potestas</strong></span> 
     </span>
     <span class='ocr_line' id='line_1_42' title="bbox 335 4930 1757 5022; baseline -0.004 -23"><span class='ocrx_word' id='word_1_384' title='bbox 335 4957 435 5020; x_wconf 89' lang='lat' dir='ltr'><strong>penes</strong></span> <span class='ocrx_word' id='word_1_385' title='bbox 461 4934 547 5000; x_wconf 93' lang='lat' dir='ltr'><strong>hunc</strong></span> <span class='ocrx_word' id='word_1_386' title='bbox 577 4946 642 5017; x_wconf 89' lang='lat' dir='ltr'><strong>est,</strong></span> <span class='ocrx_word' id='word_1_387' title='bbox 667 4936 714 5000; x_wconf 93' lang='lat' dir='ltr'><strong>sic</strong></span> <span class='ocrx_word' id='word_1_388' title='bbox 735 4934 913 5022; x_wconf 89' lang='lat' dir='ltr'><strong>periculum</strong></span> <span class='ocrx_word' id='word_1_389' title='bbox 936 4956 1063 5022; x_wconf 91' lang='lat' dir='ltr'><strong>quoque</strong></span> <span class='ocrx_word' id='word_1_390' title='bbox 1084 4932 1127 4998; x_wconf 91' lang='lat' dir='ltr'><strong>ad</strong></span> <span class='ocrx_word' id='word_1_391' title='bbox 1150 4932 1288 4998; x_wconf 89' lang='lat' dir='ltr'><strong>eundem</strong></span> <span class='ocrx_word' id='word_1_392' title='bbox 1309 4935 1466 5022; x_wconf 90' lang='lat' dir='ltr'><strong>pertinet,</strong></span> <span class='ocrx_word' id='word_1_393' title='bbox 1489 4943 1525 4998; x_wconf 93' lang='lat' dir='ltr'><strong>ut</strong></span> <span class='ocrx_word' id='word_1_394' title='bbox 1545 4933 1624 5021; x_wconf 88' lang='lat' dir='ltr'><strong>ipsi,</strong></span> <span class='ocrx_word' id='word_1_395' title='bbox 1646 4930 1757 5018; x_wconf 86' lang='lat' dir='ltr'><strong>quibus</strong></span> 
     </span>
     <span class='ocr_line' id='line_1_43' title="bbox 335 5030 1757 5116; baseline -0.003 -18"><span class='ocrx_word' id='word_1_396' title='bbox 335 5033 428 5116; x_wconf 89' lang='lat' dir='ltr'><strong>locet,</strong></span> <span class='ocrx_word' id='word_1_397' title='bbox 450 5033 723 5100; x_wconf 90' lang='lat' dir='ltr'><strong>considerandum</strong></span> <span class='ocrx_word' id='word_1_398' title='bbox 747 5037 799 5099; x_wconf 90' lang='lat' dir='ltr'><strong>sit.</strong></span> <span class='ocrx_word' id='word_1_399' title='bbox 834 5034 928 5100; x_wconf 88' lang='lat' dir='ltr'><strong>Istud</strong></span> <span class='ocrx_word' id='word_1_400' title='bbox 948 5056 1074 5116; x_wconf 89' lang='lat' dir='ltr'><strong>munus,</strong></span> <span class='ocrx_word' id='word_1_401' title='bbox 1098 5033 1125 5098; x_wconf 92' lang='lat' dir='ltr'><strong>si</strong></span> <span class='ocrx_word' id='word_1_402' title='bbox 1146 5034 1185 5115; x_wconf 92' lang='lat' dir='ltr'><strong>is,</strong></span> <span class='ocrx_word' id='word_1_403' title='bbox 1207 5034 1259 5098; x_wconf 89' lang='lat' dir='ltr'><strong>cui</strong></span> <span class='ocrx_word' id='word_1_404' title='bbox 1282 5031 1471 5098; x_wconf 91' lang='lat' dir='ltr'><strong>mandatum</strong></span> <span class='ocrx_word' id='word_1_405' title='bbox 1490 5033 1560 5116; x_wconf 85' lang='lat' dir='ltr'><strong>fuit,</strong></span> <span class='ocrx_word' id='word_1_406' title='bbox 1582 5030 1702 5097; x_wconf 89' lang='lat' dir='ltr'><strong>diutius</strong></span> <span class='ocrx_word' id='word_1_407' title='bbox 1723 5051 1757 5094; x_wconf 82' lang='lat' dir='ltr'><strong>eo</strong></span> 
     </span>
     <span class='ocr_line' id='line_1_44' title="bbox 335 5130 1850 5246; baseline -0.006 -46"><span class='ocrx_word' id='word_1_408' title='bbox 335 5133 426 5225; x_wconf 72' lang='lat' dir='ltr'><strong>ungi</strong></span> <span class='ocrx_word' id='word_1_409' title='bbox 448 5135 576 5224; x_wconf 89' lang='lat' dir='ltr'><strong>cupiat,</strong></span> <span class='ocrx_word' id='word_1_410' title='bbox 597 5135 662 5222; x_wconf 91' lang='lat' dir='ltr'><strong>peti</strong></span> <span class='ocrx_word' id='word_1_411' title='bbox 684 5132 781 5199; x_wconf 92' lang='lat' dir='ltr'><strong>debet</strong></span> <span class='ocrx_word' id='word_1_412' title='bbox 809 5157 919 5200; x_wconf 89' lang='lat' dir='ltr'><strong>coram</strong></span> <span class='ocrx_word' id='word_1_413' title='bbox 947 5131 1083 5200; x_wconf 90' lang='lat' dir='ltr'><strong>consilio</strong></span> <span class='ocrx_word' id='word_1_414' title='bbox 1112 5131 1262 5220; x_wconf 90' lang='lat' dir='ltr'><strong>publico,</strong></span> <span class='ocrx_word' id='word_1_415' title='bbox 1285 5142 1321 5197; x_wconf 91' lang='lat' dir='ltr'><strong>ut</strong></span> <span class='ocrx_word' id='word_1_416' title='bbox 1348 5131 1409 5200; x_wconf 95' lang='lat' dir='ltr'><strong>hoc</strong></span> <span class='ocrx_word' id='word_1_417' title='bbox 1436 5131 1644 5216; x_wconf 88' lang='lat' dir='ltr'><strong>concedatur,</strong></span> <span class='ocrx_word' id='word_1_418' title='bbox 1663 5130 1758 5216; x_wconf 89' lang='lat' dir='ltr'><strong>idque</strong></span> <span class='ocrx_word' id='word_1_419' title='bbox 1849 5195 1850 5246; x_wconf 27' lang='lat' dir='ltr'><strong>p</strong></span> 
     </span>
    </p>
   </div>
   <div class='ocr_carea' id='block_1_7' title="bbox 0 0 1892 6074">
    <p class='ocr_par' dir='ltr' id='par_1_7' title="bbox 0 0 1892 6074">
     <span class='ocr_line' id='line_1_45' title="bbox 0 0 1892 6074; baseline 0 0"><span class='ocrx_word' id='word_1_420' title='bbox 0 0 1892 6074; x_wconf 95' lang='lat' dir='ltr'><strong> </strong></span> 
     </span>
    </p>
   </div>
  </div>
 </body>
</html>
