3768 6072
638 472 689 522 Die
707 469 826 522 Statuteu
846 483 899 520 von
921 466 1095 522 ttae—1511.
1526 467 1584 533 189

262 651 287 716 l.
310 650 542 738 Sequuntur
563 660 719 718 statuta
739 673 882 718 novum
904 649 1169 736 collegiatam
1191 651 1493 718 concernencia.

373 824 398 883 l.
421 836 467 883 ΕΤ
490 835 597 900 ramo
619 835 849 884 musrfflu'ruu
870 833 967 895 QUOD
991 833 1188 882 emersus
1212 835 1384 886 umbus.

242 948 389 1030 Quilibet
411 950 451 1015 de
471 974 556 1016 novo
583 951 753 1038 collegium
782 953 908 1016 intrans
935 959 1062 1014 tenetur
1088 951 1197 1014 iurare
1225 972 1334 1015 coram
1362 948 1499 1036 collegio
1530 947 1590 1014 sub

168 1047 219 1113 tali
237 1049 359 1114 forma:
402 1049 495 1136 „Ego
518 1051 566 1114 .N.
587 1052 669 1134 iuro,
696 1049 783 1136 quod
809 1050 881 1116 volo
904 1071 1081 1135 procurare
1104 1049 1223 1114 bonum
1246 1048 1375 1135 collegii
1397 1060 1429 1114 et
1454 1070 1585 1114 servare

169 1157 280 1213 statuta
308 1157 341 1212 et
369 1149 551 1232 statuenda,
580 1173 663 1236 quae
690 1173 749 1236 per
772 1151 924 1214 maiorem
949 1159 1076 1236 partem
1096 1147 1224 1234 collegii
1245 1158 1320 1214 sunt
1344 1157 1375 1212 et
1397 1159 1492 1214 erunt
1518 1171 1591 1214 oon·
1618 1160 1634 1212 5

169 1246 253 1312 clusa
273 1257 306 1312 et
327 1247 522 1336 approbate,
543 1257 575 1313 et
589 1250 674 1336 quod
688 1251 722 1314 in
737 1249 850 1315 ordine
871 1271 952 1331 meo,
971 1249 1062 1336 prius
1083 1248 1116 1312 in
1133 1246 1267 1334 collegio
1284 1248 1409 1314 servari
1426 1257 1588 1330 consueto,

168 1345 256 1412 velim
286 1350 521 1435 praepositere,
550 1347 611 1414 hoc
635 1347 784 1414 videlieet
810 1349 916 1431 mode,
944 1347 1046 1435 quod,
1076 1349 1102 1412 si
1129 1370 1194 1412 non
1221 1347 1317 1413 fuerit
1343 1346 1459 1432 aliquis
1487 1349 1587 1434 magi·

168 1455 298 1510 strorum
326 1455 402 1512 ante
430 1469 491 1530 me,
519 1449 574 1535 qui
603 1449 694 1534 prius
719 1451 754 1513 in
779 1448 915 1536 collegio
941 1469 1005 1512 non
1034 1449 1320 1536 praepositaverit,
1351 1447 1438 1534 quod
1464 1457 1583 1512 extunc

168 1545 347 1610 immediate
368 1546 461 1610 finita
486 1548 713 1633 praepositura
734 1549 798 1612 iarn
820 1557 968 1614 currente
989 1545 1085 1611 velim
1108 1548 1367 1635 praeposituram
1392 1547 1537 1634 incipere
1562 1555 1595 1610 et

171 1647 319 1732 usquein
340 1644 436 1710 finem
461 1641 526 1731 [2²]
549 1669 608 1733 per
628 1669 680 1712 me
700 1647 752 1712 vel
782 1669 840 1736 per
870 1647 969 1712 alium
996 1647 1189 1732 magistrum
1220 1646 1260 1712 de
1287 1645 1421 1733 collegio
1448 1643 1587 1710 fideliter
1603 1655 1635 1710 10

169 1747 361 1827 continuare,
390 1745 418 1809 si
441 1743 555 1808 saltem
584 1768 643 1833 per
665 1757 789 1810 tautum
817 1756 943 1834 tempus
973 1746 1161 1833 collegiatus
1188 1768 1408 1833 permansero.
1450 1745 1506 1810 Sic
1538 1768 1590 1811 me

168 1843 240 1908 deus
261 1843 395 1908 adiuvet
416 1854 446 1909 et
467 1855 580 1910 sancta
601 1844 654 1910 dei
676 1845 863 1932 ewangelio.

244 1998 401 2056 Hieraaelr
424 1998 462 2056 ist
483 2017 540 2056 von
562 1999 713 2059 derselben
736 2001 839 2074 Hand,
868 2001 914 2060 die
937 2003 993 2058 den
1014 2009 1113 2058 ersten
1134 2000 1357 2060 Zesatzartrlrel
1379 2020 1427 2058 am
1449 2001 1588 2059 Sollerse

167 2097 257 2154 dieser
277 2096 418 2155 Stetuten
439 2098 553 2156 setrich
579 2099 613 2170 (a.
636 2103 683 2174 a),
706 2119 754 2157 om
776 2107 885 2158 uetera
905 2101 1013 2158 Raude
1041 2099 1088 2158 die
1107 2101 1252 2176 solpeade
1274 2099 1476 2176 Bestimmuaq
1496 2100 1586 2158 nucl-

165 2205 304 2273 9etruqcn
330 2198 395 2254 und
425 2197 551 2272 cussie
572 2197 766 2274 binqewiesen
787 2199 909 2258 worden
930 2198 982 2256 mit
1004 2199 1061 2256 den
1085 2197 1220 2258 Wortea:
1264 2193 1633 2282 Sequiturnever0.15

166 2295 221 2354 Die
241 2295 460 2373 Eiusclsiebunq
483 2299 535 2356 des
555 2297 684 2356 Arrikets
706 2317 747 2356 cn
768 2299 866 2357 dieser
888 2296 978 2356 Stellr
998 2299 1078 2372 sulit
1099 2303 1171 2374 ous;
1199 2317 1268 2357 eron
1288 2299 1368 2357 britte
1389 2298 1432 2358 sie
1453 2300 1522 2358 cler
1543 2296 1588 2356 bei

167 2385 400 2478 §ierwurtet

243 2541 291 2606 Ne
306 2563 386 2606 vero
407 2541 668 2628 praeposituram
689 2542 794 2625 nimis,
816 2552 914 2630 prout
934 2545 1024 2630 prius
1045 2544 1165 2608 factum
1189 2553 1248 2626 est,
1271 2543 1443 2629 anticipari
1466 2545 1591 2610 contiu-

165 2650 231 2725 gat‚
258 2639 317 2704 sed
339 2653 373 2706 ut
397 2641 465 2706 fixa
488 2651 631 2724 maneat,
660 2652 785 2706 tenetur
814 2643 1021 2728 praepositus
1051 2644 1176 2708 tuturus
1203 2666 1294 2708 suam
1325 2644 1587 2730 praeposituram

166 2740 233 2825 ipso
255 2739 307 2804 die
331 2741 435 2804 sancti
457 2739 554 2824 Galli,
577 2743 605 2806 si
626 2743 661 2806 in
682 2751 776 2806 sexta
796 2741 879 2806 feria
900 2745 1088 2825 occurrerit,
1109 2743 1262 2808 inchoare
1282 2752 1314 2807 et
1334 2740 1377 2807 ad
1397 2742 1486 2808 idem
1504 2751 1629 2808 tem-20

167 2861 222 2926 pus
243 2839 442 2925 praecedens
471 2842 677 2928 praepositus
699 2841 860 2906 tenebitur
890 2863 981 2906 suam
1010 2843 1269 2929 praeposituram
1298 2844 1497 2924 continuare,
1523 2864 1587 2907 non

168 2937 319 3022 obstante,
347 2939 433 3026 quod
461 2941 496 3003 in
524 2941 741 3031 quinquennio
763 2940 816 3005 vel
846 2942 927 3005 citra
955 2943 1124 3027 contingat
1151 2963 1249 3006 unmn
1278 2945 1500 3029 praepositum
1527 2963 1586 3028 per

168 3039 394 3126 quinquaginta
415 3048 481 3103 tres
503 3041 701 3126 septimanas
723 3041 956 3127 praepositare.
1000 3043 1035 3104 Si
1058 3062 1135 3105 vero
1165 3039 1282 3105 festum
1311 3043 1416 3105 sancti
1438 3039 1526 3106 Gelli
1554 3041 1588 3104 in

167 3137 257 3202 aliam
286 3161 384 3226 quern
414 3151 539 3204 sextam
568 3141 683 3204 feriam
714 3138 881 3222 ceciderit,
914 3147 1033 3204 extunc
1064 3142 1292 3225 praepositura
1320 3141 1354 3204 iu
1383 3141 1466 3206 seria
1494 3151 1586 3204 sexte

166 3236 344 3304 immediate
366 3238 580 3325 praecedente
603 3239 687 3304 diem
708 3239 812 3304 asueti
834 3235 922 3303 Galli
944 3235 1112 3304 inchoetur
1133 3248 1164 3304 et
1186 3237 1308 3305 ibidem
1331 3261 1415 3304 anno
1438 3241 1582 3325 sequenti
1598 3249 1630 3304 25

165 3338 356 3407 terminetur.

166 3491 190 3551 2
210 3505 311 3554 multe
327 3507 494 3567 QUANTUM
517 3506 654 3554 TEMPUS
671 3504 858 3554 'l'ENEA'PUB
879 3505 1120 3554 connumeres
1141 3505 1256 3554 Novus
1278 3505 1461 3554 REPONERE
1485 3505 1587 3554 Pecu·

478 3607 563 3656 malt
585 3605 654 3654 Piso
674 3603 919 3654 successuum:
943 3605 1008 3653 SUO
1031 3606 1076 3654 ΕΤ
1099 3603 1276 3664 QUANTUM.

239 3720 319 3786 Item
341 3721 476 3808 quilibet
498 3721 537 3786 de
559 3745 645 3788 novo
667 3722 793 3787 intrans
822 3718 993 3807 collegium
1017 3731 1144 3788 tenetur
1167 3721 1254 3786 infra
1275 3722 1415 3810 primum
1438 3720 1584 3809 quartale

165 3820 256 3904 primi
285 3822 361 3886 anni
391 3820 481 3908 apud
510 3824 732 3909 praepositum
761 3820 888 3907 collegii
914 3821 1076 3909 deponere
1103 3821 1167 3885 XV
1193 3819 1334 3888 florenos
1361 3843 1514 3889 renenses
1543 3822 1629 3888 adeo

165 3932 343 4006 computum
364 3943 424 4008 pro
446 3920 547 3986 bursa
577 3920 733 3987 solvenda
757 3917 819 4008 'per
847 3921 988 3986 medium
1018 3944 1137 3987 annum
1166 3943 1226 4009 pro
1255 3943 1289 3987 se
1310 3928 1343 3986 et
1370 3923 1494 3988 scolare
1517 3944 1585 4005 suo,

165 4018 208 4081 sic
234 4031 340 4084 tamen
369 4021 455 4108 quod
482 4044 541 4108 per
568 4023 753 4110 proximum
780 4019 948 4086 dimidium
976 4045 1104 4104 annum,
1134 4044 1196 4108 quo
1218 4023 1252 4086 in
1273 4020 1408 4108 collegio
1431 4045 1587 4111 praesens

164 4117 263 4202 fuerit,
285 4117 326 4184 de
348 4119 509 4186 absenciis
531 4121 775 4208 magistrorum,
798 4121 901 4208 siqui
924 4121 1075 4186 absentes
1097 4121 1226 4203 fuerint,
1247 4121 1326 4187 nihil
1343 4121 1470 4188 hebeat
1494 4121 1585 4202 Quos

165 4215 295 4284 florenos
317 4218 403 4284 idem
424 4224 630 4308 praepositus
653 4222 761 4286 statim
784 4218 877 4285 dabit
896 4222 1028 4286 exeunti
1040 4220 1092 4286 vel
1116 4243 1172 4285 suo
1187 4222 1403 4308 procuratori,
1426 4223 1453 4287 si
1474 4224 1587 4288 exieus

165 4320 439 4406 praepositaverat
459 4319 513 4385 hio
540 4322 574 4387 in
603 4319 749 4407 collegio.
791 4319 835 4384 Et
864 4321 892 4384 si
921 4342 985 4384 non
1015 4321 1297 4407 praepositaverit,
1324 4319 1416 4386 dabit
1445 4321 1507 4388 sibi
1536 4322 1628 4388 lxss

165 4415 295 4484 florenos
315 4441 476 4487 renenses.
502 4419 682 4486 Residuum
696 4441 774 4486 vero
795 4421 1000 4508 praepositus
1021 4442 1082 4506 pro
1103 4418 1241 4485 uuliuts
1263 4419 1391 4508 collegii
1411 4421 1464 4486 vel
1485 4423 1586 4508 magi·

165 4527 297 4583 utrorum
320 4519 495 4584 seeundum
517 4522 718 4587 voluntatem
743 4521 886 4608 ipsorum
908 4519 1123 4607 dispensabit
1154 4519 1297 4586 Tenetur
1318 4522 1415 4586 etiam
1438 4521 1513 4586 talis
1535 4522 1582 4585 sic

165 4614 202 4680 de
220 4641 302 4686 novo
313 4621 439 4686 intrem
461 4641 593 4687 servare
615 4619 865 4688 eonsuetudines
886 4619 1076 4702 laudabiles,
1097 4621 1131 4684 in
1154 4621 1302 4708 propinis
1316 4643 1355 4686 ac
1368 4619 1441 4686 aliis
1462 4620 1581 4686 facien·

166 4713 210 4782 dir
229 4720 263 4784 in
282 4719 418 4808 collegio
439 4721 532 4807 prius
555 4721 758 4788 observatas.

288 4895 316 4956 3.
337 4907 384 4954 ΒΕ
406 4905 471 4954 SEX
493 4905 665 4956 ruckerus
686 4907 756 4956 1²ss0
777 4905 982 4956 suecorum
1004 4905 1168 4955 conuecti
1188 4903 1457 4956 Puusouvmmlu
1591 4897 1629 4953 10

239 5021 317 5088 Item
347 5032 475 5088 tenetur
506 5022 548 5088 de
579 5045 665 5090 novo
696 5023 823 5088 intrans
853 5020 1023 5108 collegium
1052 5022 1139 5087 infra
1166 5023 1306 5110 primum
1332 5041 1474 5084 mensem
1504 5043 1583 5086 suus

168 5115 320 5188 electionis
342 5123 467 5190 solvere
490 5123 678 5211 praeposito
700 5122 830 5210 collegii
851 5131 989 5211 protunc
1010 5123 1163 5188 existenti
1191 5143 1250 5187 sex
1270 5119 1410 5184 florenos
1432 5141 1585 5187 recenses
