3758 6072
496 451 583 506 Dritte
599 449 869 519 Statutenredaotfon,
886 468 940 504 ron
961 449 1164 506 laub—1490.
1478 450 1536 516 401

112 631 165 700 rel
193 633 349 701 notabilis
378 634 490 718 fuerit,
517 635 604 722 quod
632 635 762 702 domum
791 637 960 724 propriam
994 645 1104 701 tenere
1136 643 1168 699 et
1198 656 1360 723 expensas
1387 634 1540 722 proprias

114 757 257 800 unacum
273 735 432 820 magistro
444 733 495 798 vel
506 735 879 822 informatorepotuerit,
902 736 954 801 vel
975 743 1168 824 paupertate
1189 749 1345 822 gravatus
1368 731 1540 799 serviendo

115 831 213 897 alieni
234 835 392 920 magistro
412 833 465 898 vel
486 833 565 898 alibi
586 857 748 922 expensas
768 837 802 900 in
822 844 889 902 toto
910 835 963 902 vel
985 859 1045 924 pro
1066 833 1239 900 medietate
1260 835 1402 921 potuerit
1422 829 1543 896 habere

115 933 238 1016 gratis,
263 931 303 997 de
326 955 389 1018 quo
411 932 508 1000 fidem
528 934 676 1000 facultati
697 934 758 1002 sub
786 957 843 1000 suo
870 937 1049 1002 iuramento
1076 957 1135 1021 per
1164 933 1245 1000 duos
1272 935 1360 999 viros
1386 931 1543 1018 ydoneos,

114 1029 237 1116 quibus
259 1031 320 1097 hoc
342 1043 479 1116 constat,
502 1044 558 1100 aut
577 1057 637 1122 per
659 1034 725 1100 alia
742 1034 901 1120 legittima
918 1034 1112 1101 documenta
1130 1033 1239 1099 facere
1258 1043 1416 1098 teneatur.
1569 1040 1585 1094 5

445 1207 473 1267 9.
503 1219 551 1266 ΒΕ
573 1218 869 1268 RESPONSIONIBUS
890 1217 1222 1268 MAGISTRANDORUM.

731 1323 820 1386 Vergl.
839 1321 873 1385 X,
891 1321 931 1374 10.

202 1415 287 1482 Item
309 1417 416 1484 nullus
439 1417 628 1484 admittatur
660 1419 704 1484 ad
729 1429 927 1509 temptamen
948 1441 1009 1508 pro
1031 1417 1137 1506 gradu
1156 1417 1338 1504 magisterii
1357 1418 1392 1482 in
1412 1415 1547 1502 artibus,

117 1516 182 1581 nisi
206 1515 357 1582 adminus
381 1527 496 1606 quater
517 1518 559 1585 ad
583 1529 695 1607 partes
716 1519 915 1608 principales
937 1529 969 1586 et
988 1519 1040 1584 bis
1062 1517 1105 1584 ad
1123 1519 1230 1582 minus
1248 1516 1445 1604 principales
1462 1515 1548 1584 ordi·

114 1617 209 1682 narie
239 1626 272 1682 et
305 1617 440 1684 totidem
476 1619 736 1684 extraordinarie
766 1621 950 1708 magistris,
981 1641 1002 1684 a
1028 1617 1146 1706 quibus
1176 1615 1251 1681 talis
1285 1618 1454 1704 responsio
1483 1616 1590 1683 sibilo

117 1718 295 1803 assignata
313 1717 428 1801 fiterit,
450 1719 674 1806 responderit,
696 1721 743 1785 ita
762 1719 850 1808 quod
871 1742 891 1784 a
913 1719 1075 1807 principio
1097 1739 1199 1804 usque
1220 1716 1263 1782 ad
1284 1717 1381 1782 finem
1400 1715 1546 1803 disputa·

118 1819 221 1883 tionis
244 1815 368 1882 ibidem
390 1820 615 1905 permanserit,
639 1825 709 1886 sine
731 1840 831 1885 eausa
848 1816 1042 1885 racionabili
1062 1839 1127 1882 non
1147 1815 1340 1882 recedendo.

564 1993 610 2055 10.
636 2003 684 2051 nn
706 2003 843 2052 anmals
864 1985 1115 2052 nnccsnnans.¹

205 2117 292 2182 Item
307 2116 414 2182 nullus
431 2115 690 2184 baccalariorum
707 2121 840 2184 veniens
863 2118 904 2184 de
925 2119 994 2184 alia
1013 2118 1224 2184 universitate
1248 2115 1435 2204 promoveri
1456 2113 1553 2180 debet

117 2215 162 2280 ad
186 2215 327 2302 gradum
349 2213 444 2304 [12⁸]
467 2219 648 2304 magisterii
668 2219 702 2284 in
726 2217 871 2302 artibus,
892 2220 957 2283 nisi
981 2219 1073 2306 prius
1101 2217 1225 2282 steterit
1245 2219 1280 2280 in
1301 2217 1366 2280 ista
1393 2215 1593 2280 universi-15

118 2325 189 2380 tate
213 2315 259 2380 ad
281 2317 387 2382 minus
409 2339 468 2404 per
490 2317 660 2384 dimidium
681 2341 818 2402 annum,
839 2326 872 2382 et
893 2316 1068 2383 dummodo
1092 2315 1288 2382 sufficientes
1309 2316 1554 2381 informationes

119 2414 238 2480 fecerit
264 2415 304 2481 de
326 2415 492 2482 auditione
513 2417 671 2484 librorum
691 2419 726 2482 in
746 2417 812 2482 alia
833 2419 1054 2484 universitate.

473 2591 519 2650 11.
549 2600 596 2648 nn
618 2600 879 2650 nrsrurnrlorrn
900 2599 1203 2650 nnocanaalouuu.

739 2703 829 2768 Vergl.
848 2706 881 2769 X,
905 2705 945 2756 to.

204 2799 288 2866 Item
310 2799 435 2888 placet,
458 2801 546 2888 quod
567 2801 703 2888 quilibet
727 2800 933 2868 baccalarius
956 2804 992 2867 in
1011 2802 1136 2868 artibus
1157 2809 1286 2866 tenetur
1305 2801 1339 2866 in
1361 2799 1476 2866 ordine
1497 2808 1599 2876 suozss

120 2899 176 2966 die
199 2901 363 2966 dominico
385 2899 568 2988 disputare,
594 2912 626 2966 et
656 2924 727 2966 cum
754 2904 957 2968 intimatione
979 2901 1112 2990 publica
1142 2924 1207 2966 non
1237 2901 1341 2967 solum
1370 2899 1414 2966 ad
1441 2899 1558 2966 valvas

123 3000 343 3088 collegiorum
374 2999 432 3065 sed
462 3001 565 3066 eciam
593 3000 636 3066 ad
663 2999 796 3066 bursam
821 3001 1001 3086 facultatis,
1034 3023 1118 3089 quae
1152 3009 1202 3066 est
1234 2999 1324 3066 locus
1352 2999 1557 3088 paedagogii.

128 3101 241 3183 Quam
262 3100 520 3189 disputacionem
543 3099 684 3166 decanus
705 3109 833 3166 tenetur
854 3099 918 3166 sibi
938 3100 981 3166 ad
1004 3109 1076 3166 octo
1107 3099 1176 3164 dies
1206 3108 1281 3164 ante
1310 3121 1370 3187 per
1398 3097 1558 3164 famulum

120 3202 352 3268 universitatis
373 3201 534 3266 intimare.
576 3199 622 3264 Et
641 3202 676 3265 in
696 3198 894 3288 disputando
914 3199 1080 3266 ordinarie
1102 3222 1169 3265 non
1190 3199 1323 3286 capiant
1342 3200 1558 3285 quaestiones,

118 3303 189 3367 nisi
212 3303 248 3365 in
270 3300 366 3388 loyca
394 3311 425 3366 et
452 3301 486 3365 in
505 3297 713 3386 philosophia
735 3299 887 3383 naturali,
907 3322 967 3365 nec
981 3298 1196 3387 sophismata,
1217 3299 1282 3363 nisi
1296 3299 1330 3362 in
1343 3301 1598 3384 grammatiea25

118 3411 154 3466 et
166 3400 277 3488 loyca,
299 3401 347 3464 sic
362 3399 449 3488 quod
466 3399 631 3464 rethorica
650 3409 782 3465 maneat
802 3423 862 3488 pro
881 3400 1048 3486 magistris
1068 3407 1202 3485 propter
1223 3398 1355 3462 tertium
1376 3397 1555 3486 sophisma

119 3500 192 3567 Sub
216 3521 324 3588 poena
347 3499 459 3564 decem
478 3521 679 3586 grossorum,
697 3521 777 3587 quos
797 3500 938 3566 decanus
955 3498 1014 3566 sub
1034 3522 1093 3565 suo
1114 3498 1297 3564 iuramento
1316 3506 1443 3564 tenetur
1464 3498 1553 3584 rigo-

118 3621 200 3665 rose
221 3608 416 3687 extorquere
436 3597 477 3664 ab
501 3596 624 3668 eodem.

227 3771 274 3834 12.
304 3783 352 3832 DE
375 3781 528 3832 domus
547 3783 594 3830 ET
613 3783 751 3832 AETATE
774 3784 1105 3852 Paouovnrtnoumt,
1129 3782 1226 3846 QUOD
1248 3784 1284 3832 m
1304 3781 1460 3832 axam

654 3882 781 3932 EORUM
800 3884 884 3933 unm
905 3885 1034 3934 Danau.
1566 3873 1600 3930 30

755 3986 816 4051 Vgl.
834 3989 868 4052 X,
887 3987 928 4039 14.

213 4084 297 4149 Item
311 4081 419 4148 nullus
439 4083 631 4150 admittatur
649 4083 692 4149 ad
711 4094 911 4172 temptamen
924 4109 985 4174 pro
1000 4084 1108 4172 gradu
1119 4085 1311 4171 magisterii,
1331 4084 1395 4149 nisi
1417 4085 1562 4171 attigerit

123 4205 251 4250 annum
268 4183 459 4248 vicesimum
475 4187 618 4271 primum
637 4193 670 4249 et
690 4183 731 4248 de
752 4183 911 4268 legittimo
932 4185 1140 4251 matrimonio
1159 4194 1255 4250 natus
1276 4187 1318 4249 sit
1338 4193 1371 4250 et
1391 4181 1473 4249 alias
1494 4207 1561 4249 mo·

120 4284 220 4350 ribus
243 4282 512 4349 commendabilis
533 4287 671 4368 existat,
694 4285 741 4348 sie
764 4284 853 4372 quod
874 4287 910 4350 in
929 4284 1018 4351 nullo
1038 4307 1178 4350 excessu
1205 4282 1344 4350 notabili
1374 4295 1406 4350 et
1434 4286 1561 4350 notorio

123 4381 356 4472 deprehensus
372 4383 480 4468 fuerit,
501 4382 587 4469 quod
607 4382 647 4448 de
666 4382 810 4472 quolibet
829 4407 985 4469 seorsum,
1006 4385 1131 4451 scilicet
1153 4384 1194 4449 de
1217 4394 1324 4450 aetate
1344 4393 1377 4449 et
1397 4383 1602 4470 legitimi-³5

118 4493 213 4567 tate,
236 4491 311 4549 ante
333 4481 564 4550 admissionem
592 4482 636 4549 ad
656 4493 857 4571 temptamen
888 4507 947 4572 per
974 4485 1133 4551 decanum
1164 4483 1338 4570 diligenter
1365 4486 1558 4569 inquiratur.

123 4583 222 4666 Quos
245 4583 351 4648 eciam
372 4591 405 4648 et
425 4582 610 4672 quemlibet,
632 4585 667 4648 in
687 4581 806 4670 aliquo,
828 4594 864 4649 ut
880 4585 1109 4672 praemittitur,
1127 4605 1267 4650 excessu
1283 4583 1422 4650 notabili
1432 4585 1559 4650 notorio

122 4681 344 4772 ardpabilem,
367 4681 503 4771 quilibet
523 4684 754 4770 magistrorum
783 4685 889 4749 eciem
917 4684 1133 4749 denunooiare
1160 4692 1192 4748 et
1217 4684 1378 4772 impedire
1400 4692 1561 4771 potestat

123 4792 272 4850 tenetur.
316 4782 384 4848 Nec
405 4784 510 4849 eciam
531 4782 606 4848 talis
628 4784 662 4846 in
684 4791 850 4868 posterum
872 4783 1078 4866 admittatur,
1100 4783 1164 4848 nisi
1195 4783 1277 4850 adeo
1300 4782 1508 4850 laudabiliter
1529 4792 1561 4848 et

119 4885 273 4950 virtuose
292 4904 326 4948 se
340 4884 473 4966 rexerit,
491 4881 579 4971 quod
599 4904 641 4947 ex
663 4889 830 4948 transacta
850 4884 996 4949 virtuosa
1018 4884 1087 4948 eius
1108 4884 1180 4947 vita
1199 4882 1241 4948 de
1263 4882 1470 4972 subsequenti
1491 4883 1602 4948 eiusto

122 4982 385 5050 conversacione
404 4981 561 5049 laudabili
580 4989 817 5070 praesumatur.
869 4982 914 5048 Et
939 4983 1037 5049 talem
1067 5003 1240 5050 exaesam
1267 4983 1406 5049 facultas
1436 4984 1560 5048 arcium

210 5153 223 5204 t
247 5147 303 5203 Die
319 5147 427 5203 Rubrik
444 5148 482 5203 iat
496 5147 548 5202 mit
564 5146 718 5203 sohwnzer
733 5144 818 5204 Tinte
835 5147 1049 5221 naehgetragen.

195 5249 416 5289 srarurmranoa
432 5251 491 5288 nna
507 5251 580 5292 narr.
597 5249 717 5288 usmaro.
1350 5241 1390 5304 26
