3794 6066
338 386 396 450 122
817 388 870 436 Des
890 387 1021 438 lohannes
1038 387 1116 437 Fabri
1135 389 1168 437 cle
1186 387 1300 437 Werdca

335 589 408 632 rum
434 566 559 632 consilii
587 567 750 632 facultatis
772 569 889 633 artium
911 569 1098 656 concepisse
1118 590 1157 632 ac
1176 590 1274 633 manu
1296 567 1433 654 propria
1452 566 1589 634 fideliter
1611 569 1752 634 conscri-

335 668 449 754 psisse
491 666 529 732 ln
554 689 688 755 quorum
715 669 857 732 omnium
883 679 915 732 et
944 669 1145 754 singulorum
1172 667 1425 756 praemissorum
1450 665 1563 747 fidem,
1591 666 1692 735 robur
1712 689 1752 732 ac

335 766 468 831 evidens
491 767 707 832 testimonium
728 789 787 832 nos
810 766 950 832 decanus
971 767 1176 855 supradicte
1197 765 1339 852 sigillum
1358 764 1537 832 damnatus
1551 764 1638 854 [35s]
1652 768 1755 834 nostri

336 865 561 954 praesentibus
589 865 858 932 testimonialibus
889 867 1005 933 litteris
1031 866 1183 932 duximus
1203 863 1454 952 appendendum
1474 875 1508 932 et
1530 866 1753 954 appendimus.

310 964 444 1030 5Datae
479 987 563 1031 anuo
596 965 707 1030 salutis
741 966 937 1032 christianae
973 965 1143 1032 millesimo
1182 963 1501 1052 quadringentesimo
1543 967 1754 1051 nonagesimo

335 1066 457 1153 primo,
481 1063 534 1129 die
553 1088 631 1130 vero
653 1066 757 1148 lovis,
778 1065 976 1152 paenultima
994 1067 1114 1132 mensis
1136 1063 1346 1152 Septembris.

369 1237 418 1300 80.
449 1249 621 1298 urrunnun
645 1249 936 1317 resumoumans,
958 1250 1055 1312 ouon
1077 1251 1155 1310 curs
1174 1250 1243 1298 aaa
1265 1248 1457 1298 remanum
1478 1247 1654 1296 conamus
1676 1248 1712 1296 nr

388 1349 515 1398 srumo
536 1349 705 1396 araneam
726 1351 918 1411 missuque
940 1349 1193 1399 amoenamus
1214 1350 1260 1398 nr
1280 1349 1405 1397 noenu
1427 1346 1707 1397 conversarroru

851 1451 990 1498 casseu
1012 1449 1236 1497 mensumn.

296 1576 327 1630 10
418 1563 538 1630 Coram
567 1565 727 1630 universis
759 1575 791 1630 et
821 1567 954 1652 singulis
981 1573 1113 1631 sanctae
1129 1565 1244 1630 matris
1265 1562 1422 1629 eeclesiae
1442 1561 1533 1645 filiis,
1566 1573 1755 1650 praesentes

333 1664 458 1730 litteras
479 1665 610 1746 visuris,
631 1661 763 1730 lecturis
783 1665 836 1730 vel
855 1665 1023 1748 audituris,
1047 1688 1105 1731 nos
1122 1665 1168 1730 .N.
1191 1675 1251 1730 etc.
1272 1674 1380 1730 rector
1400 1671 1513 1728 tenore
1533 1665 1755 1750 praesentium

333 1765 464 1853 publice
490 1765 749 1850 recognoscimus
778 1765 982 1852 prolitentes,
1010 1764 1156 1829 validum
1177 1765 1224 1832 .N.
1247 1763 1416 1851 praefatae
1443 1772 1575 1830 nostrae
1596 1765 1753 1830 universi-

334 1865 412 1930 tatis
441 1865 644 1951 suppositum
670 1874 702 1928 et
731 1864 910 1930 membrum
936 1887 1007 1930 esse
1029 1863 1202 1930 admodum
1223 1873 1353 1950 gratum
1374 1863 1409 1926 in
1431 1861 1608 1948 eademque
1628 1863 1755 1928 uuiver-

335 1965 429 2029 sitate
455 1971 568 2028 nostra
595 1962 794 2048 aliquamdiu
820 1963 979 2030 bonarum
1009 1961 1126 2029 artium
1156 1961 1338 2048 disciphnis
1365 1972 1398 2028 et
1422 1962 1588 2047 signanter
1610 1961 1755 2049 praecla-

295 2073 325 2128 15
336 2085 447 2128 rorum
466 2064 583 2128 iurium
603 2063 888 2129 exercitationibus
907 2066 1126 2151 virtutumque
1147 2085 1187 2128 ac
1207 2061 1366 2128 bonorum
1387 2083 1514 2128 morum
1533 2061 1660 2127 actibus
1681 2084 1755 2148 ope·

334 2186 405 2228 ram
426 2161 623 2249 impendisse
646 2161 842 2249 diligentem,

333 2261 454 2327 ibidem
468 2284 595 2349 quoque
609 2285 667 2349 per
685 2262 858 2327 triennium
874 2261 1003 2327 etultra
1042 2266 1098 2325 Am
1118 2266 1228 2326 Raude
1252 2283 1311 2322 coa
1336 2263 1375 2322 F.
1395 2264 1634 2340 accipetrcqca:
1669 2260 1754 2324 insu-

335 2361 434 2427 studii
456 2382 495 2426 ac
515 2363 548 2424 in
569 2360 777 2448 philosophia
801 2361 1002 2426 exercitandi
1043 2385 1102 2450 per
1129 2370 1204 2449 post
1230 2371 1378 2448 tempora
1399 2356 1624 2447 completionis
1644 2358 1754 2424 lectio

335 2483 435 2526 causa
467 2463 615 2526 continue
650 2463 791 2544 stetisse,
826 2462 1002 2546 magistris,
1042 2485 1130 2542 num,
1152 2461 1382 2527 exercitiorum
1403 2458 1605 2546 aliorumque
1625 2471 1755 2524 actuum

293 2559 542 2642 20doctoribus,
571 2559 743 2625 licentiatis
772 2559 907 2647 aliisque
936 2561 1003 2624 suis
1045 2559 1325 2641 scholasticorum,
1359 2556 1601 2624 baccalariatus
1629 2567 1663 2624 et
1690 2580 1754 2622 ma-

335 2658 512 2724 maioribus
539 2657 661 2723 ibidem
685 2658 876 2744 degentibus
902 2657 1003 2724 hono-
1045 2659 1169 2745 gisterii
1193 2661 1228 2722 in
1259 2656 1384 2722 artibus
1409 2656 1532 2743 gradus
1562 2679 1754 2722 concernen-

334 2781 404 2823 rem
423 2768 454 2822 et
469 2759 682 2823 reverentiam
699 2756 826 2822 debitos
840 2757 1002 2824 exhibuis·
1045 2762 1134 2841 tium,
1155 2759 1250 2824 iuxta
1270 2768 1401 2824 nostrae
1422 2758 1645 2823 universitatis
1662 2779 1754 2844 prae-

336 2881 385 2941 se,
408 2858 519 2944 sicque
540 2855 685 2923 moribus
705 2855 949 2939 laudatissimis,
1045 2859 1151 2924 dictae
1172 2859 1269 2924 ritum
1290 2867 1322 2922 et
1335 2855 1610 2940 consuetudinem,
1631 2859 1755 2943 rigoro-

1045 2960 1090 3023 sis
1112 2956 1317 3023 examinibus
1343 2956 1569 3043 consuetisque
1594 2956 1755 3022 sollemni-

292 3067 325 3124 25
1043 3057 1165 3124 tatibus
1199 3055 1416 3144 praehabitis,
1458 3055 1588 3121 eosdem
1631 3055 1754 3142 gradus

1044 3158 1226 3223 successive
1251 3155 1363 3244 pelam
1390 3164 1423 3220 et
1452 3154 1649 3221 sollemniter
1677 3178 1755 3243 pro-

1044 3257 1197 3322 motionis
1225 3256 1339 3322 laurea
1360 3253 1515 3342 adeptum
1537 3253 1657 3338 fluisse,
1684 3265 1755 3320 tan-

1044 3355 1181 3442 demque
1202 3365 1278 3443 post
1300 3355 1455 3442 adeptum
1473 3354 1701 3440 magisterium
1721 3357 1755 3420 in

1044 3456 1133 3522 dicta
1150 3456 1363 3521 universitate
1385 3452 1534 3540 legendo,
1557 3452 1755 3542 disputando

1043 3555 1190 3642 aliosque
1223 3563 1315 3620 actus
1343 3551 1553 3620 scholasticos
1583 3552 1755 3641 diligenter

1043 3653 1224 3720 exercendo
1253 3677 1311 3742 per
1334 3653 1501 3718 biennium
1520 3662 1553 3718 ct
1573 3652 1660 3720 ultra
1681 3676 1754 3720 con·

1042 3755 1131 3818 tinus
1153 3755 1291 3838 stetisse,
1312 3751 1458 3818 moribus
1479 3751 1620 3841 denique
1641 3751 1754 3818 lauda-

1042 3854 1175 3918 tissimis
1197 3863 1258 3920 eto.

334 3955 421 4018 vitas
448 3973 576 4039 quoque
603 3951 727 4016 meritis
754 3950 996 4037 praestantibus
1027 3951 1200 4040 plurimum
1228 3949 1517 4019 commendabilem
1544 3973 1616 4016 sese
1647 3951 1755 4017 reddi·

293 4052 439 4133 sedisse,
463 4061 499 4116 ut
524 4049 612 4116 hand
637 4051 797 4116 immerito
824 4051 857 4114 in
888 4052 1107 4118 virtuosorum
1127 4073 1261 4117 numero
1284 4049 1368 4140 [36⁵]
1392 4051 1508 4117 haberi
1529 4053 1754 4140 computarive

334 4149 460 4216 debeat
504 4150 613 4232 Quare
635 4159 927 4238 praememoratum
949 4149 1115 4216 dominum
1138 4152 1199 4234 .N.,
1221 4163 1352 4218 nostrae
1374 4149 1577 4238 praelibatae
1596 4152 1754 4216 universi-

335 4253 412 4316 tatis
433 4250 612 4316 membrum
634 4263 666 4315 et
684 4249 847 4314 alumnum
868 4248 1034 4328 dilectum,
1065 4250 1212 4316 omnibus
1241 4261 1273 4315 et
1300 4249 1453 4336 singulis,
1481 4249 1525 4315 ad
1552 4272 1634 4339 quos
1663 4271 1755 4338 prae·

336 4359 443 4416 sentes
461 4361 592 4416 nostrae
613 4351 820 4438 pervenerint
841 4349 978 4432 litterae,
997 4348 1135 4415 fideliter
1161 4349 1478 4434 recommendamus,
1505 4371 1603 4438 quam
1624 4350 1753 4416 sinceri-

334 4460 384 4516 ter
411 4459 578 4536 rogantes,
605 4459 760 4534 quateuus
788 4449 893 4514 eidem
914 4448 1046 4515 domiuo
1068 4449 1124 4530 .N.,
1144 4458 1276 4514 nostrae
1299 4450 1519 4516 universitatis
1538 4450 1659 4516 intuitu
1685 4473 1753 4515 suo·

298 4562 477 4638 torumque
497 4551 683 4614 meritorum
705 4549 988 4635 contemplatione,
1016 4548 1155 4628 favoris,
1180 4547 1439 4632 benevolentiae,
1461 4549 1605 4632 consilii,
1628 4572 1754 4638 promo-

334 4651 432 4717 tionis
454 4660 486 4716 et
506 4648 621 4715 auxilii
642 4647 799 4714 beneficia
821 4651 855 4714 in
876 4651 943 4714 suis
965 4647 1074 4729 rebus,
1097 4648 1203 4712 causis
1221 4657 1252 4712 et
1265 4649 1414 4734 negotiis,
1436 4650 1518 4715 actis
1535 4649 1589 4716 vel
1608 4650 1754 4736 agendis,

334 4751 515 4816 savorosius
537 4749 697 4834 impertiri
718 4749 901 4835 dignentru,
923 4771 983 4814 nos
1007 4769 1065 4832 per
1085 4745 1148 4810 hoc
1169 4745 1212 4812 ad
1233 4747 1422 4832 consimilia,
1449 4749 1547 4817 immo
1569 4749 1667 4836 longe
1689 4773 1753 4816 ma·

335 4852 406 4916 iora
428 4848 736 4936 complacentiarum
757 4871 878 4934 genera
900 4844 1159 4932 constringendo.
1201 4846 1239 4912 ln
1264 4868 1402 4931 quorum
1424 4850 1568 4915 omnium
1590 4859 1622 4914 et
1647 4851 1754 4936 singu·

334 4950 439 5017 lorum
460 4953 714 5037 praemissorum
734 4948 848 5030 fidem,
872 4947 974 5014 robur
996 4968 1036 5010 ac
1057 4944 1189 5010 evidens
1210 4948 1428 5014 testimonium
1448 4957 1631 5016 rectoratus
1653 4949 1754 5016 nostri

293 5049 476 5136 lisigillum
496 5047 725 5138 praesentibus
748 5046 900 5113 duximus
923 5044 1173 5135 appendendum
1195 5057 1227 5110 ct
1249 5048 1473 5134 appendimus.
1514 5049 1625 5116 Datae
1646 5059 1705 5116 etc.
