3788 6078
348 466 410 532 600
857 461 1255 516 promereamur-eoos

349 647 393 713 tis
412 667 576 713 resumere
599 643 768 710 licenciam
810 645 844 710 in
866 645 932 712 alia
949 647 1175 730 universitatc3
1198 655 1230 710 et
1250 643 1337 732 quod
1357 643 1464 711 velitis
1496 646 1531 712 in
1553 645 1619 710 ists
1641 645 1752 712 univer·

349 748 443 812 sitate
465 755 495 810 et
518 768 582 810 non
603 743 681 810 alibi
702 746 849 832 recipere
868 747 1012 834 insignia
1033 744 1221 828 doctoralia,
1243 767 1303 810 nec
1325 767 1423 833 super
1444 745 1506 832 hys
1529 744 1571 810 ab
1594 743 1749 834 aliquosu-

348 847 468 934 periori
491 855 600 932 petere
621 843 900 931 dispensacioncm
930 869 987 911 seu
1012 868 1034 911 a
1061 846 1243 911 iuramento
1272 843 1525 912 absolucionem
1566 845 1611 912 Et
1640 845 1755 912 dionis:

351 945 425 1032 Ego
447 945 550 1010 iuro.“

307 1121 323 1176 5
420 1117 468 1180 30.
496 1127 693 1178 rsomssun
714 1128 836 1208 surus·
849 1127 1010 1178 merenns
1034 1107 1097 1199 [8⁸]
1119 1125 1388 1177 uocronsnmus
1411 1127 1631 1176 ssmrmrms
1652 1127 1694 1175 nr

789 1227 1113 1278 sonnanrrrsrnsns
1133 1226 1335 1276 ssnvsrmrs.

434 1358 581 1442 Quilibet
601 1359 789 1426 licenciatus
812 1361 1001 1444 medicinae,
1024 1370 1138 1450 petens
1159 1361 1302 1447 insignia
1324 1359 1512 1436 doctoralia,
1534 1359 1631 1425 debet
1650 1359 1759 1426 decano

350 1469 382 1526 et
403 1459 588 1525 doctoribus
612 1459 653 1525 dc
673 1459 808 1526 consilio
828 1461 992 1528 facultatis
1012 1463 1210 1550 promittere,
1233 1459 1319 1549 quod
1340 1469 1486 1548 tempore
1505 1459 1683 1548 recipiendi
1695 1459 1760 1547 byr-

350 1569 454 1626 retum
476 1569 508 1624 et
529 1559 594 1624 alia
614 1560 757 1646 insignia
780 1559 959 1626 doctoralia
978 1561 1058 1626 velit
1079 1559 1323 1648 solempnitates
1345 1557 1440 1624 aulae
1461 1581 1522 1624 nec
1544 1582 1609 1624 non
1631 1559 1756 1625 aliorum

311 1669 481 1726 recemum
503 1660 591 1724 circa
612 1658 753 1742 easdem,
776 1661 872 1726 sicuti
892 1659 1057 1726 videbitur
1078 1657 1266 1726 doctoribus
1293 1655 1335 1722 de
1366 1657 1500 1724 consilio
1528 1657 1689 1724 facultatis
1706 1682 1762 1723 me

354 1759 482 1825 dicinae
504 1771 536 1824 et
556 1781 622 1823 non
643 1757 748 1842 aliter,
770 1759 938 1848 expedire.

433 1932 482 1994 3l·
511 1943 571 2003 QUI
592 1942 637 1990 ΕΤ
660 1942 755 2003 Quor
777 1943 941 1992 nauum
963 1941 1045 1992 ESSE
1067 1941 1302 1991 PROHOTORES
1322 1941 1640 1992 noctemnosmt
1658 1941 1693 1989 ns

591 2041 769 2092 moronus
795 2043 841 2091 ΕΤ
863 2043 1026 2092 suanm
1048 2041 1102 2090 ms
1122 2040 1275 2090 memma
1293 2040 1531 2092 noctouanta

432 2175 586 2240 Decanus
607 2176 770 2242 facultatis
793 2177 1047 2263 omnitempore
1069 2182 1119 2238 est
1140 2171 1331 2260 principalis
1359 2181 1526 2259 promotor
1555 2173 1763 2258 cuiuscunque

309 2283 340 2340 15
352 2272 544 2340 doctorendi
573 2278 607 2341 in
636 2276 814 2356 medicina,
857 2282 1096 2362 compromotor
1122 2293 1201 2338 vero
1231 2271 1349 2359 aliquis
1375 2271 1542 2338 doctorum
1574 2272 1615 2338 de
1637 2271 1763 2338 consilio

348 2373 510 2440 facultatis
529 2377 622 2440 iuxta
641 2375 787 2442 ordinem
809 2377 900 2457 senii,
922 2371 1108 2462 incipiendo
1131 2395 1151 2438 a
1173 2373 1278 2458 primo
1302 2372 1430 2438 seniore
1459 2383 1535 2460 post
1561 2371 1719 2438 decanum
1739 2383 1767 2436 st

349 2475 396 2538 sic
417 2473 570 2560 deinceps
593 2474 635 2539 ad
657 2476 815 2540 iuniorem
836 2472 1052 2554 deveniendo,
1086 2481 1200 2560 postea
1227 2469 1267 2536 de
1296 2493 1380 2537 novo
1403 2472 1548 2537 vicissim
1569 2471 1760 2560 incipiendo.

351 2571 536 2638 Promotori
557 2583 664 2639 autem
686 2573 860 2662 principali
882 2572 1050 2638 duodecim
1069 2570 1210 2637 florenos
1237 2581 1269 2636 et
1295 2572 1546 2658 compromctori
1567 2595 1627 2636 sex
1647 2571 1680 2639 fl.
1711 2593 1766 2659 pro

350 2670 462 2737 labore
485 2669 614 2738 habito¹
635 2683 668 2737 ct
691 2671 811 2738 solacio
832 2671 961 2736 eorum²
980 2669 1125 2737 novellus
1148 2668 1261 2736 doctor
1283 2670 1410 2736 solvere
1432 2669 1530 2736 debet
1557 2693 1631 2736 esse
1651 2669 1765 2756 obliga·

307 2777 412 2852 totus,
434 2779 467 2834 et
487 2779 660 2855 antequam
681 2771 742 2837 hoc
762 2773 874 2836 fecerit
894 2779 951 2837 aut
972 2793 1083 2836 eorum
1106 2769 1304 2836 voluntatem
1324 2770 1419 2858 plene
1438 2793 1503 2835 non
1525 2769 1711 2852 obtinuerit,
1732 2769 1767 2833 sd

349 2867 519 2934 consilium
540 2869 703 2936 facstltatis
717 2869 863 2936 medicae
885 2875 929 2945 (et
950 2869 992 2934 ad
1014 2891 1105 2935 suam
1126 2871 1362 2957 promotionem
1382 2871 1478 2948 non³)
1502 2869 1702 2934 admittatur.
1734 2868 1765 2933 Si

349 2991 427 3034 vcro
449 2967 558 3056 plures
579 2968 771 3036 doctorandi
790 2971 910 3035 fuerint
933 2969 1045 3035 codem
1066 2978 1223 3055 tempore,
1247 2969 1391 3034 decanus
1412 2979 1581 3058 promotor
1605 2971 1669 3034 erit
1688 2969 1767 3057 prin-

349 3066 465 3156 cipalis
486 3089 550 3155 quo
572 3067 614 3132 ad
637 3069 781 3155 singulos
803 3081 837 3136 et
858 3093 879 3134 a
898 3068 1043 3155 quolibet
1064 3069 1209 3156 ipsorum
1231 3066 1365 3134 habebit
1395 3068 1567 3134 duodecim
1598 3068 1650 3152 fl.3
1692 3089 1768 3133 com·

348 3177 514 3256 promotor
537 3181 654 3251 autem,
678 3171 734 3256 qui
754 3171 868 3234 unicus
891 3189 961 3234 esse
984 3166 1091 3249 debet,
1112 3167 1248 3254 recipiet
1268 3165 1416 3232 similiter
1438 3167 1481 3232 ab
1498 3189 1696 3256 unoquoque
1715 3189 1766 3232 sex

307 3266 398 3348 25fl.;
420 3289 481 3354 pro
504 3291 539 3332 se
559 3269 702 3332 retinens
725 3277 849 3334 tantum
872 3289 946 3351 sex,
976 3267 1117 3356 reliquos
1144 3265 1284 3332 florenos
1306 3267 1390 3332 inter
1413 3266 1565 3333 doctores
1587 3269 1624 3332 in
1641 3266 1766 3333 medici·

350 3367 401 3432 nis
422 3377 592 3452 sequentes
614 3367 943 3454 proporcionabiliter
966 3366 1162 3432 distribuere
1181 3375 1339 3448 tencatur,
1370 3365 1434 3432 hoc
1454 3365 1553 3433 modo
1576 3367 1665 3456 quod
1686 3363 1768 3452 quili-

349 3464 406 3530 bet
426 3488 484 3530 sex
505 3466 650 3533 obtineat
677 3466 729 3549 fl.;
759 3475 791 3531 et
821 3466 969 3534 doctores
994 3463 1058 3554 [8²³]
1083 3474 1230 3531 carentes
1248 3463 1311 3530 hac
1333 3467 1405 3531 vice
1426 3464 1644 3533 emolumento
1668 3465 1768 3532 docto·

349 3574 493 3630 ratorum
515 3565 578 3631 alio
599 3575 755 3652 tempore,
777 3565 837 3632 deo
865 3567 1012 3648 favente,
1044 3564 1257 3631 consimiliter
1284 3567 1491 3652 participent.
1531 3565 1578 3632 Et
1608 3567 1657 3632 sic
1689 3562 1767 3652 quod

351 3661 498 3730 differtur
517 3687 583 3730 non
605 3666 735 3730 omnino
758 3665 938 3732 auffenurt

309 3838 343 3896 ³0
485 3835 532 3898 32.
557 3847 604 3896 on
626 3847 797 3897 rnocoms
819 3849 908 3898 risos
929 3849 1112 3899 sonrssos
1134 3849 1202 3896 rus
1222 3847 1415 3897 novantur
1436 3849 1643 3898 nocrousu.

432 3979 584 4046 Novellus
612 3980 727 4048 doctor
753 3983 787 4046 in
817 3983 985 4049 medicinis
1013 3993 1088 4070 post
1118 3981 1169 4048 sui
1202 3982 1441 4068 promocionem
1473 3984 1585 4048 statim
1610 3992 1667 4048 aut
1692 3985 1768 4049 inlrs

350 4081 510 4144 inensem⁵
532 4102 591 4166 pro
613 4081 691 4148 fisco
712 4081 876 4149 facultatis
899 4083 1025 4150 solvere
1045 4089 1171 4148 tenetur
1190 4091 1329 4170 quatuor
1353 4079 1493 4150 florenos
1514 4085 1547 4148 in
1571 4104 1662 4148 auro.

246 4329 250 4340 ,
351 4269 399 4332 33.
417 4283 464 4332 ns
486 4281 658 4332 rocconis
680 4283 829 4335 resume
850 4283 1114 4334 unrvnssrrsrrs
1135 4282 1254 4332 omns
1275 4285 1343 4332 rna
1364 4283 1556 4334 novsnntnr
1576 4283 1768 4335 nocromos

432 4415 557 4482 Doctor
578 4415 724 4482 novellus
744 4417 779 4480 in
799 4415 970 4482 medicinis
992 4426 1160 4504 promotus
1181 4415 1273 4482 dabit
1291 4416 1419 4482 famulis
1449 4419 1672 4482 universitatis
1700 4427 1767 4482 tem·

309 4524 430 4603 ttpore
452 4517 653 4603 recepcionis
673 4517 886 4602 insigniorum
909 4515 1123 4582 doctoralium
1146 4517 1288 4604 quinque
1309 4515 1458 4599 florenos,
1481 4539 1541 4604 pro
1558 4517 1677 4605 quibus
1699 4517 1766 4582 dicti

440 4721 450 4770 l
472 4715 531 4769 sur
547 4715 641 4771 bobilo
659 4717 696 4771 ist
714 4719 809 4787 spiitcr
824 4721 931 4789 gesetnt
946 4715 1078 4772 babendo.

436 4805 451 4854 2
470 4798 610 4853 Hiernach
629 4800 666 4854 ist
683 4804 776 4870 spiter
793 4799 995 4871 eingeschoben
1013 4801 1096 4854 biduo
1113 4805 1176 4853 ante
1188 4801 1399 4870 promotionem.

436 4887 452 4938 3
470 4883 525 4938 Dic
542 4883 803 4956 eingelslammerten
822 4886 920 4940 Worte
937 4885 999 4939 sind
1018 4881 1239 4954 nachgetragen‚
1264 4883 1337 4938 doch
1362 4883 1511 4964 warenpie
1528 4882 1601 4938 wohl
1619 4902 1672 4940 nur
1686 4882 1764 4940 durch

353 4967 398 5022 cin
415 4966 555 5024 Versehen
574 4970 622 5023 des
641 4967 801 5023 Schreibers
821 4967 1000 5040 anagefallcu.

438 5057 453 5108 l
472 5053 525 5106 Am
544 5051 656 5107 Raude:
677 5053 741 5106 Hoc
757 5053 881 5107 ultimam
898 5054 1067 5107 immutatam
1085 5059 1205 5123 tempore
1222 5055 1249 5110 d.
1268 5052 1352 5120 nort,
1368 5059 1400 5106 ut
1416 5051 1495 5106 olibi.

439 5141 453 5191 5
473 5135 527 5192 Die
544 5137 643 5192 Wortc
660 5143 709 5192 aut
725 5137 805 5208 infra
824 5155 937 5194 mernere
955 5137 1017 5193 sind
1034 5141 1128 5210 opiter
1144 5135 1252 5208 getilgt.
