3788 6078
680 437 858 490 creaturan
878 437 1004 490 sanun.
1500 447 1556 508 551

139 618 257 686 aiones.
301 619 394 702 Quae
415 621 629 706 congregacio
651 619 712 685 sibi
733 641 799 684 non
821 627 965 706 negetur,
988 629 1020 685 et
1040 621 1074 685 in
1102 619 1257 686 absencia
1284 624 1431 708 magistri
1460 648 1553 712 prae·

138 721 293 786 senentis
314 721 373 785 fiat
394 719 588 786 deliberacio
610 729 641 786 et
662 727 791 786 caetera
812 721 920 785 omnia
939 719 1115 786 secundum
1136 721 1273 786 formam
1296 723 1478 790 atmodum
1501 747 1556 790 ex-

138 843 267 907 pressos
289 843 389 907 supra
410 819 451 886 de
472 821 739 908 praesentarioue
762 817 804 884 ad
828 841 968 885 cursum.

344 1023 374 1085 9.
395 1038 442 1086 nn
461 1035 662 1085 mnsnnnro
686 1035 823 1084 snmssr
842 1035 889 1084 sn
909 1035 1103 1085 nnosnnnu
1125 1035 1345 1086 annumeras.

220 1167 313 1255 „Ego
342 1169 392 1234 .N.
422 1170 493 1236 iuro
521 1170 555 1234 in
582 1167 670 1234 nulla
697 1168 762 1234 alia
788 1168 998 1234 universitate
1028 1166 1094 1258 [7¹³]
1125 1193 1184 1256 pro
1211 1169 1315 1234 ferma
1344 1169 1453 1256 legero
1484 1195 1555 1235 sen·
1582 1183 1599 1234 5

139 1271 277 1352 teneias3
299 1270 377 1334 item
397 1272 431 1335 in
452 1269 557 1356 primo
579 1291 663 1334 anno
685 1267 825 1355 primum
846 1278 878 1333 et
899 1269 1074 1336 secundum
1094 1269 1196 1335 libros
1217 1269 1343 1355 legere,
1366 1280 1416 1350 et,
1445 1271 1557 1334 sinon

140 1367 285 1434 habuero
307 1365 447 1456 aliquem
466 1391 591 1433 mecum
612 1377 864 1450 concurrentem,
888 1367 1031 1455 quolibet
1052 1368 1105 1433 die
1126 1367 1250 1454 legibili
1271 1379 1345 1456 post
1365 1369 1477 1434 horam
1493 1393 1559 1434 ma-

139 1470 315 1554 gistrorum
337 1490 435 1533 unam
457 1466 701 1533 distinocionem
717 1466 844 1554 legere,
886 1467 950 1532 nisi
976 1476 1103 1554 partem
1130 1466 1286 1554 longioris
1314 1467 1467 1532 adderem
1489 1467 1561 1532 bre·

139 1567 222 1632 viori
241 1561 295 1632 iel
316 1578 463 1650 econtra3
495 1569 572 1631 item
597 1567 632 1630 in
660 1564 801 1631 secundo
828 1589 912 1633 anno
941 1567 1078 1631 tercium
1100 1575 1133 1631 et
1153 1577 1300 1652 quartum
1321 1565 1421 1632 libros
1443 1566 1561 1653 legero,

139 1667 227 1730 circa
248 1665 418 1732 cuiuslibet
439 1666 660 1731 distinocionis
682 1665 851 1732 materiam
873 1667 1094 1751 quaestionem
1116 1689 1214 1731 unam
1226 1666 1478 1750 determinando,
1500 1690 1560 1731 nec
1573 1678 1603 1731 to

138 1788 202 1830 non
222 1774 348 1830 textum
371 1765 542 1852 diligenter
563 1787 622 1852 per
645 1763 869 1830 conclusiones
890 1763 1028 1852 legendo
1061 1773 1093 1828 et
1120 1764 1326 1854 exponend03
1367 1766 1444 1830 item
1476 1789 1560 1831 anno

138 1873 276 1952 utroque
296 1863 348 1930 bis
369 1865 531 1932 ordinarie
552 1862 750 1950 respondere
779 1873 810 1928 et
840 1861 972 1928 cuilibet
999 1865 1156 1950 magistro
1187 1863 1273 1928 ultra
1310 1865 1491 1951 praemissa
1518 1864 1560 1929 ad

138 1963 400 2050 respondendum
420 1987 472 2030 me
494 1964 626 2045 offerre;
656 1961 802 2026 similitor
829 1964 863 2027 in
885 1960 998 2026 ordine
1019 1985 1107 2044 mco,
1141 1964 1226 2028 siout
1253 1961 1351 2028 michi
1381 1964 1561 2029 iniunctum

137 2063 244 2146 fuerit,
264 2064 472 2150 praedicare3
514 2065 591 2128 item
613 2063 647 2126 in
669 2061 812 2147 quolibet
832 2060 932 2142 libro,
960 2061 1110 2127 faciendo
1139 2063 1333 2151 principium
1358 2063 1505 2128 similiter
1527 2065 1560 2128 in

139 2160 201 2226 line
222 2164 330 2252 quarti
351 2162 443 2246 libri,
477 2170 590 2228 contra
616 2160 703 2225 diota
732 2169 764 2224 et
790 2159 1009 2225 conclusiones
1033 2162 1102 2225 eius
1124 2161 1176 2226 vel
1197 2183 1322 2244 eorum,
1356 2165 1411 2248 qui
1432 2184 1557 2227 mecum
1573 2172 1602 2226 15

137 2260 275 2346 legendo
298 2262 531 2344 concurrerint,
556 2263 639 2325 sicut
660 2269 846 2324 consuetum
870 2269 927 2341 est,
950 2259 1128 2346 replicare3
1156 2260 1249 2344 item,
1274 2283 1346 2326 oum
1368 2262 1475 2326 fecero
1496 2262 1560 2347 pri·

138 2382 226 2425 mum
246 2361 443 2448 principium
465 2362 498 2425 in
520 2360 711 2441 sentencias,
734 2382 831 2424 unum
853 2359 1010 2424 florenum
1025 2357 1161 2423 bedellis
1174 2358 1268 2444 dare;
1289 2361 1366 2425 item
1385 2379 1562 2446 procurare

138 2459 237 2524 scribi
260 2459 302 2524 ad
322 2460 442 2526 librum
461 2457 626 2524 facultatis
648 2469 795 2544 tempora
816 2480 907 2523 meae
930 2454 962 2544 [8
970 2446 1006 2544 ‘l'
1020 2459 1230 2543 recepcionis,
1253 2459 1425 2526 cuiuslibet
1442 2459 1561 2546 princi-

138 2561 299 2646 piacionis
321 2569 355 2624 et
373 2559 533 2624 finicionis
552 2557 710 2624 librorum
731 2559 986 2640 centensimum,
1016 2557 1092 2622 item
1114 2557 1199 2622 infra
1219 2557 1415 2645 quindenam
1438 2556 1562 2622 solvere

137 2658 272 2724 bursam
293 2659 390 2724 trium
413 2657 446 2725 ll.
488 2656 543 2722 Sic
563 2679 615 2722 me
637 2657 717 2722 deus
736 2656 868 2722 adiuvet
887 2665 919 2720 et
939 2665 1051 2721 sancte
1074 2653 1126 2720 dei
1146 2655 1354 2744 ewangeliaf‘
1571 2665 1604 2720 20

223 2856 418 2940 Notandum,
439 2855 536 2944 quod,
559 2857 588 2922 si
603 2857 683 2922 fiunt
703 2857 767 2922 duo
789 2854 996 2920 sentenciarii
1026 2854 1121 2920 simul
1143 2865 1373 2921 concurrentes
1401 2865 1433 2920 et
1453 2853 1562 2920 simili·

138 2968 188 3022 ter
210 2957 345 3043 recepti,
366 2955 522 3021 iurabunt
543 2979 675 3022 servare
698 2954 828 3020 modum
847 2953 977 3040 legendi
999 2965 1202 3041 sequentem,
1229 2953 1383 3018 videlicet
1411 2953 1497 3040 quod
1519 2953 1562 3017 le·

138 3065 218 3142 gant
239 3055 409 3120 alternatis
432 3054 546 3120 diebus
569 3057 626 3136 sio,
649 3053 736 3142 quod
757 3076 839 3118 unus
861 3054 998 3138 incipiat
1016 3053 1158 3140 primum
1180 3063 1211 3116 et
1232 3051 1314 3117 alter
1335 3055 1471 3118 tercium
1484 3053 1510 3135 ¹3
1531 3061 1564 3115 et

138 3157 194 3241 qui
216 3156 356 3242 primum
375 3156 498 3242 incipit,
519 3155 609 3240 legat
629 3156 737 3241 prima
757 3152 821 3235 die,
843 3154 898 3238 qni
920 3173 997 3216 vero
1019 3152 1165 3232 tercium,
1187 3151 1275 3237 legat
1298 3151 1440 3216 secunda
1454 3151 1508 3215 die
1529 3158 1562 3213 et

137 3256 186 3319 sic
206 3252 398 3320 alternando
419 3252 532 3340 legant
552 3255 656 3317 eciam
678 3250 823 3316 sabbatis
847 3249 961 3316 diebus
983 3261 1129 3338 tempore
1149 3249 1273 3336 legibili
1302 3271 1361 3338 per
1382 3259 1484 3316 totum
1504 3271 1559 3313 an·
1571 3257 1604 3312 25

136 3377 225 3420 num.
268 3351 423 3418 Similiter
443 3352 554 3438 legant
574 3353 608 3416 in
629 3349 835 3416 hebdomada
855 3349 1053 3433 Palmarum,
1082 3349 1287 3416 hebdomada
1314 3349 1439 3436 pascali
1445 3397 1454 3432 ‚
1484 3347 1560 3412 heb-

138 3453 283 3520 domada
300 3451 531 3518 Penthecostes
551 3461 583 3516 et
608 3452 643 3516 in
665 3448 870 3517 hebdomada
897 3450 1077 3516 nativitatis
1108 3449 1230 3516 Christi
1256 3458 1331 3536 post
1359 3448 1445 3514 diem
1471 3449 1562 3513 inno·

138 3561 275 3619 centum.

224 3735 388 3820 Incipiunt
410 3731 609 3797 caniculares
631 3733 664 3796 in
688 3731 830 3796 crastino
851 3733 940 3798 Petri
963 3741 995 3796 et
1015 3729 1136 3796 Pauli²
1164 3740 1196 3796 et
1216 3739 1381 3796 resumant
1401 3729 1560 3796 lecciones

137 3840 172 3903 in
192 3835 334 3902 crastino
355 3831 636 3914 Bartholomaei³‚
670 3831 774 3896 etsie
802 3829 913 3918 legant
944 3829 1165 3898 hebdomatim
1194 3829 1397 3912 alternatim,
1423 3828 1603 3915 quilibetto

138 3959 238 4002 unam
267 3933 509 3999 distinccionem
541 3955 599 3996 suo
630 3929 682 3994 die
714 3929 889 3995 secundum
921 3929 1050 3996 modum
1081 3931 1306 4017 praemissum.
1347 3929 1429 3994 Item
1451 3937 1562 3994 notan-

138 4035 228 4118 dum,
250 4031 337 4122 quod
358 4027 422 4119 [gs]
446 4029 549 4096 solum
572 4029 636 4096 duo
658 4030 801 4116 poterint
823 4038 899 4094 actu
928 4027 1022 4093 simul
1047 4029 1156 4114 legere
1184 4030 1382 4111 sentencias,
1417 4038 1449 4092 et
1479 4027 1564 4109 dato,

140 4133 228 4223 quod
249 4131 368 4221 aliquis
389 4129 505 4216 legerit
526 4128 606 4195 duos
627 4128 738 4210 libros,
760 4127 913 4193 videlicet
936 4129 1076 4215 primum
1098 4137 1130 4193 et
1142 4127 1327 4210 secundum,
1350 4137 1490 4214 etsuper
1503 4127 1565 4194 boc

138 4245 286 4321 tempore
308 4239 458 4297 consueto
480 4250 562 4294 unus
584 4229 666 4294 alter
687 4227 728 4292 de
755 4249 838 4293 novo
869 4226 1030 4292 admissus
1058 4228 1171 4309 fuerit,
1213 4239 1289 4292 tuno
1322 4226 1376 4292 ille
1403 4226 1566 4292 admissus

137 4345 288 4420 tempore
308 4338 462 4396 consueto
484 4329 621 4415 incipiat
642 4329 782 4414 primum
802 4324 921 4391 librum
943 4326 1162 4392 concurrendo
1179 4349 1250 4390 cum
1265 4327 1489 4409 sentenciario,
1507 4328 1605 4414 quint

139 4436 206 4500 iam
228 4431 334 4496 finivit
354 4429 435 4494 duos
455 4426 573 4509 libros3
598 4438 629 4491 et
651 4426 810 4492 alternent
828 4425 998 4508 lecciones,
1016 4435 1052 4489 ut
1073 4447 1184 4512 supra.

224 4579 420 4673 ltemdato,
456 4576 542 4665 quod
568 4576 661 4642 simul
689 4575 934 4642 admitterentur
961 4574 1071 4662 plures
1100 4574 1143 4639 ad
1170 4575 1351 4641 sentencias
1378 4585 1410 4641 et
1438 4573 1565 4640 defecto

139 4690 228 4749 esset
248 4702 332 4744 unus
355 4677 599 4760 sentenciarius,
623 4677 677 4764 qui
698 4675 805 4742 finivit
823 4674 905 4740 duos
926 4673 1038 4757 libros,
1059 4684 1136 4740 tune
1158 4673 1265 4740 senior
1292 4674 1335 4740 de
1361 4675 1487 4740 noviter
1509 4673 1566 4738 ad·

143 4835 270 4844 ..---....-.
279 4835 293 4840 .-
303 4835 315 4838 -
330 4833 353 4840 .ss
372 4833 459 4839 ...-—...

232 4935 241 4984 1
263 4928 304 4982 Za
321 4929 458 4997 ergdnzen
476 4925 585 4979 librum.

226 5019 240 5069 2
260 5012 330 5067 Dies
347 5011 414 5066 Fert
431 5007 494 5063 fnltt
511 5007 563 5064 auf
576 5007 629 5063 den
650 5012 690 5064 29.
709 5007 785 5062 duni.

227 5101 243 5151 3
263 5095 338 5150 Fffllt
353 5092 405 5150 auf
418 5093 473 5150 den
492 5097 533 5148 at.
552 5092 672 5164 Augeat
