3762 6074
373 421 434 484 456
860 417 911 468 Die
932 413 1153 480 philosophische
1173 413 1302 466 Faculttt.

372 603 494 665 arcium
518 602 760 682 continuantur,
782 598 855 664 ideo
877 597 1001 685 placet,
1024 597 1110 686 quod
1139 596 1287 662 decetero
1316 594 1451 682 singulis
1477 595 1710 660 mutationibus
1736 596 1787 662 sub

373 711 463 766 certa
479 700 637 783 mercede,
660 701 688 764 si
705 722 786 786 opus
803 700 909 780 fuerit,
931 698 1064 784 deputet
1086 697 1211 785 aliquos
1232 696 1416 782 magistros,
1439 697 1473 760 in
1484 694 1786 762 mathematicalibus

373 803 497 889 peritos
519 811 551 865 et
571 803 756 881 instructos,
777 799 820 864 ad
842 798 1014 884 legendum
1042 805 1074 862 et
1100 795 1354 862 continuandum
1380 795 1525 861 utiliores
1553 795 1657 862 libros
1678 797 1712 860 in
1731 820 1786 860 ma·

373 901 564 982 thematica,
585 908 621 964 ut
641 897 829 978 Euclidem,
852 899 1092 984 perspectivam
1112 918 1322 976 communem,
1343 893 1520 962 theoricam
1541 895 1743 984 planetarum
1761 912 1786 960 et

330 1011 346 1066 5
375 1000 507 1066 similes.
549 1000 593 1064 Et
609 997 795 1065 huiusmodi
812 996 971 1064 mercedis
987 1019 1045 1062 seu
1064 1005 1177 1084 pastus
1197 995 1403 1060 taxacionem
1421 994 1545 1062 decano
1568 1017 1630 1084 pro
1652 1005 1786 1082 tempore

376 1099 530 1164 existenti
552 1109 584 1163 et
604 1099 670 1163 suis
693 1096 874 1162 senioribus
895 1097 1034 1162 facultas
1058 1097 1237 1162 committit

738 1334 766 1394 9.
792 1347 838 1394 Da
859 1345 1091 1395 accumulans
1114 1345 1434 1394 concesseramus

457 1498 628 1562 Lectiones
646 1505 873 1560 concurrentes
884 1496 1083 1581 recipiantur
1098 1495 1190 1560 iuxta
1203 1495 1326 1559 scnium
1343 1497 1574 1582 magistrorum
1589 1504 1622 1560 et
1635 1495 1785 1582 antiquam

376 1596 659 1676 consuetudinem,
682 1596 729 1659 sic
752 1595 837 1683 quod
861 1595 924 1660 duo
946 1595 1094 1679 magistri
1115 1594 1276 1680 recipiant
1298 1616 1410 1676 unam,
1432 1617 1531 1681 quam
1554 1590 1642 1683 [14⁸]
1665 1595 1786 1682 quisque

334 1707 434 1784 toper
461 1719 495 1759 se
522 1696 705 1776 continuet,
735 1717 939 1782 nequequam
966 1692 1058 1758 alteri
1086 1715 1183 1781 quam
1221 1715 1278 1757 suo
1313 1695 1516 1758 concurrenti
1549 1693 1593 1757 ad
1629 1692 1785 1778 legendum

374 1795 509 1860 candem
532 1795 691 1880 assignet,
719 1794 778 1858 sub
810 1817 914 1880 poena
947 1794 1116 1857 carenciae
1144 1794 1391 1878 acturegenciae
1418 1816 1478 1880 per
1508 1791 1693 1858 huiusmodi
1721 1803 1786 1858 tem·

376 1917 449 1981 pus,
480 1915 542 1978 quo
564 1893 748 1958 huiusmodi
775 1893 929 1958 lectiones
956 1891 1122 1978 leguntur,
1150 1915 1212 1979 quo
1234 1892 1277 1957 ad
1298 1893 1516 1979 resignantem
1539 1903 1572 1957 et
1592 1894 1788 1980 recipientem

375 1992 561 2058 huiusmodi
582 1993 754 2058 lectionem
776 2002 1027 2057 concurrentem.

614 2233 659 2292 10.
688 2242 748 2290 oar
767 2243 812 2290 nr
837 2241 908 2302 ouo
928 2243 1059 2290 usarro
1080 2241 1274 2291 nscrrouus
1296 2241 1378 2290 naor
1399 2241 1572 2291 0000000.

336 2403 365 2456 tt
457 2390 579 2472 Placet,
603 2392 688 2478 quod
700 2391 838 2476 quilibet
855 2390 964 2473 lector,
983 2389 1106 2456 habens
1123 2390 1293 2456 lectionem
1315 2412 1375 2479 pro
1398 2414 1455 2456 suo
1477 2390 1644 2458 ordinario
1655 2393 1707 2458 vel
1728 2415 1788 2458 oon-

375 2491 535 2571 currenti,
557 2491 653 2555 debet
680 2514 753 2554 eam
780 2489 887 2575 legere
917 2492 951 2554 in
977 2489 1091 2554 habitu
1118 2490 1299 2576 magistrali
1329 2499 1360 2554 et
1386 2491 1483 2555 mitra
1510 2513 1568 2556 seu
1596 2490 1701 2557 bireto
1727 2515 1787 2556 000

377 2589 540 2675 scapulari
563 2589 736 2674 diligenter
758 2599 790 2654 et
811 2591 973 2654 fructuose
994 2589 1080 2654 omni
1100 2587 1153 2653 die
1173 2588 1297 2676 legibili
1320 2598 1352 2654 et
1377 2612 1441 2655 non
1464 2588 1543 2655 alibi
1566 2613 1664 2679 quam
1685 2593 1719 2656 in
1740 2615 1787 2678 pu·

376 2689 461 2754 blico
481 2687 629 2769 lectorio,
650 2689 713 2752 nisi
736 2690 929 2771 constiterit,
951 2687 1037 2776 quod
1058 2687 1227 2754 lectorium
1253 2687 1375 2754 habere
1403 2711 1468 2756 non
1496 2692 1633 2776 poterit3
1663 2701 1737 2756 nme
1755 2690 1787 2754 de

373 2789 485 2852 favore
503 2786 617 2852 decani
638 2787 727 2868 alibi,
749 2798 783 2851 ut
805 2790 838 2852 in
861 2787 956 2852 stuba
978 2789 1219 2852 communitatis
1241 2785 1376 2852 01100100
1396 2786 1523 2876 collegii
1546 2789 1787 2856 sutbursaeseu

333 2887 408 2950 2010
430 2885 630 2951 habitatione
652 2908 711 2950 sua
732 2887 876 2973 propria,
898 2885 1007 2972 legere
1028 2889 1155 2972 poterit.
1197 2887 1242 2952 Et
1262 2909 1328 2953 non
1350 2889 1438 2952 omni
1460 2887 1513 2953 die
1534 2887 1659 2976 legibili
1680 2889 1785 2976 legens,

375 2985 460 3073 quod
489 2985 674 3050 visitatores
705 3009 764 3072 pro
793 2995 936 3072 tempore
966 2987 1140 3050 existentes
1172 2986 1295 3051 decano
1328 2985 1525 3052 denunciare
1553 2997 1719 3072 tenentur,
1747 2990 1784 3052 et¹

374 3086 514 3150 monitus
537 3107 571 3148 se
593 3083 766 3148 emendare
786 3107 851 3150 non
871 3087 1044 3166 curaverit,
1067 3087 1099 3150 in
1125 3086 1235 3170 aliqua
1254 3089 1402 3174 portione
1425 3095 1539 3174 pastus
1561 3091 1722 3175 puniatur.
1756 3087 1784 3151 Si

378 3194 486 3250 autem
517 3185 646 3248 omnino
675 3182 843 3268 negligens
878 3193 1026 3272 repertus
1062 3185 1174 3267 fuerit,
1207 3187 1299 3250 iuxta
1333 3205 1471 3272 poenam
1508 3189 1678 3253 carenciae
1710 3199 1784 3252 actu

375 3284 545 3370 regenciae
567 3282 609 3347 ad
631 3293 754 3346 certum
776 3293 903 3369 tempus
925 3289 1079 3371 puniatur
1102 3295 1133 3349 et
1155 3284 1237 3350 alius
1267 3283 1368 3350 lector
1389 3285 1423 3349 in
1445 3286 1515 3350 eius
1536 3285 1643 3354 locum
1666 3286 1784 3376 perde

331 3391 489 3448 25000010
512 3392 544 3447 et
565 3384 708 3447 seniores
730 3382 894 3448 facultatis
914 3395 1109 3470 surrogetur.

458 3619 505 3679 ll.
533 3631 728 3680 Lacrlortss
750 3633 900 3693 sulpura
924 3633 992 3682 PRO
1016 3633 1134 3683 GRADU
1156 3635 1193 3682 m
1214 3635 1488 3686 emovemus
1509 3639 1557 3688 ΔΙ)
1580 3639 1717 3688 renus

916 3749 1057 3798 DEBENT
1080 3751 1257 3800 suerrum.

457 3892 599 3976 Placuit,
628 3897 714 3983 quod
747 3897 853 3962 nullus
888 3901 1117 3983 magistrorum
1151 3901 1186 3964 in
1216 3900 1330 3966 diebus
1361 3903 1602 3970 canictdaribus
1638 3907 1783 3972 continuet

375 4015 467 4056 suam
490 3991 659 4058 lectionem
690 3996 746 4060 sed
779 4019 850 4062 eam
873 4021 974 4086 usque
996 3997 1039 4062 ad
1060 3999 1157 4064 finem
1177 3999 1362 4067 huiusmodi
1383 4001 1508 4068 diertrm
1532 4006 1720 4093 suspendat,
1739 4027 1783 4068 er·

331 4091 479 4176 30000110
511 4089 616 4178 longis
652 4094 862 4180 lectionibus,
897 4097 1048 4164 videlicet
1081 4099 1295 4186 phisicerum,
1331 4101 1580 4189 metaphisicae,
1611 4105 1783 4182 ethicorum,

374 4188 590 4276 polliticorum
613 4205 643 4258 et
665 4193 830 4279 Euclidis,
852 4219 934 4282 quae
955 4211 1092 4284 possunt
1112 4199 1155 4263 ad
1175 4199 1373 4287 quindenam
1395 4211 1426 4266 et
1450 4225 1515 4266 non
1543 4202 1631 4268 ultra
1651 4206 1685 4270 10
1704 4223 1783 4290 prae

375 4288 472 4352 dictis
493 4289 606 4356 diebus
628 4295 794 4379 suspendi,
816 4296 1034 4383 computando
1056 4309 1164 4362 tamen
1186 4307 1294 4364 textus
1315 4298 1444 4365 illarum
1463 4301 1638 4369 lectionum
1659 4303 1700 4369 ad
1719 4317 1782 4368 tem·

374 4411 435 4475 pus
457 4410 477 4453 a
500 4388 652 4456 factdtate
673 4395 856 4480 praefixum
879 4419 937 4462 seu
964 4398 1118 4462 terminos
1148 4397 1332 4465 earundem.
1383 4399 1419 4466 Si
1449 4411 1559 4467 tamen
1586 4403 1703 4491 aliquis
1728 4425 1782 4466 ma·

373 4489 552 4574 gistrorum
574 4511 616 4553 ox
638 4514 737 4557 causa
759 4493 820 4580 hys
844 4495 958 4560 diebus
987 4517 1077 4560 suam
1107 4494 1277 4563 lectionem
1306 4500 1495 4566 continuare
1517 4500 1672 4586 voluerit,
1699 4502 1783 4567 faciat

330 4588 436 4653 35hoo
458 4586 498 4651 de
520 4585 656 4652 licencia
677 4605 708 4655 et
730 4613 889 4658 consensu
910 4593 1039 4676 decani,
1063 4595 1127 4682 qui,
1149 4595 1262 4662 audita
1283 4620 1382 4664 causa
1402 4601 1607 4686 racionabili,
1630 4602 1782 4688 indulgeo

374 4689 494 4774 poterit
515 4697 548 4750 et
568 4689 601 4750 in
623 4691 791 4774 paciencia
812 4694 903 4782 (quia
923 4695 1062 4758 fructum
1084 4694 1193 4780 affert)
1219 4696 1380 4764 tollerare.

461 5086 531 5142 1Εο
549 5086 630 5142 sollte
647 5087 798 5146 ailreisscu
815 5097 927 5149 suun
