3748 6070
336 428 397 496 330
785 463 798 506 0
824 435 876 488 urs
893 435 1112 502 philosopharis
1131 435 1257 488 enarer

417 616 467 680 31.
486 630 534 682 nu
557 631 650 684 uoco
672 633 835 684 uramus
856 635 902 684 ar
922 637 1076 688 sunnon
1095 634 1390 686 convocsmonun
1407 633 1632 686 rsouursrrs.

926 739 1192 804 wamma

417 831 498 897 Item
527 834 679 898 cumina
705 835 998 922 promovendorum
1034 838 1069 902 in
1096 837 1222 904 ortibus
1251 844 1284 902 et
1310 836 1563 904 convocaciones
1589 834 1754 902 facultatis

336 929 459 996 arcium
486 930 568 997 fiant
595 934 629 998 in
655 931 791 1021 collegio
818 937 941 1001 maiore
966 937 1001 1000 in
1028 935 1125 1002 stuba
1152 935 1333 1018 facultatis,
1361 944 1394 1000 et
1420 957 1479 1024 pro
1498 937 1561 1000 isto
1582 933 1754 1022 collegium

293 1034 311 1091 t
336 1030 440 1095 maius
460 1029 502 1096 de
522 1031 665 1119 quolibet
684 1033 904 1121 promovendo
924 1035 958 1100 in
979 1034 1104 1101 artibus
1124 1033 1258 1102 habebit
1277 1040 1298 1101 2
1316 1049 1358 1119 93.
1378 1055 1492 1117 novos,
1511 1043 1544 1100 et
1563 1034 1645 1100 istos
1663 1057 1753 1120 gros-

333 1149 388 1193 sos
409 1127 550 1197 decanum
569 1153 591 1197 a
613 1132 842 1218 promovendis
863 1133 963 1200 habet
984 1131 1145 1222 colligere

671 1319 720 1383 32
736 1333 783 1381 on
804 1332 897 1384 noco
919 1333 1061 1383 emron
1081 1331 1375 1382 monucnrouuu.

892 1451 951 1516 vau
967 1467 992 1504 ι.
1010 1451 1047 1504 ει.
1067 1452 1108 1515 24,
1127 1451 1150 1502 1.

414 1559 497 1627 Item
517 1563 691 1650 prandium
711 1564 986 1632 licenciandorum
1006 1567 1077 1632 fieri
1097 1565 1194 1632 debet
1213 1567 1248 1630 in
1268 1563 1377 1650 aliquo
1398 1563 1626 1650 collegiorum,
1654 1574 1686 1630 ct
1705 1566 1753 1630 iu·

292 1659 427 1724 l⁰terim
458 1660 545 1748 quod
566 1663 737 1750 collegium
762 1667 870 1730 minus
891 1689 957 1731 non
978 1675 1028 1732 est
1049 1665 1092 1732 ad
1112 1664 1251 1754 aliquem
1271 1663 1376 1730 locum
1398 1673 1630 1752 competentem
1650 1671 1752 1728 cans-

328 1756 445 1841 latum,
473 1760 530 1824 fiat
550 1763 585 1826 in
607 1763 743 1851 collegio
769 1765 905 1849 maiori3
938 1766 1026 1830 facta
1046 1787 1125 1831 vero
1147 1763 1331 1831 huiusmodi
1351 1762 1582 1845 translacione,
1612 1761 1753 1828 decanus

328 1877 388 1943 pro
408 1867 484 1924 tunc
505 1863 647 1927 existens
671 1861 771 1930 habet
793 1885 917 1952 ponere
940 1863 983 1928 ad
1005 1863 1220 1952 quodcunque
1241 1861 1449 1950 collegiorum
1470 1862 1534 1928 sibi
1555 1861 1669 1951 placet

728 2051 777 2113 33.
799 2064 846 2112 nu
867 2063 1063 2125 ennarrans
1084 2061 1373 2113 numerorum

886 2181 947 2246 ugr.
965 2198 990 2232 ι
1009 2182 1047 2234 ει.
1068 2182 1108 2242 21,
1128 2181 1153 2232 e.

289 2298 320 2354 tt
411 2290 493 2357 Item
513 2291 620 2358 nullus
640 2297 869 2382 magistrorum
899 2298 933 2362 iu
964 2297 1218 2362 examinatorem
1245 2292 1535 2361 examinandorum
1563 2295 1598 2360 in
1627 2291 1752 2360 artibus

331 2389 407 2478 eligi
431 2389 542 2475 debet,
570 2394 634 2460 nisi
653 2395 710 2482 qui
737 2394 965 2483 complevisset
991 2395 1155 2462 biennium
1183 2404 1217 2460 et
1244 2405 1336 2462 actus
1360 2415 1454 2477 snos,
1481 2403 1514 2460 et
1535 2415 1609 2460 cum
1629 2392 1689 2460 hoc
1709 2393 1753 2457 sit

331 2499 406 2556 sctu
427 2512 552 2577 regens.

370 2723 373 2730 -
455 2681 504 2743 34.
524 2692 666 2754 QUANDO
691 2693 959 2742 numerorius
979 2693 1301 2744 nessmnooumt
1320 2693 1417 2744 mel
1436 2693 1588 2744 numu.

888 2811 947 2876 Vgl.
964 2826 989 2863 a.
1008 2812 1046 2862 St.
1065 2811 1107 2877 20,
1126 2813 1152 2864 8.

290 2931 326 2988 ²0
419 2925 499 2992 ltem
524 2925 603 2992 nulli
632 2925 793 3014 eligantur
812 2927 1049 2991 examinatores
1070 2923 1365 3014 magistrandorum
1386 2926 1450 2992 nisi
1470 2936 1547 3015 post
1565 2925 1750 3014 inscripcio·

329 3046 403 3089 nem
424 3025 611 3092 eorundem.

298 3215 303 3226 ·
349 3197 398 3260 35.
420 3211 479 3271 our
499 3209 654 3261 rossurr
674 3211 822 3262 sumen
843 3211 890 3258 so
912 3211 1055 3260 amnes
1075 3208 1367 3276 ascomannos,
1388 3209 1434 3258 nr
1454 3209 1503 3257 oe
1524 3209 1698 3260 nemone

784 3327 1254 3398 mandamina

410 3477 492 3544 Item
519 3479 626 3545 nullus
656 3478 753 3545 debet
780 3477 908 3544 admitti
938 3479 983 3544 ad
1004 3501 1143 3546 examen
1161 3475 1420 3558 bcccalariatus,
1442 3476 1499 3563 qui
1519 3476 1613 3562 prius
1633 3477 1668 3542 in
1687 3475 1754 3540 alia

288 3576 545 3644 25universitate
569 3602 634 3645 non
661 3580 766 3661 stetit,
797 3579 861 3643 nisi
891 3578 936 3643 ad
962 3581 1068 3645 minus
1094 3580 1129 3646 in
1163 3579 1228 3644 ista
1259 3577 1385 3642 steterit
1419 3577 1514 3665 quasi
1551 3584 1586 3640 at
1619 3575 1751 3641 alterum

330 3673 499 3742 dimidium
534 3701 669 3762 annum3
706 3687 737 3743 ct
768 3677 829 3743 hoc
853 3669 971 3763 ‘quasi'
1002 3699 1067 3744 non
1096 3677 1251 3743 diminuet
1281 3674 1356 3765 plus
1383 3697 1481 3764 mam
1516 3697 1576 3740 sex
1604 3676 1751 3763 septima

331 3795 391 3840 nae
413 3785 473 3841 etc.

415 3872 475 3962 [Bl
495 3872 566 3963 59⁸]
587 3875 669 3942 Item
694 3874 801 3941 nullus
831 3877 964 3943 veniens
993 3876 1034 3943 de
1064 3876 1130 3944 alia
1155 3875 1365 3942 universitate
1387 3875 1573 3960 promoveri
1595 3871 1691 3940 debet
1708 3869 1748 3938 ad

331 3973 469 4059 gadum
498 3973 736 4040 baccalariatus
747 4024 757 4058 ‚
784 3976 848 4040 nisi
876 3977 966 4062 prius
997 3978 1122 4042 steterit
1151 3977 1186 4042 in
1212 3977 1275 4040 ista
1299 3975 1509 4040 universitate
1530 3996 1591 4062 per
1613 3972 1750 4039 medium

289 4081 453 4138 toanuum
482 4083 514 4140 et
540 4075 574 4139 in
600 4075 681 4158 ista,
709 4073 794 4140 unde
819 4075 924 4158 venit,
954 4076 1055 4142 eciam
1084 4075 1170 4140 ultra
1197 4074 1338 4140 medium
1364 4095 1502 4157 annum,
1529 4081 1561 4140 et
1583 4069 1749 4138 dnmmodo

331 4171 526 4240 sufficientes
554 4175 800 4242 informaciones
828 4175 941 4242 fecerit
961 4174 1001 4240 de
1023 4173 1195 4240 audicione
1216 4173 1372 4240 librorum
1391 4175 1426 4240 in
1447 4174 1515 4239 alia
1533 4173 1749 4239 universitate

690 4347 739 4410 36.
760 4359 807 4408 ou
830 4358 1124 4409 unsrousrosmus
1146 4357 1355 4406 onnmsnne.

878 4478 939 4542 var.
956 4492 982 4529 ι.
1002 4477 1040 4529 ει.
1057 4476 1098 4538 21,
1121 4476 1158 4528 ro.

413 4592 496 4657 Item
528 4587 632 4656 nullus
664 4591 760 4658 debet
781 4591 910 4658 admitti
933 4591 977 4657 ad
998 4611 1135 4656 examen
1155 4612 1216 4678 pro
1237 4588 1343 4676 gradu
1362 4585 1603 4654 baccalaristus
1624 4587 1659 4652 in
1679 4586 1747 4652 arti·

289 4688 411 4774 35bus,
439 4690 504 4756 nisi
532 4691 638 4755 sexies
667 4690 872 4779 responderit
902 4691 1066 4757 ordinario
1088 4699 1120 4756 et
1140 4690 1263 4756 tociens
1285 4687 1545 4755 extraordinarie
1566 4697 1634 4754 tam
1654 4685 1747 4772 magi·

335 4791 411 4855 stris
438 4812 536 4878 quam
564 4787 758 4856 baccalariis
787 4789 903 4856 diebus
928 4791 1099 4856 dominicis
1127 4789 1181 4855 vel
1214 4799 1309 4854 extra
1342 4787 1593 4877 disputantibus.
1636 4785 1748 4869 Quini

335 4888 452 4955 absens
475 4889 586 4972 fuerit,
609 4888 781 4956 dummodo
804 4889 867 4956 sibi
888 4891 1037 4975 arguitur
1063 4889 1115 4955 vel
1143 4897 1367 4975 argumentum
1395 4889 1604 4976 proponitur,
1625 4907 1746 4974 respou-

332 4991 380 5054 eio
407 4987 498 5070 talis,
529 4989 598 5053 sive
628 4988 820 5076 principalis
849 4993 918 5054 sive
945 4989 1049 5053 minue
1072 4988 1264 5076 principalis
1284 4989 1396 5071 fuerit,
1426 5008 1491 5054 non
1512 4985 1610 5054 debet
1627 5005 1746 5070 compu-

333 5090 407 5154 tari.
447 5087 539 5154 Idem
553 5085 744 5172 intelligitur
756 5088 796 5153 de
812 5086 1006 5154 bacoalariis
1020 5087 1063 5152 ad
1081 5087 1222 5174 gradum
1242 5087 1422 5176 magisterii
1443 5084 1628 5178 promoveri
1647 5081 1745 5149 volen-
