3788 6078
350 415 410 478 576
857 408 907 459 Die
931 409 1114 474 theologirche
1133 409 1261 462 emarus

431 591 524 657 Haec
545 592 654 656 omnia
679 593 707 655 si
734 593 941 678 contemptim
971 594 1147 680 praeterita
1173 594 1301 674 iterim,
1322 593 1468 678 graviter
1490 589 1764 656 animadvertendi

349 695 384 757 in
403 691 603 778 negligentes
623 689 770 756 facultati
791 702 839 774 et,
860 693 888 755 si
911 714 992 778 opus
1014 693 1125 774 fuerit,
1153 694 1250 758 etiam
1273 691 1391 756 rectori
1422 701 1454 754 et
1480 688 1612 778 publico
1641 689 1764 755 consilio

348 793 399 856 ius
425 801 457 856 et
484 799 626 877 potestas
657 799 736 854 esto.
789 789 901 876 Neque
930 793 1015 854 enim
1048 793 1143 856 unius
1173 801 1230 856 aut
1259 813 1436 878 paucorum
1470 789 1671 876 negligentia
1699 812 1764 854 con·

350 911 478 955 munem
500 911 607 953 rernm
627 890 804 974 perniciem
825 891 895 954 sine
916 913 1004 954 noxa
1025 890 1156 955 tolerari
1176 890 1291 977 placet.

789 1135 850 1224 [Bt.
865 1134 917 1225 6²]
945 1156 1099 1204 causum
1120 1156 1337 1206 sunrronuu.

953 1275 1165 1338 CapotXVH.

433 1389 628 1471 Quottannis
657 1388 754 1453 semel
779 1400 836 1454 aut
855 1388 906 1454 bis
927 1388 1069 1454 decanus
1092 1400 1246 1455 convocet
1267 1389 1439 1474 auditores,
1462 1393 1574 1478 quise
1596 1391 1765 1477 praecipue

351 1489 543 1556 dediderunt
564 1487 671 1554 studio
693 1487 876 1574 theologiae
904 1499 934 1552 et
961 1488 1142 1573 aliquorum
1169 1491 1362 1554 industriam
1389 1490 1553 1578 exploret,
1582 1501 1615 1554 et
1641 1489 1765 1553 nomina

349 1613 461 1656 eorum
482 1589 631 1655 adnotari
654 1599 759 1670 curet,
782 1599 833 1670 ut,
856 1587 1035 1674 siquando
1059 1589 1184 1654 vicinae
1208 1589 1363 1655 ecclesiae
1384 1599 1532 1676 pastores
1554 1611 1594 1652 ac
1616 1587 1764 1653 diaconos

309 1691 506 1778 tullegitent,
528 1712 570 1754 ex
592 1710 629 1753 eo
651 1687 820 1772 cathalogo
843 1687 968 1773 aliquos
993 1687 1137 1753 indicare
1159 1690 1270 1774 possit
1302 1689 1442 1754 Necesse
1459 1699 1510 1754 est
1524 1690 1623 1772 enim,
1645 1685 1763 1752 scholas

348 1791 523 1856 seminaria
545 1811 615 1853 esse
637 1787 856 1852 ecclesiarum.
907 1787 952 1851 Et
973 1785 1053 1852 haec
1073 1789 1146 1874 ipsa
1168 1786 1283 1852 decani
1305 1789 1473 1875 diligentia
1494 1789 1529 1853 in
1549 1786 1763 1853 convocandis

348 1889 549 1954 scholasticis
571 1898 604 1952 et
625 1886 836 1974 explorandis
860 1884 974 1950 studiis
996 1909 1109 1951 curam
1131 1887 1276 1952 discendi
1297 1889 1332 1952 in
1359 1887 1468 1953 mritis
1495 1899 1601 1954 acuet.

434 2006 548 2070 Visum
575 2017 625 2069 est
652 2005 713 2070 hoc
741 2025 884 2090 quoque,
906 2005 952 2084 ei,
972 2027 1067 2089 quem
1090 2005 1249 2070 seniorem
1271 2019 1389 2070 vocant
1395 2055 1405 2088 ,
1434 2015 1466 2070 et
1493 2005 1626 2070 honoris
1655 2025 1764 2068 caussa

346 2117 379 2172 et
400 2107 477 2194 quia
504 2103 590 2170 illius
617 2125 750 2190 operam
778 2102 892 2168 crebro
922 2125 999 2168 usus
1029 2103 1189 2190 postulat,
1216 2103 1352 2190 singulis
1380 2106 1475 2170 annis
1502 2103 1604 2168 tribui
1631 2103 1763 2168 florenos

305 2217 336 2272 tt
346 2207 471 2292 viginti.

908 2419 1027 2468 suum
1054 2419 1207 2468 nasoon.

945 2539 1167 2602 capurxvnt

428 2653 579 2719 Omnium
600 2652 870 2738 gubernationum
899 2653 932 2717 in
960 2654 1027 2717 vita
1055 2651 1233 2716 difficilima
1260 2661 1308 2716 est
1335 2651 1571 2734 ecclesiastica,
1600 2663 1633 2718 et
1665 2655 1764 2740 magis

346 2753 459 2818 divina
486 2774 583 2839 quam
611 2751 759 2816 humana.
812 2750 889 2816 Ideo
917 2773 976 2816 nos
1002 2753 1110 2816 omnia
1139 2751 1265 2838 legibus
1293 2751 1462 2839 complecti
1491 2774 1557 2817 non
1588 2775 1763 2840 possumus

305 2853 414 2919 wSed
435 2852 468 2918 hi
492 2851 651 2934 doctores,
674 2873 745 2915 cum
766 2849 978 2937 profiteantur
1000 2850 1088 2936 leges
1110 2851 1247 2916 traditas
1269 2872 1290 2914 a
1309 2851 1478 2938 prophetis
1500 2861 1531 2916 et
1553 2852 1713 2939 apostolis
1736 2862 1765 2916 et

345 2952 479 3017 videant
501 2951 638 3016 formam
660 2950 904 3036 gubernationis
928 2951 962 3015 in
991 2953 1154 3038 scriptura
1181 2950 1352 3031 traditam,
1381 2949 1465 3015 hanc
1491 2950 1666 3038 diligenter
1696 2975 1763 3017 con-

346 3051 541 3139 templentur
560 3061 593 3114 et
613 3053 646 3113 in
669 3051 736 3114 suis
756 3050 900 3134 negociis
920 3051 1096 3115 imitentur.
1127 3050 1165 3114 ln
1184 3051 1297 3136 primis
1319 3059 1428 3114 autem
1450 3071 1645 3116 consensum
1668 3073 1764 3140 purae

345 3151 512 3217 doctrinae
534 3151 618 3214 tueri
640 3147 791 3215 studeant
812 3160 843 3213 et
865 3150 967 3214 vitent
989 3148 1162 3214 ambitiosa
1183 3151 1268 3214 inter
1287 3173 1322 3213 se
1344 3152 1537 3232 certamina3
1559 3173 1662 3238 saepe
1683 3152 1763 3216 enim

344 3250 514 3316 ecclesiam
535 3261 567 3314 et
586 3251 723 3336 imperia
745 3247 937 3314 ambitiones
959 3271 1100 3336 pravae,
1122 3248 1352 3314 aemulationes
1372 3261 1405 3314 et
1425 3251 1583 3314 factiones
1607 3262 1764 3318 eruerunt

302 3375 335 3432 2⁵
432 3365 476 3430 Et
509 3367 597 3430 venit
629 3365 683 3430 hic
713 3367 746 3430 in
777 3375 918 3430 mentem
949 3367 1036 3448 eius,
1070 3365 1158 3452 quod
1195 3366 1402 3430 sanciverunt
1434 3364 1623 3452 ingentibus
1656 3366 1764 3452 poenis

344 3467 485 3533 maiores
507 3467 628 3548 nostri,
649 3487 707 3548 ne,
730 3475 765 3530 ut
785 3487 899 3552 saepe,
919 3463 1119 3530 baccalaurii
1146 3465 1294 3530 doctores
1322 3467 1429 3530 saevis
1457 3463 1636 3530 adficerent
1659 3475 1763 3530 conm-

345 3565 468 3648 meliis,
501 3563 557 3628 sed
589 3565 764 3630 secundum
790 3563 1003 3629 iurisiurandi
1023 3563 1195 3630 formulam
1217 3575 1402 3630 reverenter
1424 3563 1590 3630 haberent
1633 3565 1680 3630 At
1700 3587 1763 3646 nos,

345 3665 551 3731 conscientiis
568 3666 721 3752 proprius
739 3661 919 3730 consultum
935 3665 1102 3751 cupientes
1125 3687 1194 3747 nec,
1215 3664 1294 3750 quid
1317 3674 1348 3728 et
1367 3673 1435 3728 trrm
1457 3667 1611 3746 evenerit,
1633 3685 1763 3752 prorsus

346 3767 464 3851 ignari,
483 3776 636 3853 utrosque
658 3763 738 3828 illud
755 3762 848 3828 Pauli
870 3761 1018 3828 iubemus
1040 3776 1076 3829 ut
1098 3786 1226 3850 semper
1248 3763 1391 3828 habeant
1409 3766 1442 3828 in
1464 3763 1567 3829 oculis
1591 3775 1623 3829 et
1645 3767 1763 3828 animo:

302 3864 462 3947 30„Filii,
493 3864 622 3930 obedite
644 3863 834 3952 parentibus
855 3865 972 3928 vestris
994 3865 1027 3928 in
1049 3863 1196 3944 domino,
1228 3875 1259 3929 et
1287 3875 1413 3950 patres,
1440 3863 1540 3929 nolite
1566 3864 1611 3928 ad
1642 3865 1763 3928 iracun-

346 3962 433 4028 diam
456 3985 636 4050 provocare
657 3961 740 4028 lilios
762 3973 904 4044 vestroe,
924 3962 983 4028 sed
1005 3961 1140 4028 educate
1162 3963 1235 4030 illos
1257 3965 1291 4028 in
1317 3961 1491 4050 disciplina
1513 3975 1545 4028 et
1566 3965 1763 4028 corrections

343 4062 496 4128 domini.“

428 4161 646 4250 Volumusque
667 4161 752 4243 ideo,
773 4171 817 4243 ut,
840 4182 911 4225 cum
934 4161 1083 4228 doctrina
1102 4171 1199 4250 atque
1221 4163 1289 4227 vita
1310 4163 1376 4226 suis
1399 4171 1565 4248 praeeant,
1587 4161 1709 4228 nullum
1727 4161 1763 4226 de

345 4283 380 4326 se
400 4263 599 4327 morositatis
620 4273 677 4326 aut
697 4259 880 4348 tyrannidis
901 4261 1085 4349 exemplum
1108 4265 1246 4328 maiores
1269 4261 1464 4348 praebeant,
1488 4261 1548 4328 sed
1571 4265 1763 4348 gravitatem

306 4372 441 4428 ahenam
456 4361 556 4424 animi
574 4360 766 4426 dexteritate
781 4359 976 4450 lenitateque
997 4384 1121 4427 morum
1144 4372 1334 4448 exaequent,
1356 4362 1474 4447 quibus
1497 4361 1574 4427 solis
1597 4362 1763 4449 parabitur

348 4463 390 4528 iis
413 4457 501 4547 apud
524 4481 600 4524 suos
628 4459 815 4526 authoritas.
876 4459 974 4540 Quod
1007 4463 1033 4524 si
1065 4463 1137 4550 quis
1173 4483 1250 4526 vero
1283 4485 1300 4526 e
1332 4459 1548 4528 studiosorum
1581 4485 1682 4549 grege
1712 4471 1764 4526 ant

348 4559 638 4627 baccalaureorum
669 4561 852 4647 quempiam
880 4583 897 4624 e
926 4560 1103 4625 maioribus
1125 4559 1306 4646 petulanter
1329 4559 1514 4644 offenderit,
1543 4561 1715 4649 collegium
1734 4572 1764 4626 et

349 4673 466 4744 rector,
488 4662 516 4724 si
536 4680 618 4744 opus
639 4659 744 4742 luerit,
764 4659 804 4724 de
825 4658 881 4724 illo
903 4661 951 4725 sic
973 4682 1096 4746 poenas
1117 4670 1261 4743 sumant,
1289 4669 1324 4724 ut
1346 4681 1366 4724 a
1388 4662 1526 4726 caeteris
1545 4659 1700 4750 deinceps
1720 4663 1763 4726 in·

347 4761 470 4827 violata
491 4769 640 4824 teneatur
662 4761 777 4824 aetatis
799 4769 832 4824 et
853 4781 1013 4846 personae
1038 4763 1221 4824 reverentia
1248 4770 1279 4824 et
1306 4758 1496 4834 authoritas.

305 4887 339 4944 to
432 4876 625 4942 Auditorum
654 4876 750 4940 etiam
779 4876 910 4962 ingenia
937 4875 1110 4942 observent
1136 4875 1302 4960 doctores,
1330 4886 1371 4958 et,
1395 4879 1517 4964 siquis
1543 4879 1694 4966 petulans
1713 4879 1761 4944 de

351 4975 523 5042 lactabitur
545 4977 657 5063 pravis
679 4975 901 5060 opinionibus,
929 4976 1013 5040 huuc
1033 4985 1184 5040 vocatum
1205 4975 1249 5040 ad
1269 4975 1441 5062 collegium
1464 4977 1662 5044 admoneant
1681 4989 1713 5044 et
1731 4980 1762 5044 in

351 5078 437 5144 viam
458 5085 620 5162 revocent,
642 5084 846 5140 contumaces
869 5097 946 5140 vero
968 5097 1080 5140 severe
1101 5075 1302 5144 coherceant.
1332 5075 1442 5142 Mores
1464 5079 1561 5144 etiam
1583 5079 1762 5146 auditorum
