<?xml version="1.0" encoding="UTF-8"?>
<!DOCTYPE html PUBLIC "-//W3C//DTD XHTML 1.0 Transitional//EN"
    "http://www.w3.org/TR/xhtml1/DTD/xhtml1-transitional.dtd">
<html xmlns="http://www.w3.org/1999/xhtml" xml:lang="en" lang="en">
 <head>
  <title>
</title>
<meta http-equiv="Content-Type" content="text/html;charset=utf-8" />
  <meta name='ocr-system' content='tesseract 3.04.00' />
  <meta name='ocr-capabilities' content='ocr_page ocr_carea ocr_par ocr_line ocrx_word'/>
</head>
<body>
  <div class='ocr_page' id='page_1' title='image "./diestatutenbche00leipgoog_0552.png"; bbox 0 0 3762 6074; ppageno 0'>
   <div class='ocr_carea' id='block_1_1' title="bbox 496 513 1536 584">
    <p class='ocr_par' dir='ltr' id='par_1_1' title="bbox 496 513 1536 584">
     <span class='ocr_line' id='line_1_1' title="bbox 496 513 1536 584; baseline 0.007 -16"><span class='ocrx_word' id='word_1_1' title='bbox 496 515 583 568; x_wconf 74' lang='lat' dir='ltr'><strong>Ariste</strong></span> <span class='ocrx_word' id='word_1_2' title='bbox 609 514 879 571; x_wconf 77' lang='lat' dir='ltr'><strong>Statutsnredsction.</strong></span> <span class='ocrx_word' id='word_1_3' title='bbox 903 531 963 566; x_wconf 85' lang='lat' dir='ltr'><strong>vom</strong></span> <span class='ocrx_word' id='word_1_4' title='bbox 988 515 1070 568; x_wconf 82' lang='lat' dir='ltr'><strong>Jahre</strong></span> <span class='ocrx_word' id='word_1_5' title='bbox 1091 513 1161 569; x_wconf 70' lang='lat'>1558.</span> <span class='ocrx_word' id='word_1_6' title='bbox 1476 517 1536 584; x_wconf 82' lang='lat'><strong>533</strong></span> 
     </span>
    </p>
   </div>
   <div class='ocr_carea' id='block_1_2' title="bbox 106 697 1574 1284">
    <p class='ocr_par' dir='ltr' id='par_1_2' title="bbox 106 697 1574 1284">
     <span class='ocr_line' id='line_1_2' title="bbox 111 697 1531 786; baseline 0.001 -21"><span class='ocrx_word' id='word_1_7' title='bbox 111 697 325 786; x_wconf 73' lang='lat' dir='ltr'>procedentes</span> <span class='ocrx_word' id='word_1_8' title='bbox 346 721 412 765; x_wconf 87' lang='lat' dir='ltr'><strong>non</strong></span> <span class='ocrx_word' id='word_1_9' title='bbox 430 701 527 766; x_wconf 90' lang='lat' dir='ltr'><strong>modo</strong></span> <span class='ocrx_word' id='word_1_10' title='bbox 551 722 616 767; x_wconf 89' lang='lat' dir='ltr'><strong>nou</strong></span> <span class='ocrx_word' id='word_1_11' title='bbox 649 699 800 766; x_wconf 86' lang='lat' dir='ltr'><strong>aberrent</strong></span> <span class='ocrx_word' id='word_1_12' title='bbox 827 699 885 766; x_wconf 90' lang='lat' dir='ltr'><strong>sed</strong></span> <span class='ocrx_word' id='word_1_13' title='bbox 912 699 1036 766; x_wconf 84' lang='lat' dir='ltr'><strong>directo</strong></span> <span class='ocrx_word' id='word_1_14' title='bbox 1064 699 1180 764; x_wconf 87' lang='lat' dir='ltr'><strong>itinere</strong></span> <span class='ocrx_word' id='word_1_15' title='bbox 1203 721 1257 782; x_wconf 90' lang='lat' dir='ltr'><strong>eo,</strong></span> <span class='ocrx_word' id='word_1_16' title='bbox 1283 719 1346 786; x_wconf 89' lang='lat' dir='ltr'><strong>quo</strong></span> <span class='ocrx_word' id='word_1_17' title='bbox 1376 697 1531 782; x_wconf 85' lang='lat' dir='ltr'><strong>tenditur,</strong></span> 
     </span>
     <span class='ocr_line' id='line_1_3' title="bbox 108 798 1534 886; baseline 0.001 -22"><span class='ocrx_word' id='word_1_18' title='bbox 108 799 310 886; x_wconf 86' lang='lat' dir='ltr'><strong>perveniant.</strong></span> <span class='ocrx_word' id='word_1_19' title='bbox 354 798 399 864; x_wconf 90' lang='lat' dir='ltr'><strong>Ut</strong></span> <span class='ocrx_word' id='word_1_20' title='bbox 419 809 525 864; x_wconf 88' lang='lat' dir='ltr'><strong>autem</strong></span> <span class='ocrx_word' id='word_1_21' title='bbox 545 800 630 865; x_wconf 88' lang='lat' dir='ltr'><strong>aliae</strong></span> <span class='ocrx_word' id='word_1_22' title='bbox 651 822 703 864; x_wconf 89' lang='lat' dir='ltr'><strong>res</strong></span> <span class='ocrx_word' id='word_1_23' title='bbox 724 801 758 864; x_wconf 91' lang='lat' dir='ltr'><strong>in</strong></span> <span class='ocrx_word' id='word_1_24' title='bbox 777 800 945 866; x_wconf 90' lang='lat' dir='ltr'><strong>hominnm</strong></span> <span class='ocrx_word' id='word_1_25' title='bbox 967 801 1036 866; x_wconf 83' lang='lat' dir='ltr'><strong>vita</strong></span> <span class='ocrx_word' id='word_1_26' title='bbox 1056 798 1257 886; x_wconf 83' lang='lat' dir='ltr'><strong>temporibus</strong></span> <span class='ocrx_word' id='word_1_27' title='bbox 1289 807 1463 882; x_wconf 84' lang='lat' dir='ltr'><strong>mutantur,</strong></span> <span class='ocrx_word' id='word_1_28' title='bbox 1487 801 1534 865; x_wconf 92' lang='lat' dir='ltr'><strong>sic</strong></span> 
     </span>
     <span class='ocr_line' id='line_1_4' title="bbox 109 898 1535 987; baseline 0.001 -24"><span class='ocrx_word' id='word_1_29' title='bbox 109 898 293 966; x_wconf 85' lang='lat' dir='ltr'><strong>studiorum</strong></span> <span class='ocrx_word' id='word_1_30' title='bbox 314 918 442 986; x_wconf 91' lang='lat' dir='ltr'><strong>quoqne</strong></span> <span class='ocrx_word' id='word_1_31' title='bbox 463 908 620 964; x_wconf 85' lang='lat' dir='ltr'><strong>tractatus</strong></span> <span class='ocrx_word' id='word_1_32' title='bbox 648 921 713 963; x_wconf 91' lang='lat' dir='ltr'><strong>non</strong></span> <span class='ocrx_word' id='word_1_33' title='bbox 735 899 821 964; x_wconf 92' lang='lat' dir='ltr'><strong>idem</strong></span> <span class='ocrx_word' id='word_1_34' title='bbox 853 921 982 987; x_wconf 78' lang='lat' dir='ltr'><strong>semper</strong></span> <span class='ocrx_word' id='word_1_35' title='bbox 1010 920 1082 964; x_wconf 89' lang='lat' dir='ltr'><strong>esse</strong></span> <span class='ocrx_word' id='word_1_36' title='bbox 1108 907 1225 983; x_wconf 82' lang='lat' dir='ltr'><strong>potest.</strong></span> <span class='ocrx_word' id='word_1_37' title='bbox 1267 898 1380 984; x_wconf 85' lang='lat' dir='ltr'>Neque</span> <span class='ocrx_word' id='word_1_38' title='bbox 1407 922 1466 965; x_wconf 89' lang='lat' dir='ltr'><strong>nos</strong></span> <span class='ocrx_word' id='word_1_39' title='bbox 1494 899 1535 964; x_wconf 91' lang='lat' dir='ltr'><strong>de</strong></span> 
     </span>
     <span class='ocr_line' id='line_1_5' title="bbox 108 997 1536 1085; baseline 0.001 -23"><span class='ocrx_word' id='word_1_40' title='bbox 108 997 296 1084; x_wconf 83' lang='lat' dir='ltr'><strong>praeteritis</strong></span> <span class='ocrx_word' id='word_1_41' title='bbox 318 997 486 1084; x_wconf 89' lang='lat' dir='ltr'><strong>disputare</strong></span> <span class='ocrx_word' id='word_1_42' title='bbox 507 1021 639 1064; x_wconf 89' lang='lat' dir='ltr'><strong>necesse</strong></span> <span class='ocrx_word' id='word_1_43' title='bbox 668 1007 718 1063; x_wconf 88' lang='lat' dir='ltr'><strong>est</strong></span> <span class='ocrx_word' id='word_1_44' title='bbox 747 1008 804 1062; x_wconf 87' lang='lat' dir='ltr'><strong>aut</strong></span> <span class='ocrx_word' id='word_1_45' title='bbox 825 998 930 1080; x_wconf 91' lang='lat' dir='ltr'><strong>decet,</strong></span> <span class='ocrx_word' id='word_1_46' title='bbox 958 1021 998 1063; x_wconf 94' lang='lat' dir='ltr'><strong>ac</strong></span> <span class='ocrx_word' id='word_1_47' title='bbox 1027 997 1137 1085; x_wconf 90' lang='lat' dir='ltr'><strong>potius</strong></span> <span class='ocrx_word' id='word_1_48' title='bbox 1166 999 1320 1063; x_wconf 90' lang='lat' dir='ltr'><strong>convenit</strong></span> <span class='ocrx_word' id='word_1_49' title='bbox 1349 999 1536 1085; x_wconf 88' lang='lat' dir='ltr'><strong>praesentia</strong></span> 
     </span>
     <span class='ocr_line' id='line_1_6' title="bbox 106 1095 1574 1184; baseline 0.001 -23"><span class='ocrx_word' id='word_1_50' title='bbox 106 1095 196 1162; x_wconf 91' lang='lat' dir='ltr'><strong>bona</strong></span> <span class='ocrx_word' id='word_1_51' title='bbox 216 1105 248 1161; x_wconf 89' lang='lat' dir='ltr'><strong>et</strong></span> <span class='ocrx_word' id='word_1_52' title='bbox 267 1106 380 1162; x_wconf 88' lang='lat' dir='ltr'><strong>nostra</strong></span> <span class='ocrx_word' id='word_1_53' title='bbox 401 1118 511 1162; x_wconf 89' lang='lat' dir='ltr'><strong>amare</strong></span> <span class='ocrx_word' id='word_1_54' title='bbox 532 1108 564 1164; x_wconf 87' lang='lat' dir='ltr'><strong>et</strong></span> <span class='ocrx_word' id='word_1_55' title='bbox 584 1097 803 1184; x_wconf 80' lang='lat' dir='ltr'><strong>magnifacere</strong></span> <span class='ocrx_word' id='word_1_56' title='bbox 823 1106 919 1184; x_wconf 89' lang='lat' dir='ltr'><strong>atque</strong></span> <span class='ocrx_word' id='word_1_57' title='bbox 941 1099 1034 1179; x_wconf 87' lang='lat' dir='ltr'><strong>tueri,</strong></span> <span class='ocrx_word' id='word_1_58' title='bbox 1057 1117 1161 1183; x_wconf 89' lang='lat' dir='ltr'><strong>neque</strong></span> <span class='ocrx_word' id='word_1_59' title='bbox 1186 1098 1396 1179; x_wconf 84' lang='lat' dir='ltr'><strong>committere,</strong></span> <span class='ocrx_word' id='word_1_60' title='bbox 1418 1108 1454 1162; x_wconf 92' lang='lat' dir='ltr'><strong>ut</strong></span> <span class='ocrx_word' id='word_1_61' title='bbox 1476 1119 1529 1162; x_wconf 88' lang='lat' dir='ltr'><strong>ve·</strong></span> <span class='ocrx_word' id='word_1_62' title='bbox 1557 1105 1574 1162; x_wconf 82' lang='lat'><strong>5</strong></span> 
     </span>
     <span class='ocr_line' id='line_1_7' title="bbox 106 1194 1533 1284; baseline 0.001 -24"><span class='ocrx_word' id='word_1_63' title='bbox 106 1197 239 1260; x_wconf 86' lang='lat' dir='ltr'><strong>ritatem</strong></span> <span class='ocrx_word' id='word_1_64' title='bbox 259 1196 453 1283; x_wconf 82' lang='lat' dir='ltr'><strong>patefactam</strong></span> <span class='ocrx_word' id='word_1_65' title='bbox 475 1207 507 1262; x_wconf 88' lang='lat' dir='ltr'><strong>st</strong></span> <span class='ocrx_word' id='word_1_66' title='bbox 527 1198 654 1284; x_wconf 89' lang='lat' dir='ltr'><strong>copiam</strong></span> <span class='ocrx_word' id='word_1_67' title='bbox 689 1195 879 1262; x_wconf 88' lang='lat' dir='ltr'><strong>eruditionis</strong></span> <span class='ocrx_word' id='word_1_68' title='bbox 907 1199 1013 1262; x_wconf 89' lang='lat' dir='ltr'><strong>minus</strong></span> <span class='ocrx_word' id='word_1_69' title='bbox 1042 1194 1160 1282; x_wconf 90' lang='lat' dir='ltr'><strong>cupide</strong></span> <span class='ocrx_word' id='word_1_70' title='bbox 1192 1196 1336 1283; x_wconf 82' lang='lat' dir='ltr'><strong>amplexi</strong></span> <span class='ocrx_word' id='word_1_71' title='bbox 1367 1196 1533 1284; x_wconf 87' lang='lat' dir='ltr'><strong>negligen-</strong></span> 
     </span>
    </p>
   </div>
   <div class='ocr_carea' id='block_1_3' title="bbox 101 1294 1573 2378">
    <p class='ocr_par' dir='ltr' id='par_1_3' title="bbox 101 1294 1573 2378">
     <span class='ocr_line' id='line_1_8' title="bbox 105 1294 1534 1383; baseline 0.001 -24"><span class='ocrx_word' id='word_1_72' title='bbox 105 1295 235 1380; x_wconf 86' lang='lat' dir='ltr'><strong>tiusque</strong></span> <span class='ocrx_word' id='word_1_73' title='bbox 256 1295 429 1360; x_wconf 77' lang='lat' dir='ltr'><strong>retinuisse</strong></span> <span class='ocrx_word' id='word_1_74' title='bbox 448 1295 635 1374; x_wconf 86' lang='lat' dir='ltr'><strong>videamur,</strong></span> <span class='ocrx_word' id='word_1_75' title='bbox 666 1317 763 1382; x_wconf 88' lang='lat' dir='ltr'><strong>quam</strong></span> <span class='ocrx_word' id='word_1_76' title='bbox 790 1294 890 1361; x_wconf 93' lang='lat' dir='ltr'><strong>dnbia</strong></span> <span class='ocrx_word' id='word_1_77' title='bbox 913 1298 1100 1383; x_wconf 87' lang='lat' dir='ltr'><strong>incertaque</strong></span> <span class='ocrx_word' id='word_1_78' title='bbox 1121 1304 1153 1360; x_wconf 90' lang='lat' dir='ltr'><strong>et</strong></span> <span class='ocrx_word' id='word_1_79' title='bbox 1173 1295 1295 1360; x_wconf 87' lang='lat' dir='ltr'><strong>inculta</strong></span> <span class='ocrx_word' id='word_1_80' title='bbox 1325 1298 1360 1360; x_wconf 93' lang='lat' dir='ltr'><strong>in</strong></span> <span class='ocrx_word' id='word_1_81' title='bbox 1381 1295 1534 1383; x_wconf 82' lang='lat' dir='ltr'><strong>quadam,</strong></span> 
     </span>
     <span class='ocr_line' id='line_1_9' title="bbox 105 1393 1534 1483; baseline 0 -23"><span class='ocrx_word' id='word_1_82' title='bbox 105 1405 144 1460; x_wconf 90' lang='lat' dir='ltr'><strong>ut</strong></span> <span class='ocrx_word' id='word_1_83' title='bbox 170 1397 218 1459; x_wconf 80' lang='lat' dir='ltr'><strong>ita</strong></span> <span class='ocrx_word' id='word_1_84' title='bbox 244 1393 370 1478; x_wconf 90' lang='lat' dir='ltr'><strong>dicam,</strong></span> <span class='ocrx_word' id='word_1_85' title='bbox 414 1405 561 1482; x_wconf 87' lang='lat' dir='ltr'><strong>egestate</strong></span> <span class='ocrx_word' id='word_1_86' title='bbox 593 1393 772 1461; x_wconf 88' lang='lat' dir='ltr'><strong>studiorum</strong></span> <span class='ocrx_word' id='word_1_87' title='bbox 802 1396 919 1483; x_wconf 90' lang='lat' dir='ltr'><strong>cupide</strong></span> <span class='ocrx_word' id='word_1_88' title='bbox 951 1403 1088 1482; x_wconf 86' lang='lat' dir='ltr'><strong>accepta</strong></span> <span class='ocrx_word' id='word_1_89' title='bbox 1115 1403 1146 1460; x_wconf 90' lang='lat' dir='ltr'><strong>et</strong></span> <span class='ocrx_word' id='word_1_90' title='bbox 1173 1393 1312 1460; x_wconf 84' lang='lat' dir='ltr'><strong>fideliter</strong></span> <span class='ocrx_word' id='word_1_91' title='bbox 1340 1395 1474 1461; x_wconf 87' lang='lat' dir='ltr'><strong>defensa</strong></span> <span class='ocrx_word' id='word_1_92' title='bbox 1501 1405 1534 1460; x_wconf 85' lang='lat' dir='ltr'><strong>et</strong></span> 
     </span>
     <span class='ocr_line' id='line_1_10' title="bbox 107 1492 1533 1582; baseline 0.001 -24"><span class='ocrx_word' id='word_1_93' title='bbox 107 1503 238 1559; x_wconf 73' lang='lat' dir='ltr'><strong>suenus</strong></span> <span class='ocrx_word' id='word_1_94' title='bbox 261 1492 428 1558; x_wconf 89' lang='lat' dir='ltr'><strong>elaborata</strong></span> <span class='ocrx_word' id='word_1_95' title='bbox 447 1495 547 1560; x_wconf 75' lang='lat' dir='ltr'><strong>luisse</strong></span> <span class='ocrx_word' id='word_1_96' title='bbox 577 1495 706 1560; x_wconf 91' lang='lat' dir='ltr'><strong>scimus.</strong></span> <span class='ocrx_word' id='word_1_97' title='bbox 750 1493 928 1581; x_wconf 78' lang='lat' dir='ltr'><strong>Speremus</strong></span> <span class='ocrx_word' id='word_1_98' title='bbox 954 1505 1063 1560; x_wconf 88' lang='lat' dir='ltr'><strong>autem</strong></span> <span class='ocrx_word' id='word_1_99' title='bbox 1091 1517 1146 1576; x_wconf 90' lang='lat' dir='ltr'><strong>ea,</strong></span> <span class='ocrx_word' id='word_1_100' title='bbox 1180 1515 1263 1580; x_wconf 89' lang='lat' dir='ltr'><strong>quac</strong></span> <span class='ocrx_word' id='word_1_101' title='bbox 1289 1494 1351 1560; x_wconf 89' lang='lat' dir='ltr'><strong>hoc</strong></span> <span class='ocrx_word' id='word_1_102' title='bbox 1376 1505 1533 1582; x_wconf 86' lang='lat' dir='ltr'><strong>tempore,</strong></span> 
     </span>
     <span class='ocr_line' id='line_1_11' title="bbox 105 1592 1573 1682; baseline 0.002 -25"><span class='ocrx_word' id='word_1_103' title='bbox 105 1593 347 1660; x_wconf 84' lang='lat' dir='ltr'><strong>communicata</strong></span> <span class='ocrx_word' id='word_1_104' title='bbox 367 1615 404 1659; x_wconf 90' lang='lat' dir='ltr'><strong>re</strong></span> <span class='ocrx_word' id='word_1_105' title='bbox 426 1603 554 1682; x_wconf 89' lang='lat' dir='ltr'><strong>etpost</strong></span> <span class='ocrx_word' id='word_1_106' title='bbox 576 1603 764 1660; x_wconf 88' lang='lat' dir='ltr'><strong>accuratam</strong></span> <span class='ocrx_word' id='word_1_107' title='bbox 786 1592 1062 1677; x_wconf 78' lang='lat' dir='ltr'><strong>deliberationem,</strong></span> <span class='ocrx_word' id='word_1_108' title='bbox 1084 1593 1250 1681; x_wconf 85' lang='lat' dir='ltr'><strong>descripta</strong></span> <span class='ocrx_word' id='word_1_109' title='bbox 1272 1603 1360 1676; x_wconf 88' lang='lat' dir='ltr'><strong>sunt,</strong></span> <span class='ocrx_word' id='word_1_110' title='bbox 1381 1616 1528 1682; x_wconf 88' lang='lat' dir='ltr'><strong>quaeque</strong></span> <span class='ocrx_word' id='word_1_111' title='bbox 1542 1603 1573 1660; x_wconf 80' lang='lat'><strong>1⁰</strong></span> 
     </span>
     <span class='ocr_line' id='line_1_12' title="bbox 104 1691 1533 1781; baseline 0.001 -24"><span class='ocrx_word' id='word_1_112' title='bbox 104 1703 217 1759; x_wconf 88' lang='lat' dir='ltr'><strong>vetere</strong></span> <span class='ocrx_word' id='word_1_113' title='bbox 239 1693 471 1758; x_wconf 87' lang='lat' dir='ltr'><strong>consuetudine</strong></span> <span class='ocrx_word' id='word_1_114' title='bbox 493 1715 514 1758; x_wconf 91' lang='lat' dir='ltr'><strong>a</strong></span> <span class='ocrx_word' id='word_1_115' title='bbox 536 1693 737 1780; x_wconf 87' lang='lat' dir='ltr'><strong>singulorum</strong></span> <span class='ocrx_word' id='word_1_116' title='bbox 761 1694 964 1758; x_wconf 85' lang='lat' dir='ltr'><strong>semestrium</strong></span> <span class='ocrx_word' id='word_1_117' title='bbox 989 1692 1122 1758; x_wconf 90' lang='lat' dir='ltr'><strong>decanis</strong></span> <span class='ocrx_word' id='word_1_118' title='bbox 1148 1691 1278 1780; x_wconf 88' lang='lat' dir='ltr'><strong>publice</strong></span> <span class='ocrx_word' id='word_1_119' title='bbox 1309 1692 1463 1781; x_wconf 81' lang='lat' dir='ltr'><strong>deinceps</strong></span> <span class='ocrx_word' id='word_1_120' title='bbox 1484 1716 1533 1758; x_wconf 91' lang='lat' dir='ltr'><strong>rs·</strong></span> 
     </span>
     <span class='ocr_line' id='line_1_13' title="bbox 104 1791 1533 1880; baseline 0.001 -22"><span class='ocrx_word' id='word_1_121' title='bbox 104 1792 239 1858; x_wconf 86' lang='lat' dir='ltr'><strong>citanda</strong></span> <span class='ocrx_word' id='word_1_122' title='bbox 260 1792 467 1875; x_wconf 89' lang='lat' dir='ltr'><strong>curabuntur,</strong></span> <span class='ocrx_word' id='word_1_123' title='bbox 490 1815 529 1858; x_wconf 88' lang='lat' dir='ltr'><strong>ea</strong></span> <span class='ocrx_word' id='word_1_124' title='bbox 550 1815 730 1880; x_wconf 91' lang='lat' dir='ltr'><strong>speramus,</strong></span> <span class='ocrx_word' id='word_1_125' title='bbox 753 1816 825 1858; x_wconf 90' lang='lat' dir='ltr'><strong>cum</strong></span> <span class='ocrx_word' id='word_1_126' title='bbox 846 1792 977 1880; x_wconf 89' lang='lat' dir='ltr'><strong>quidem</strong></span> <span class='ocrx_word' id='word_1_127' title='bbox 1009 1815 1088 1857; x_wconf 85' lang='lat' dir='ltr'><strong>vera</strong></span> <span class='ocrx_word' id='word_1_128' title='bbox 1114 1795 1179 1856; x_wconf 84' lang='lat' dir='ltr'><strong>siut</strong></span> <span class='ocrx_word' id='word_1_129' title='bbox 1207 1802 1239 1856; x_wconf 88' lang='lat' dir='ltr'><strong>et</strong></span> <span class='ocrx_word' id='word_1_130' title='bbox 1267 1791 1310 1857; x_wconf 88' lang='lat' dir='ltr'><strong>ad</strong></span> <span class='ocrx_word' id='word_1_131' title='bbox 1332 1793 1461 1860; x_wconf 86' lang='lat' dir='ltr'><strong>virtutis</strong></span> <span class='ocrx_word' id='word_1_132' title='bbox 1482 1816 1533 1860; x_wconf 85' lang='lat' dir='ltr'><strong>sa·</strong></span> 
     </span>
     <span class='ocr_line' id='line_1_14' title="bbox 104 1889 1533 1981; baseline 0 -25"><span class='ocrx_word' id='word_1_133' title='bbox 104 1893 314 1979; x_wconf 89' lang='lat' dir='ltr'><strong>pientiaeque</strong></span> <span class='ocrx_word' id='word_1_134' title='bbox 335 1915 482 1958; x_wconf 86' lang='lat' dir='ltr'><strong>normam</strong></span> <span class='ocrx_word' id='word_1_135' title='bbox 504 1892 675 1981; x_wconf 78' lang='lat' dir='ltr'><strong>quadrent,</strong></span> <span class='ocrx_word' id='word_1_136' title='bbox 696 1914 761 1956; x_wconf 90' lang='lat' dir='ltr'><strong>non</strong></span> <span class='ocrx_word' id='word_1_137' title='bbox 782 1893 888 1958; x_wconf 89' lang='lat' dir='ltr'><strong>miuus</strong></span> <span class='ocrx_word' id='word_1_138' title='bbox 910 1896 1008 1958; x_wconf 87' lang='lat' dir='ltr'><strong>etiam</strong></span> <span class='ocrx_word' id='word_1_139' title='bbox 1028 1893 1120 1979; x_wconf 92' lang='lat' dir='ltr'><strong>quasi</strong></span> <span class='ocrx_word' id='word_1_140' title='bbox 1143 1889 1208 1981; x_wconf 78' lang='lat'>[41]</span> <span class='ocrx_word' id='word_1_141' title='bbox 1232 1892 1395 1980; x_wconf 87' lang='lat' dir='ltr'><strong>elegantia</strong></span> <span class='ocrx_word' id='word_1_142' title='bbox 1411 1902 1443 1958; x_wconf 90' lang='lat' dir='ltr'><strong>et</strong></span> <span class='ocrx_word' id='word_1_143' title='bbox 1463 1915 1533 1978; x_wconf 82' lang='lat' dir='ltr'><strong>spe</strong></span> 
     </span>
     <span class='ocr_line' id='line_1_15' title="bbox 104 1991 1535 2081; baseline -0.001 -25"><span class='ocrx_word' id='word_1_144' title='bbox 104 1992 190 2056; x_wconf 88' lang='lat' dir='ltr'><strong>ticsa</strong></span> <span class='ocrx_word' id='word_1_145' title='bbox 220 2013 291 2056; x_wconf 88' lang='lat' dir='ltr'><strong>esse</strong></span> <span class='ocrx_word' id='word_1_146' title='bbox 317 2013 414 2081; x_wconf 90' lang='lat' dir='ltr'><strong>quam</strong></span> <span class='ocrx_word' id='word_1_147' title='bbox 443 1991 508 2056; x_wconf 90' lang='lat' dir='ltr'><strong>alia</strong></span> <span class='ocrx_word' id='word_1_148' title='bbox 540 1995 669 2080; x_wconf 79' lang='lat' dir='ltr'><strong>uspiam</strong></span> <span class='ocrx_word' id='word_1_149' title='bbox 692 1993 876 2057; x_wconf 84' lang='lat' dir='ltr'><strong>constituta.</strong></span> <span class='ocrx_word' id='word_1_150' title='bbox 918 1993 1014 2059; x_wconf 80' lang='lat' dir='ltr'><strong>Certe</strong></span> <span class='ocrx_word' id='word_1_151' title='bbox 1035 2015 1095 2081; x_wconf 90' lang='lat' dir='ltr'><strong>pro</strong></span> <span class='ocrx_word' id='word_1_152' title='bbox 1115 2000 1296 2079; x_wconf 87' lang='lat' dir='ltr'><strong>temporum</strong></span> <span class='ocrx_word' id='word_1_153' title='bbox 1319 2001 1351 2056; x_wconf 90' lang='lat' dir='ltr'><strong>et</strong></span> <span class='ocrx_word' id='word_1_154' title='bbox 1370 1991 1535 2056; x_wconf 90' lang='lat' dir='ltr'><strong>hominum</strong></span> 
     </span>
     <span class='ocr_line' id='line_1_16' title="bbox 104 2089 1570 2180; baseline -0.001 -24"><span class='ocrx_word' id='word_1_155' title='bbox 104 2100 205 2178; x_wconf 89' lang='lat' dir='ltr'><strong>captu</strong></span> <span class='ocrx_word' id='word_1_156' title='bbox 226 2089 399 2156; x_wconf 87' lang='lat' dir='ltr'><strong>utilitatem</strong></span> <span class='ocrx_word' id='word_1_157' title='bbox 421 2092 633 2178; x_wconf 87' lang='lat' dir='ltr'><strong>praeeipuam</strong></span> <span class='ocrx_word' id='word_1_158' title='bbox 652 2091 703 2173; x_wconf 93' lang='lat' dir='ltr'><strong>iis,</strong></span> <span class='ocrx_word' id='word_1_159' title='bbox 726 2093 781 2180; x_wconf 94' lang='lat' dir='ltr'><strong>qui</strong></span> <span class='ocrx_word' id='word_1_160' title='bbox 803 2093 894 2178; x_wconf 89' lang='lat' dir='ltr'><strong>sequi</strong></span> <span class='ocrx_word' id='word_1_161' title='bbox 916 2091 1085 2174; x_wconf 86' lang='lat' dir='ltr'><strong>voluerint,</strong></span> <span class='ocrx_word' id='word_1_162' title='bbox 1108 2091 1189 2156; x_wconf 88' lang='lat' dir='ltr'><strong>baec</strong></span> <span class='ocrx_word' id='word_1_163' title='bbox 1212 2093 1331 2156; x_wconf 88' lang='lat' dir='ltr'><strong>scimus</strong></span> <span class='ocrx_word' id='word_1_164' title='bbox 1353 2112 1425 2155; x_wconf 89' lang='lat' dir='ltr'><strong>asse</strong></span> <span class='ocrx_word' id='word_1_165' title='bbox 1449 2089 1570 2156; x_wconf 83' lang='lat' dir='ltr'><strong>alla-15</strong></span> 
     </span>
     <span class='ocr_line' id='line_1_17' title="bbox 101 2188 1534 2277; baseline 0.001 -24"><span class='ocrx_word' id='word_1_166' title='bbox 101 2201 186 2254; x_wconf 82' lang='lat' dir='ltr'><strong>tura</strong></span> <span class='ocrx_word' id='word_1_167' title='bbox 229 2189 295 2254; x_wconf 85' lang='lat' dir='ltr'><strong>Sed</strong></span> <span class='ocrx_word' id='word_1_168' title='bbox 316 2188 472 2254; x_wconf 89' lang='lat' dir='ltr'><strong>hactenus</strong></span> <span class='ocrx_word' id='word_1_169' title='bbox 494 2189 655 2277; x_wconf 84' lang='lat' dir='ltr'><strong>quaedam</strong></span> <span class='ocrx_word' id='word_1_170' title='bbox 679 2201 894 2277; x_wconf 88' lang='lat' dir='ltr'><strong>praenarrata</strong></span> <span class='ocrx_word' id='word_1_171' title='bbox 914 2214 985 2256; x_wconf 91' lang='lat' dir='ltr'><strong>esse</strong></span> <span class='ocrx_word' id='word_1_172' title='bbox 1002 2190 1149 2272; x_wconf 89' lang='lat' dir='ltr'><strong>sufficiat,</strong></span> <span class='ocrx_word' id='word_1_173' title='bbox 1171 2213 1256 2255; x_wconf 90' lang='lat' dir='ltr'><strong>nnnc</strong></span> <span class='ocrx_word' id='word_1_174' title='bbox 1269 2200 1399 2255; x_wconf 85' lang='lat' dir='ltr'><strong>caetera</strong></span> <span class='ocrx_word' id='word_1_175' title='bbox 1413 2197 1534 2255; x_wconf 88' lang='lat' dir='ltr'><strong>attente</strong></span> 
     </span>
     <span class='ocr_line' id='line_1_18' title="bbox 105 2287 704 2378; baseline -0.003 -24"><span class='ocrx_word' id='word_1_176' title='bbox 105 2288 249 2354; x_wconf 89' lang='lat' dir='ltr'><strong>audietis</strong></span> <span class='ocrx_word' id='word_1_177' title='bbox 272 2297 304 2352; x_wconf 91' lang='lat' dir='ltr'><strong>et</strong></span> <span class='ocrx_word' id='word_1_178' title='bbox 325 2287 470 2356; x_wconf 86' lang='lat' dir='ltr'><strong>studiose</strong></span> <span class='ocrx_word' id='word_1_179' title='bbox 493 2291 704 2378; x_wconf 87' lang='lat' dir='ltr'><strong>cognoscetis.</strong></span> 
     </span>
    </p>
   </div>
   <div class='ocr_carea' id='block_1_4' title="bbox 105 2526 1534 2696">
    <p class='ocr_par' dir='ltr' id='par_1_4' title="bbox 105 2526 1534 2696">
     <span class='ocr_line' id='line_1_19' title="bbox 105 2526 1534 2592; baseline 0.003 -6"><span class='ocrx_word' id='word_1_180' title='bbox 105 2526 132 2586; x_wconf 83' lang='lat' dir='ltr'><strong>l·</strong></span> <span class='ocrx_word' id='word_1_181' title='bbox 169 2535 356 2585; x_wconf 79' lang='lat' dir='ltr'><strong>OPOR&#39;IERE</strong></span> <span class='ocrx_word' id='word_1_182' title='bbox 391 2536 582 2586; x_wconf 81' lang='lat' dir='ltr'><strong>STUDIOSOS</strong></span> <span class='ocrx_word' id='word_1_183' title='bbox 616 2538 784 2589; x_wconf 69' lang='lat' dir='ltr'><strong>nonenim</strong></span> <span class='ocrx_word' id='word_1_184' title='bbox 814 2541 947 2589; x_wconf 73' lang='lat' dir='ltr'><strong>aarum</strong></span> <span class='ocrx_word' id='word_1_185' title='bbox 982 2542 1053 2590; x_wconf 82' lang='grc' dir='ltr'><strong>ΤΔΜ</strong></span> <span class='ocrx_word' id='word_1_186' title='bbox 1089 2541 1231 2590; x_wconf 77' lang='grc' dir='ltr'><strong>ΡΙΕΤΑΤΙ</strong></span> <span class='ocrx_word' id='word_1_187' title='bbox 1261 2542 1307 2590; x_wconf 77' lang='grc' dir='ltr'><strong>ΕΤ</strong></span> <span class='ocrx_word' id='word_1_188' title='bbox 1335 2541 1534 2592; x_wconf 75' lang='lat' dir='ltr'><strong>nonnsrn&#39;ss</strong></span> 
     </span>
     <span class='ocr_line' id='line_1_20' title="bbox 305 2637 1339 2696; baseline 0.008 -15"><span class='ocrx_word' id='word_1_189' title='bbox 305 2637 410 2683; x_wconf 81' lang='lat' dir='ltr'><strong>VITAE</strong></span> <span class='ocrx_word' id='word_1_190' title='bbox 433 2637 530 2696; x_wconf 73' lang='lat' dir='ltr'><strong>QUAM</strong></span> <span class='ocrx_word' id='word_1_191' title='bbox 551 2637 654 2686; x_wconf 84' lang='lat' dir='ltr'><strong>BONIS</strong></span> <span class='ocrx_word' id='word_1_192' title='bbox 677 2639 814 2688; x_wconf 79' lang='lat' dir='ltr'><strong>LI&#39;IERIS</strong></span> <span class='ocrx_word' id='word_1_193' title='bbox 836 2641 881 2688; x_wconf 85' lang='lat' dir='ltr'><strong>ET</strong></span> <span class='ocrx_word' id='word_1_194' title='bbox 904 2641 1052 2689; x_wconf 79' lang='lat' dir='ltr'><strong>ARTIBUS</strong></span> <span class='ocrx_word' id='word_1_195' title='bbox 1076 2641 1217 2689; x_wconf 67' lang='lat' dir='ltr'><strong>osunen</strong></span> <span class='ocrx_word' id='word_1_196' title='bbox 1236 2641 1339 2691; x_wconf 77' lang='lat' dir='ltr'>DARE.</span> 
     </span>
    </p>
   </div>
   <div class='ocr_carea' id='block_1_5' title="bbox 102 2767 1576 3950">
    <p class='ocr_par' dir='ltr' id='par_1_5' title="bbox 102 2767 1576 3950">
     <span class='ocr_line' id='line_1_21' title="bbox 190 2767 1576 2862; baseline 0.004 -29"><span class='ocrx_word' id='word_1_197' title='bbox 190 2767 354 2854; x_wconf 84' lang='lat' dir='ltr'><strong>Discipuli</strong></span> <span class='ocrx_word' id='word_1_198' title='bbox 376 2767 532 2834; x_wconf 90' lang='lat' dir='ltr'><strong>bonarum</strong></span> <span class='ocrx_word' id='word_1_199' title='bbox 555 2771 673 2836; x_wconf 91' lang='lat' dir='ltr'><strong>artium</strong></span> <span class='ocrx_word' id='word_1_200' title='bbox 695 2771 782 2838; x_wconf 91' lang='lat' dir='ltr'><strong>nullo</strong></span> <span class='ocrx_word' id='word_1_201' title='bbox 804 2772 901 2839; x_wconf 93' lang='lat' dir='ltr'><strong>modo</strong></span> <span class='ocrx_word' id='word_1_202' title='bbox 922 2771 1088 2860; x_wconf 82' lang='lat' dir='ltr'><strong>negligere</strong></span> <span class='ocrx_word' id='word_1_203' title='bbox 1110 2795 1221 2840; x_wconf 89' lang='lat' dir='ltr'><strong>curam</strong></span> <span class='ocrx_word' id='word_1_204' title='bbox 1238 2775 1371 2862; x_wconf 88' lang='lat' dir='ltr'><strong>pietatis</strong></span> <span class='ocrx_word' id='word_1_205' title='bbox 1390 2781 1576 2838; x_wconf 67' lang='lat' dir='ltr'><strong>etveraeffl</strong></span> 
     </span>
     <span class='ocr_line' id='line_1_22' title="bbox 104 2867 1532 2958; baseline 0.001 -23"><span class='ocrx_word' id='word_1_206' title='bbox 104 2867 276 2956; x_wconf 88' lang='lat' dir='ltr'><strong>religionis</strong></span> <span class='ocrx_word' id='word_1_207' title='bbox 300 2867 420 2932; x_wconf 89' lang='lat' dir='ltr'><strong>cultum</strong></span> <span class='ocrx_word' id='word_1_208' title='bbox 442 2867 572 2953; x_wconf 86' lang='lat' dir='ltr'><strong>debent,</strong></span> <span class='ocrx_word' id='word_1_209' title='bbox 595 2870 654 2936; x_wconf 89' lang='lat' dir='ltr'><strong>sed</strong></span> <span class='ocrx_word' id='word_1_210' title='bbox 677 2874 828 2958; x_wconf 86' lang='lat' dir='ltr'><strong>inprimis</strong></span> <span class='ocrx_word' id='word_1_211' title='bbox 849 2872 892 2936; x_wconf 92' lang='lat' dir='ltr'><strong>ad</strong></span> <span class='ocrx_word' id='word_1_212' title='bbox 913 2871 1007 2937; x_wconf 88' lang='lat' dir='ltr'><strong>deum</strong></span> <span class='ocrx_word' id='word_1_213' title='bbox 1029 2871 1211 2958; x_wconf 87' lang='lat' dir='ltr'><strong>religiosae,</strong></span> <span class='ocrx_word' id='word_1_214' title='bbox 1234 2872 1276 2938; x_wconf 93' lang='lat' dir='ltr'><strong>ad</strong></span> <span class='ocrx_word' id='word_1_215' title='bbox 1297 2873 1444 2938; x_wconf 88' lang='lat' dir='ltr'><strong>homiues</strong></span> <span class='ocrx_word' id='word_1_216' title='bbox 1465 2872 1532 2938; x_wconf 87' lang='lat' dir='ltr'><strong>offi-</strong></span> 
     </span>
     <span class='ocr_line' id='line_1_23' title="bbox 104 2968 1531 3060; baseline 0.001 -26"><span class='ocrx_word' id='word_1_217' title='bbox 104 2969 310 3034; x_wconf 86' lang='lat' dir='ltr'><strong>tiosaevitae</strong></span> <span class='ocrx_word' id='word_1_218' title='bbox 331 2968 644 3034; x_wconf 84' lang='lat' dir='ltr'><strong>commendationem</strong></span> <span class='ocrx_word' id='word_1_219' title='bbox 666 2970 709 3035; x_wconf 88' lang='lat' dir='ltr'><strong>ad</strong></span> <span class='ocrx_word' id='word_1_220' title='bbox 732 2993 767 3036; x_wconf 88' lang='lat' dir='ltr'><strong>so</strong></span> <span class='ocrx_word' id='word_1_221' title='bbox 788 2973 921 3058; x_wconf 83' lang='lat' dir='ltr'><strong>proprie</strong></span> <span class='ocrx_word' id='word_1_222' title='bbox 943 2972 1105 3058; x_wconf 87' lang='lat' dir='ltr'><strong>pertinere</strong></span> <span class='ocrx_word' id='word_1_223' title='bbox 1119 2972 1362 3054; x_wconf 89' lang='lat' dir='ltr'><strong>existimabunt,</strong></span> <span class='ocrx_word' id='word_1_224' title='bbox 1376 2974 1531 3060; x_wconf 89' lang='lat' dir='ltr'><strong>atqueita</strong></span> 
     </span>
     <span class='ocr_line' id='line_1_24' title="bbox 105 3066 1532 3157; baseline 0.002 -24"><span class='ocrx_word' id='word_1_225' title='bbox 105 3067 227 3133; x_wconf 88' lang='lat' dir='ltr'><strong>deinde</strong></span> <span class='ocrx_word' id='word_1_226' title='bbox 249 3066 368 3132; x_wconf 90' lang='lat' dir='ltr'><strong>ardens</strong></span> <span class='ocrx_word' id='word_1_227' title='bbox 391 3066 531 3132; x_wconf 90' lang='lat' dir='ltr'><strong>studium</strong></span> <span class='ocrx_word' id='word_1_228' title='bbox 555 3067 714 3134; x_wconf 87' lang='lat' dir='ltr'><strong>bonarum</strong></span> <span class='ocrx_word' id='word_1_229' title='bbox 733 3070 901 3136; x_wconf 88' lang='lat' dir='ltr'><strong>literarum</strong></span> <span class='ocrx_word' id='word_1_230' title='bbox 923 3080 1020 3156; x_wconf 87' lang='lat' dir='ltr'><strong>atque</strong></span> <span class='ocrx_word' id='word_1_231' title='bbox 1042 3072 1162 3136; x_wconf 90' lang='lat' dir='ltr'><strong>artium</strong></span> <span class='ocrx_word' id='word_1_232' title='bbox 1184 3070 1371 3157; x_wconf 89' lang='lat' dir='ltr'><strong>adiungent.</strong></span> <span class='ocrx_word' id='word_1_233' title='bbox 1414 3071 1532 3136; x_wconf 88' lang='lat' dir='ltr'><strong>Versa·</strong></span> 
     </span>
     <span class='ocr_line' id='line_1_25' title="bbox 103 3165 1562 3258; baseline 0.001 -25"><span class='ocrx_word' id='word_1_234' title='bbox 103 3168 229 3234; x_wconf 90' lang='lat' dir='ltr'><strong>buntur</strong></span> <span class='ocrx_word' id='word_1_235' title='bbox 250 3188 325 3232; x_wconf 89' lang='lat' dir='ltr'><strong>cum</strong></span> <span class='ocrx_word' id='word_1_236' title='bbox 346 3165 536 3256; x_wconf 87' lang='lat' dir='ltr'><strong>aequalibus</strong></span> <span class='ocrx_word' id='word_1_237' title='bbox 557 3168 724 3234; x_wconf 90' lang='lat' dir='ltr'><strong>moderate</strong></span> <span class='ocrx_word' id='word_1_238' title='bbox 745 3179 777 3234; x_wconf 88' lang='lat' dir='ltr'><strong>et</strong></span> <span class='ocrx_word' id='word_1_239' title='bbox 798 3169 943 3257; x_wconf 87' lang='lat' dir='ltr'><strong>placide,</strong></span> <span class='ocrx_word' id='word_1_240' title='bbox 973 3193 1053 3256; x_wconf 89' lang='lat' dir='ltr'><strong>erga</strong></span> <span class='ocrx_word' id='word_1_241' title='bbox 1081 3171 1265 3258; x_wconf 88' lang='lat' dir='ltr'><strong>superiores</strong></span> <span class='ocrx_word' id='word_1_242' title='bbox 1292 3169 1475 3234; x_wconf 90' lang='lat' dir='ltr'><strong>verecunde</strong></span> <span class='ocrx_word' id='word_1_243' title='bbox 1501 3179 1534 3234; x_wconf 88' lang='lat' dir='ltr'><strong>et</strong></span> <span class='ocrx_word' id='word_1_244' title='bbox 1560 3215 1562 3220; x_wconf 68' lang='lat'><strong>,</strong></span> 
     </span>
     <span class='ocr_line' id='line_1_26' title="bbox 103 3267 1573 3356; baseline 0 -24"><span class='ocrx_word' id='word_1_245' title='bbox 103 3275 294 3332; x_wconf 85' lang='lat' dir='ltr'><strong>reverenter</strong></span> <span class='ocrx_word' id='word_1_246' title='bbox 317 3285 351 3332; x_wconf 85' lang='lat' dir='ltr'><strong>se</strong></span> <span class='ocrx_word' id='word_1_247' title='bbox 372 3276 496 3354; x_wconf 87' lang='lat' dir='ltr'><strong>gerent,</strong></span> <span class='ocrx_word' id='word_1_248' title='bbox 517 3269 638 3332; x_wconf 89' lang='lat' dir='ltr'><strong>nemini</strong></span> <span class='ocrx_word' id='word_1_249' title='bbox 660 3290 779 3353; x_wconf 89' lang='lat' dir='ltr'><strong>graves</strong></span> <span class='ocrx_word' id='word_1_250' title='bbox 799 3278 856 3334; x_wconf 87' lang='lat' dir='ltr'><strong>aut</strong></span> <span class='ocrx_word' id='word_1_251' title='bbox 876 3267 1014 3350; x_wconf 83' lang='lat' dir='ltr'><strong>molesti,</strong></span> <span class='ocrx_word' id='word_1_252' title='bbox 1037 3291 1077 3333; x_wconf 92' lang='lat' dir='ltr'><strong>ac</strong></span> <span class='ocrx_word' id='word_1_253' title='bbox 1098 3271 1206 3356; x_wconf 91' lang='lat' dir='ltr'><strong>potius</strong></span> <span class='ocrx_word' id='word_1_254' title='bbox 1228 3269 1314 3354; x_wconf 87' lang='lat' dir='ltr'><strong>grati</strong></span> <span class='ocrx_word' id='word_1_255' title='bbox 1336 3268 1573 3356; x_wconf 84' lang='lat' dir='ltr'><strong>iucundique25</strong></span> 
     </span>
     <span class='ocr_line' id='line_1_27' title="bbox 104 3365 1532 3454; baseline -0.001 -22"><span class='ocrx_word' id='word_1_256' title='bbox 104 3367 280 3432; x_wconf 89' lang='lat' dir='ltr'><strong>universis.</strong></span> <span class='ocrx_word' id='word_1_257' title='bbox 321 3365 588 3432; x_wconf 84' lang='lat' dir='ltr'><strong>Ecclesiasticam</strong></span> <span class='ocrx_word' id='word_1_258' title='bbox 612 3366 793 3433; x_wconf 88' lang='lat' dir='ltr'><strong>doctrinam</strong></span> <span class='ocrx_word' id='word_1_259' title='bbox 815 3391 882 3432; x_wconf 90' lang='lat' dir='ltr'><strong>non</strong></span> <span class='ocrx_word' id='word_1_260' title='bbox 902 3368 1010 3432; x_wconf 91' lang='lat' dir='ltr'><strong>minus</strong></span> <span class='ocrx_word' id='word_1_261' title='bbox 1031 3367 1281 3452; x_wconf 88' lang='lat' dir='ltr'><strong>frequentabunt</strong></span> <span class='ocrx_word' id='word_1_262' title='bbox 1302 3366 1414 3432; x_wconf 90' lang='lat' dir='ltr'><strong>sedulo</strong></span> <span class='ocrx_word' id='word_1_263' title='bbox 1435 3390 1532 3454; x_wconf 93' lang='lat' dir='ltr'><strong>quam</strong></span> 
     </span>
     <span class='ocr_line' id='line_1_28' title="bbox 104 3464 1533 3554; baseline 0 -23"><span class='ocrx_word' id='word_1_264' title='bbox 104 3464 347 3548; x_wconf 87' lang='lat' dir='ltr'><strong>scholasticam,</strong></span> <span class='ocrx_word' id='word_1_265' title='bbox 369 3466 559 3552; x_wconf 87' lang='lat' dir='ltr'><strong>praesertim</strong></span> <span class='ocrx_word' id='word_1_266' title='bbox 582 3467 622 3530; x_wconf 91' lang='lat' dir='ltr'><strong>iis</strong></span> <span class='ocrx_word' id='word_1_267' title='bbox 644 3465 770 3548; x_wconf 87' lang='lat' dir='ltr'><strong>diebus,</strong></span> <span class='ocrx_word' id='word_1_268' title='bbox 799 3466 915 3554; x_wconf 90' lang='lat' dir='ltr'><strong>quibus</strong></span> <span class='ocrx_word' id='word_1_269' title='bbox 943 3466 1045 3531; x_wconf 88' lang='lat' dir='ltr'><strong>feriae</strong></span> <span class='ocrx_word' id='word_1_270' title='bbox 1072 3467 1220 3532; x_wconf 89' lang='lat' dir='ltr'><strong>solennes</strong></span> <span class='ocrx_word' id='word_1_271' title='bbox 1250 3465 1473 3549; x_wconf 87' lang='lat' dir='ltr'><strong>celebrantur,</strong></span> <span class='ocrx_word' id='word_1_272' title='bbox 1501 3477 1533 3531; x_wconf 89' lang='lat' dir='ltr'><strong>et</strong></span> 
     </span>
     <span class='ocr_line' id='line_1_29' title="bbox 102 3563 1530 3654; baseline -0.003 -21"><span class='ocrx_word' id='word_1_273' title='bbox 102 3569 241 3652; x_wconf 88' lang='lat' dir='ltr'><strong>insuper</strong></span> <span class='ocrx_word' id='word_1_274' title='bbox 263 3564 315 3629; x_wconf 91' lang='lat' dir='ltr'><strong>die</strong></span> <span class='ocrx_word' id='word_1_275' title='bbox 337 3575 463 3651; x_wconf 88' lang='lat' dir='ltr'><strong>quarto,</strong></span> <span class='ocrx_word' id='word_1_276' title='bbox 486 3587 581 3652; x_wconf 89' lang='lat' dir='ltr'><strong>quem</strong></span> <span class='ocrx_word' id='word_1_277' title='bbox 596 3563 751 3630; x_wconf 88' lang='lat' dir='ltr'><strong>Mercurii</strong></span> <span class='ocrx_word' id='word_1_278' title='bbox 774 3567 903 3632; x_wconf 91' lang='lat' dir='ltr'><strong>nomine</strong></span> <span class='ocrx_word' id='word_1_279' title='bbox 926 3564 1147 3651; x_wconf 87' lang='lat' dir='ltr'><strong>appellarunt,</strong></span> <span class='ocrx_word' id='word_1_280' title='bbox 1169 3590 1231 3654; x_wconf 91' lang='lat' dir='ltr'><strong>quo</strong></span> <span class='ocrx_word' id='word_1_281' title='bbox 1253 3566 1379 3653; x_wconf 87' lang='lat' dir='ltr'><strong>placuit</strong></span> <span class='ocrx_word' id='word_1_282' title='bbox 1398 3574 1530 3630; x_wconf 89' lang='lat' dir='ltr'><strong>nostrae</strong></span> 
     </span>
     <span class='ocr_line' id='line_1_30' title="bbox 104 3660 1528 3754; baseline -0.001 -24"><span class='ocrx_word' id='word_1_283' title='bbox 104 3665 346 3730; x_wconf 88' lang='lat' dir='ltr'><strong>communitatis</strong></span> <span class='ocrx_word' id='word_1_284' title='bbox 368 3660 432 3751; x_wconf 77' lang='lat'>[42]</span> <span class='ocrx_word' id='word_1_285' title='bbox 449 3661 626 3751; x_wconf 89' lang='lat' dir='ltr'><strong>discipulos</strong></span> <span class='ocrx_word' id='word_1_286' title='bbox 646 3663 751 3730; x_wconf 89' lang='lat' dir='ltr'><strong>iuberi</strong></span> <span class='ocrx_word' id='word_1_287' title='bbox 773 3687 887 3730; x_wconf 88' lang='lat' dir='ltr'><strong>sacrae</strong></span> <span class='ocrx_word' id='word_1_288' title='bbox 908 3664 1056 3730; x_wconf 91' lang='lat' dir='ltr'><strong>concioni</strong></span> <span class='ocrx_word' id='word_1_289' title='bbox 1075 3666 1109 3728; x_wconf 91' lang='lat' dir='ltr'><strong>in</strong></span> <span class='ocrx_word' id='word_1_290' title='bbox 1130 3667 1221 3748; x_wconf 89' lang='lat' dir='ltr'><strong>aede,</strong></span> <span class='ocrx_word' id='word_1_291' title='bbox 1243 3687 1328 3754; x_wconf 90' lang='lat' dir='ltr'><strong>quae</strong></span> <span class='ocrx_word' id='word_1_292' title='bbox 1349 3665 1381 3732; x_wconf 87' lang='lat' dir='ltr'><strong>S.</strong></span> <span class='ocrx_word' id='word_1_293' title='bbox 1403 3663 1528 3730; x_wconf 90' lang='lat' dir='ltr'><strong>Nicolai</strong></span> 
     </span>
     <span class='ocr_line' id='line_1_31' title="bbox 103 3762 1570 3850; baseline 0 -20"><span class='ocrx_word' id='word_1_294' title='bbox 103 3765 237 3830; x_wconf 89' lang='lat' dir='ltr'><strong>nomine</strong></span> <span class='ocrx_word' id='word_1_295' title='bbox 258 3762 435 3844; x_wconf 89' lang='lat' dir='ltr'><strong>indicatur,</strong></span> <span class='ocrx_word' id='word_1_296' title='bbox 461 3765 645 3850; x_wconf 81' lang='lat' dir='ltr'><strong>trequentes</strong></span> <span class='ocrx_word' id='word_1_297' title='bbox 667 3767 834 3830; x_wconf 88' lang='lat' dir='ltr'><strong>interesse.</strong></span> <span class='ocrx_word' id='word_1_298' title='bbox 877 3763 975 3845; x_wconf 79' lang='lat' dir='ltr'><strong>Quod</strong></span> <span class='ocrx_word' id='word_1_299' title='bbox 996 3774 1105 3829; x_wconf 87' lang='lat' dir='ltr'><strong>autem</strong></span> <span class='ocrx_word' id='word_1_300' title='bbox 1128 3764 1171 3831; x_wconf 90' lang='lat' dir='ltr'><strong>ad</strong></span> <span class='ocrx_word' id='word_1_301' title='bbox 1193 3787 1322 3830; x_wconf 88' lang='lat' dir='ltr'><strong>cursum</strong></span> <span class='ocrx_word' id='word_1_302' title='bbox 1346 3763 1570 3830; x_wconf 85' lang='lat' dir='ltr'><strong>studiorum³0</strong></span> 
     </span>
     <span class='ocr_line' id='line_1_32' title="bbox 104 3862 896 3950; baseline -0.003 -20"><span class='ocrx_word' id='word_1_303' title='bbox 104 3867 232 3946; x_wconf 86' lang='lat' dir='ltr'><strong>attinet,</strong></span> <span class='ocrx_word' id='word_1_304' title='bbox 253 3864 457 3950; x_wconf 88' lang='lat' dir='ltr'><strong>praescripta</strong></span> <span class='ocrx_word' id='word_1_305' title='bbox 479 3873 510 3927; x_wconf 88' lang='lat' dir='ltr'><strong>et</strong></span> <span class='ocrx_word' id='word_1_306' title='bbox 531 3862 663 3927; x_wconf 85' lang='lat' dir='ltr'><strong>definita</strong></span> <span class='ocrx_word' id='word_1_307' title='bbox 683 3865 792 3949; x_wconf 86' lang='lat' dir='ltr'><strong>omnia</strong></span> <span class='ocrx_word' id='word_1_308' title='bbox 815 3873 896 3929; x_wconf 90' lang='lat' dir='ltr'><strong>sunt.</strong></span> 
     </span>
    </p>
   </div>
   <div class='ocr_carea' id='block_1_6' title="bbox 138 4103 1491 4181">
    <p class='ocr_par' dir='ltr' id='par_1_6' title="bbox 138 4103 1491 4181">
     <span class='ocr_line' id='line_1_33' title="bbox 138 4103 1491 4181; baseline 0.001 -17"><span class='ocrx_word' id='word_1_309' title='bbox 138 4103 167 4164; x_wconf 76' lang='lat'><em>2</em></span> <span class='ocrx_word' id='word_1_310' title='bbox 191 4112 276 4173; x_wconf 84' lang='lat' dir='ltr'><strong>QUID</strong></span> <span class='ocrx_word' id='word_1_311' title='bbox 296 4111 444 4161; x_wconf 76' lang='lat' dir='ltr'><strong>mscnnn</strong></span> <span class='ocrx_word' id='word_1_312' title='bbox 464 4113 629 4164; x_wconf 76' lang='lat' dir='ltr'><strong>Dnnnnnr</strong></span> <span class='ocrx_word' id='word_1_313' title='bbox 650 4117 686 4181; x_wconf 91' lang='lat'><strong>11,</strong></span> <span class='ocrx_word' id='word_1_314' title='bbox 707 4115 767 4176; x_wconf 79' lang='lat' dir='ltr'><strong>QUI</strong></span> <span class='ocrx_word' id='word_1_315' title='bbox 788 4114 977 4163; x_wconf 68' lang='lat' dir='ltr'><strong>succursu</strong></span> <span class='ocrx_word' id='word_1_316' title='bbox 996 4115 1091 4163; x_wconf 79' lang='lat' dir='ltr'><strong>FIERI</strong></span> <span class='ocrx_word' id='word_1_317' title='bbox 1113 4116 1319 4176; x_wconf 75' lang='lat' dir='ltr'><strong>nmqunnno</strong></span> <span class='ocrx_word' id='word_1_318' title='bbox 1340 4116 1491 4166; x_wconf 75' lang='lat' dir='ltr'><strong>VOIAEN‘I&#39;.</strong></span> 
     </span>
    </p>
   </div>
   <div class='ocr_carea' id='block_1_7' title="bbox 102 4245 1570 4931">
    <p class='ocr_par' dir='ltr' id='par_1_7' title="bbox 102 4245 1570 4931">
     <span class='ocr_line' id='line_1_34' title="bbox 190 4245 1532 4336; baseline 0.002 -24"><span class='ocrx_word' id='word_1_319' title='bbox 190 4245 303 4312; x_wconf 91' lang='lat' dir='ltr'><strong>Prima</strong></span> <span class='ocrx_word' id='word_1_320' title='bbox 323 4247 488 4334; x_wconf 87' lang='lat' dir='ltr'><strong>inquisitio</strong></span> <span class='ocrx_word' id='word_1_321' title='bbox 509 4247 642 4335; x_wconf 87' lang='lat' dir='ltr'><strong>publica</strong></span> <span class='ocrx_word' id='word_1_322' title='bbox 668 4249 705 4314; x_wconf 86' lang='lat' dir='ltr'><strong>fit</strong></span> <span class='ocrx_word' id='word_1_323' title='bbox 732 4249 767 4312; x_wconf 92' lang='lat' dir='ltr'><strong>in</strong></span> <span class='ocrx_word' id='word_1_324' title='bbox 797 4248 905 4313; x_wconf 89' lang='lat' dir='ltr'><strong>studia</strong></span> <span class='ocrx_word' id='word_1_325' title='bbox 933 4247 1183 4335; x_wconf 90' lang='lat' dir='ltr'><strong>discipulorum,</strong></span> <span class='ocrx_word' id='word_1_326' title='bbox 1213 4271 1287 4314; x_wconf 93' lang='lat' dir='ltr'><strong>cum</strong></span> <span class='ocrx_word' id='word_1_327' title='bbox 1315 4249 1415 4336; x_wconf 86' lang='lat' dir='ltr'><strong>aliqui</strong></span> <span class='ocrx_word' id='word_1_328' title='bbox 1437 4251 1532 4335; x_wconf 89' lang='lat' dir='ltr'><strong>quasi</strong></span> 
     </span>
     <span class='ocr_line' id='line_1_35' title="bbox 104 4346 1531 4434; baseline 0.001 -22"><span class='ocrx_word' id='word_1_329' title='bbox 104 4346 293 4412; x_wconf 85' lang='lat' dir='ltr'><strong>tirocinium</strong></span> <span class='ocrx_word' id='word_1_330' title='bbox 325 4346 487 4434; x_wconf 89' lang='lat' dir='ltr'><strong>deponere</strong></span> <span class='ocrx_word' id='word_1_331' title='bbox 507 4357 539 4426; x_wconf 84' lang='lat' dir='ltr'><strong>et</strong></span> <span class='ocrx_word' id='word_1_332' title='bbox 564 4347 724 4414; x_wconf 89' lang='lat' dir='ltr'><strong>bacularii</strong></span> <span class='ocrx_word' id='word_1_333' title='bbox 753 4347 823 4412; x_wconf 89' lang='lat' dir='ltr'><strong>fieri</strong></span> <span class='ocrx_word' id='word_1_334' title='bbox 854 4357 885 4412; x_wconf 89' lang='lat' dir='ltr'><strong>et</strong></span> <span class='ocrx_word' id='word_1_335' title='bbox 906 4347 991 4413; x_wconf 90' lang='lat' dir='ltr'><strong>hunc</strong></span> <span class='ocrx_word' id='word_1_336' title='bbox 1012 4347 1112 4412; x_wconf 87' lang='lat' dir='ltr'><strong>veluti</strong></span> <span class='ocrx_word' id='word_1_337' title='bbox 1132 4347 1255 4414; x_wconf 91' lang='lat' dir='ltr'><strong>aditum</strong></span> <span class='ocrx_word' id='word_1_338' title='bbox 1277 4347 1320 4412; x_wconf 89' lang='lat' dir='ltr'><strong>ad</strong></span> <span class='ocrx_word' id='word_1_339' title='bbox 1335 4348 1458 4434; x_wconf 88' lang='lat' dir='ltr'><strong>gradus</strong></span> <span class='ocrx_word' id='word_1_340' title='bbox 1477 4347 1531 4413; x_wconf 91' lang='lat' dir='ltr'><strong>ho·</strong></span> 
     </span>
     <span class='ocr_line' id='line_1_36' title="bbox 103 4443 1570 4536; baseline 0 -24"><span class='ocrx_word' id='word_1_341' title='bbox 103 4469 221 4512; x_wconf 77' lang='lat' dir='ltr'><strong>norrun</strong></span> <span class='ocrx_word' id='word_1_342' title='bbox 252 4443 518 4511; x_wconf 89' lang='lat' dir='ltr'><strong>scholasticorum</strong></span> <span class='ocrx_word' id='word_1_343' title='bbox 554 4447 617 4513; x_wconf 92' lang='lat' dir='ltr'><strong>sibi</strong></span> <span class='ocrx_word' id='word_1_344' title='bbox 641 4449 763 4536; x_wconf 88' lang='lat' dir='ltr'><strong>aperiri</strong></span> <span class='ocrx_word' id='word_1_345' title='bbox 793 4446 905 4512; x_wconf 85' lang='lat' dir='ltr'><strong>volunt</strong></span> <span class='ocrx_word' id='word_1_346' title='bbox 933 4447 1089 4534; x_wconf 88' lang='lat' dir='ltr'><strong>petitione</strong></span> <span class='ocrx_word' id='word_1_347' title='bbox 1120 4449 1250 4512; x_wconf 86' lang='lat' dir='ltr'><strong>usitata.</strong></span> <span class='ocrx_word' id='word_1_348' title='bbox 1289 4448 1336 4512; x_wconf 92' lang='lat' dir='ltr'><strong>Hi</strong></span> <span class='ocrx_word' id='word_1_349' title='bbox 1360 4447 1570 4514; x_wconf 82' lang='lat' dir='ltr'><strong>doctrinae35</strong></span> 
     </span>
     <span class='ocr_line' id='line_1_37' title="bbox 105 4545 1530 4634; baseline -0.001 -23"><span class='ocrx_word' id='word_1_350' title='bbox 105 4545 259 4634; x_wconf 87' lang='lat' dir='ltr'><strong>publicae</strong></span> <span class='ocrx_word' id='word_1_351' title='bbox 281 4567 399 4632; x_wconf 89' lang='lat' dir='ltr'><strong>operas</strong></span> <span class='ocrx_word' id='word_1_352' title='bbox 420 4569 477 4610; x_wconf 89' lang='lat' dir='ltr'><strong>suo</strong></span> <span class='ocrx_word' id='word_1_353' title='bbox 500 4551 608 4612; x_wconf 90' lang='lat' dir='ltr'><strong>cursui</strong></span> <span class='ocrx_word' id='word_1_354' title='bbox 631 4549 817 4633; x_wconf 88' lang='lat' dir='ltr'><strong>propositas</strong></span> <span class='ocrx_word' id='word_1_355' title='bbox 840 4567 911 4610; x_wconf 90' lang='lat' dir='ltr'><strong>esse</strong></span> <span class='ocrx_word' id='word_1_356' title='bbox 940 4547 1044 4611; x_wconf 90' lang='lat' dir='ltr'><strong>sciant</strong></span> <span class='ocrx_word' id='word_1_357' title='bbox 1069 4547 1164 4611; x_wconf 87' lang='lat' dir='ltr'><strong>istas:</strong></span> <span class='ocrx_word' id='word_1_358' title='bbox 1201 4547 1342 4634; x_wconf 91' lang='lat' dir='ltr'><strong>primum</strong></span> <span class='ocrx_word' id='word_1_359' title='bbox 1369 4569 1530 4633; x_wconf 87' lang='lat' dir='ltr'><strong>gramma-</strong></span> 
     </span>
     <span class='ocr_line' id='line_1_38' title="bbox 102 4643 1530 4734; baseline -0.001 -23"><span class='ocrx_word' id='word_1_360' title='bbox 102 4649 191 4712; x_wconf 86' lang='lat' dir='ltr'><strong>ticae</strong></span> <span class='ocrx_word' id='word_1_361' title='bbox 210 4665 350 4731; x_wconf 88' lang='lat' dir='ltr'><strong>graecae</strong></span> <span class='ocrx_word' id='word_1_362' title='bbox 370 4653 402 4708; x_wconf 89' lang='lat' dir='ltr'><strong>et</strong></span> <span class='ocrx_word' id='word_1_363' title='bbox 420 4643 575 4730; x_wconf 88' lang='lat' dir='ltr'><strong>latinae,¹</strong></span> <span class='ocrx_word' id='word_1_364' title='bbox 599 4645 739 4710; x_wconf 89' lang='lat' dir='ltr'><strong>secundo</strong></span> <span class='ocrx_word' id='word_1_365' title='bbox 763 4645 962 4726; x_wconf 82' lang='lat' dir='ltr'><strong>dialecticae,</strong></span> <span class='ocrx_word' id='word_1_366' title='bbox 983 4645 1077 4710; x_wconf 86' lang='lat' dir='ltr'><strong>tertio</strong></span> <span class='ocrx_word' id='word_1_367' title='bbox 1111 4646 1275 4733; x_wconf 89' lang='lat' dir='ltr'><strong>poeticae,</strong></span> <span class='ocrx_word' id='word_1_368' title='bbox 1319 4657 1433 4734; x_wconf 90' lang='lat' dir='ltr'><strong>quarto</strong></span> <span class='ocrx_word' id='word_1_369' title='bbox 1469 4645 1530 4710; x_wconf 89' lang='lat' dir='ltr'><strong>ele·</strong></span> 
     </span>
     <span class='ocr_line' id='line_1_39' title="bbox 105 4742 1531 4832; baseline -0.001 -21"><span class='ocrx_word' id='word_1_370' title='bbox 105 4743 313 4811; x_wconf 84' lang='lat' dir='ltr'><strong>mentorum²</strong></span> <span class='ocrx_word' id='word_1_371' title='bbox 333 4742 523 4827; x_wconf 88' lang='lat' dir='ltr'><strong>rhetoricae,</strong></span> <span class='ocrx_word' id='word_1_372' title='bbox 546 4745 657 4832; x_wconf 85' lang='lat' dir='ltr'><strong>quinto</strong></span> <span class='ocrx_word' id='word_1_373' title='bbox 680 4744 910 4810; x_wconf 87' lang='lat' dir='ltr'><strong>elementorum</strong></span> <span class='ocrx_word' id='word_1_374' title='bbox 930 4743 1186 4810; x_wconf 86' lang='lat' dir='ltr'><strong>mathematicae.</strong></span> <span class='ocrx_word' id='word_1_375' title='bbox 1220 4744 1303 4811; x_wconf 87' lang='lat' dir='ltr'><strong>Cum</strong></span> <span class='ocrx_word' id='word_1_376' title='bbox 1326 4755 1434 4810; x_wconf 88' lang='lat' dir='ltr'><strong>antem</strong></span> <span class='ocrx_word' id='word_1_377' title='bbox 1456 4767 1531 4830; x_wconf 87' lang='lat' dir='ltr'><strong>spa-</strong></span> 
     </span>
     <span class='ocr_line' id='line_1_40' title="bbox 104 4841 1530 4931; baseline -0.002 -20"><span class='ocrx_word' id='word_1_378' title='bbox 104 4848 188 4912; x_wconf 81' lang='lat' dir='ltr'><strong>tium</strong></span> <span class='ocrx_word' id='word_1_379' title='bbox 209 4844 308 4910; x_wconf 88' lang='lat' dir='ltr'><strong>trium</strong></span> <span class='ocrx_word' id='word_1_380' title='bbox 329 4843 530 4908; x_wconf 88' lang='lat' dir='ltr'><strong>semestrium</strong></span> <span class='ocrx_word' id='word_1_381' title='bbox 553 4842 597 4909; x_wconf 88' lang='lat' dir='ltr'><strong>ad</strong></span> <span class='ocrx_word' id='word_1_382' title='bbox 615 4844 700 4909; x_wconf 90' lang='lat' dir='ltr'><strong>banc</strong></span> <span class='ocrx_word' id='word_1_383' title='bbox 720 4845 909 4930; x_wconf 90' lang='lat' dir='ltr'><strong>petitionem</strong></span> <span class='ocrx_word' id='word_1_384' title='bbox 929 4843 1136 4931; x_wconf 90' lang='lat' dir='ltr'><strong>praefinitum</strong></span> <span class='ocrx_word' id='word_1_385' title='bbox 1158 4845 1208 4921; x_wconf 72' lang='lat' dir='ltr'><strong>sit,</strong></span> <span class='ocrx_word' id='word_1_386' title='bbox 1229 4843 1354 4931; x_wconf 90' lang='lat' dir='ltr'><strong>placuit</strong></span> <span class='ocrx_word' id='word_1_387' title='bbox 1376 4841 1473 4926; x_wconf 87' lang='lat' dir='ltr'><strong>edici,</strong></span> <span class='ocrx_word' id='word_1_388' title='bbox 1495 4851 1530 4908; x_wconf 92' lang='lat' dir='ltr'><strong>ut</strong></span> 
     </span>
    </p>
   </div>
   <div class='ocr_carea' id='block_1_8' title="bbox 193 5105 973 5265">
    <p class='ocr_par' dir='ltr' id='par_1_8' title="bbox 193 5105 973 5265">
     <span class='ocr_line' id='line_1_41' title="bbox 193 5105 973 5180; baseline 0.004 -17"><span class='ocrx_word' id='word_1_389' title='bbox 193 5111 205 5163; x_wconf 88' lang='lat'>1</span> <span class='ocrx_word' id='word_1_390' title='bbox 227 5105 319 5162; x_wconf 80' lang='lat' dir='ltr'><strong>Dsflir</strong></span> <span class='ocrx_word' id='word_1_391' title='bbox 338 5109 375 5164; x_wconf 88' lang='lat' dir='ltr'><strong>ist</strong></span> <span class='ocrx_word' id='word_1_392' title='bbox 391 5111 485 5180; x_wconf 69' lang='lat' dir='ltr'><strong>spiter</strong></span> <span class='ocrx_word' id='word_1_393' title='bbox 500 5107 680 5179; x_wconf 87' lang='lat' dir='ltr'><strong>gesobrieben</strong></span> <span class='ocrx_word' id='word_1_394' title='bbox 699 5108 809 5178; x_wconf 64' lang='lat' dir='ltr'><strong>limae</strong></span> <span class='ocrx_word' id='word_1_395' title='bbox 824 5108 973 5180; x_wconf 58' lang='lat' dir='ltr'><strong>unum.</strong></span> 
     </span>
     <span class='ocr_line' id='line_1_42' title="bbox 193 5191 815 5265; baseline -0.005 -17"><span class='ocrx_word' id='word_1_396' title='bbox 193 5197 209 5248; x_wconf 80' lang='grc'><strong>2</strong></span> <span class='ocrx_word' id='word_1_397' title='bbox 227 5191 416 5248; x_wconf 64' lang='lat' dir='ltr'><strong>menon</strong></span> <span class='ocrx_word' id='word_1_398' title='bbox 433 5193 470 5247; x_wconf 84' lang='lat' dir='ltr'><strong>ist</strong></span> <span class='ocrx_word' id='word_1_399' title='bbox 487 5194 581 5264; x_wconf 69' lang='lat' dir='ltr'><strong>spitor</strong></span> <span class='ocrx_word' id='word_1_400' title='bbox 597 5191 815 5265; x_wconf 84' lang='lat' dir='ltr'><strong>ausgestrichen.</strong></span> 
     </span>
    </p>
   </div>
   <div class='ocr_carea' id='block_1_9' title="bbox 0 0 1886 6074">
    <p class='ocr_par' dir='ltr' id='par_1_9' title="bbox 0 0 1886 6074">
     <span class='ocr_line' id='line_1_43' title="bbox 0 0 1886 6074; baseline 0 3"><span class='ocrx_word' id='word_1_401' title='bbox 0 0 1886 6074; x_wconf 95' lang='lat' dir='ltr'><strong> </strong></span> 
     </span>
    </p>
   </div>
  </div>
 </body>
</html>
