3758 6072
558 395 692 450 hemena
707 409 756 448 aas
774 397 826 448 den
849 393 951 447 tram
969 393 1142 448 itta—tus
1509 401 1570 466 359

647 583 675 644 ι.
701 595 749 644 ux
769 579 1070 646 ursrrsnssrroua.¹

219 695 303 762 Item
335 719 376 762 ne
409 719 527 764 nomen
558 697 812 788 dispensationis
847 698 882 762 in
916 695 1162 783 dissipationem
1189 703 1397 762 convertatur
1421 703 1453 760 et
1477 697 1572 762 utin

134 795 333 863 lectionibus
370 798 540 864 audiendis
576 801 682 866 maior
708 798 882 882 diligencia
911 794 1106 862 scholarium
1138 794 1347 876 adhibeatur,
1384 793 1425 860 de
1465 805 1572 862 cetero

136 917 241 984 super
261 918 454 985 quacunque
475 896 723 986 dispensacione
744 896 887 963 decanus
909 905 1065 961 convocet
1087 904 1189 960 toturn
1213 893 1381 960 consilium
1404 893 1569 958 facultatis

129 995 198 1072 sub
228 994 338 1063 debito
367 987 518 1084 praestiti
544 998 717 1064 iuramenti
745 995 789 1063 ad
819 994 1086 1082 conspiciendum
1111 994 1284 1082 qualitates
1306 1015 1483 1082 parvorum
1505 993 1569 1060 dis·
1595 1003 1611 1059 5

55 1139 60 1148 ·
133 1096 368 1182 pensacionem
396 1097 598 1183 petencium,
631 1119 674 1162 an
701 1098 767 1162 sint
787 1119 825 1162 co
846 1147 854 1162 .
876 1152 883 1164 .
906 1143 914 1161 .
941 1117 1063 1164 ‚arum
1084 1103 1116 1160 et
1138 1093 1346 1161 honestarum
1366 1094 1571 1161 locutionum.

132 1193 190 1260 Ad
211 1193 301 1284 quod
321 1195 531 1263 consimiliter
553 1196 696 1263 decanus
718 1196 779 1263 suh
794 1218 852 1263 suo
874 1196 1055 1262 iuramento
1077 1194 1120 1259 sit
1139 1196 1300 1262 astriotes.

493 1401 523 1464 3.
544 1413 591 1461 nn
612 1412 713 1462 nono
734 1411 904 1462 menum
924 1395 1227 1460 ιιιιιιιιιιιιοιιιι.2

218 1527 317 1609 ltem,
357 1534 391 1592 ut
427 1525 538 1593 debita
572 1530 762 1594 reverencia
796 1527 932 1615 singulis
965 1527 1130 1613 magistris
1160 1525 1201 1592 de
1239 1525 1373 1591 consilio
1404 1521 1569 1591 facultatis
1646 1545 1651 1558 ·

134 1623 331 1692 exhibeatur
353 1636 385 1692 et
405 1635 440 1692 ut
461 1627 573 1694 electio
594 1629 775 1694 hunnorum
797 1627 1054 1714 contingentium
1077 1624 1303 1708 concludatur,
1329 1625 1567 1692 examinatores
1579 1634 1611 1692 10

133 1725 463 1792 baccalariandorum
479 1735 511 1792 et
528 1725 824 1814 magistrandorum
841 1727 1003 1813 eligantur
1017 1747 1077 1812 per
1098 1733 1235 1808 eumeni,
1255 1725 1303 1789 ita
1323 1723 1409 1812 quod
1430 1724 1471 1791 de
1491 1747 1569 1813 qua-

133 1825 218 1891 libet
235 1826 370 1890 natione
387 1827 536 1913 magistri
554 1826 594 1893 de
613 1825 748 1893 consilio
760 1825 925 1892 facultatis
943 1849 1042 1890 unum
1064 1821 1185 1911 eligant
1205 1824 1267 1889 hoc
1287 1823 1402 1889 modo:
1424 1823 1566 1890 decanus

134 1924 302 1990 facultatis
319 1925 418 1991 faciat
430 1927 597 2013 apportari
617 1925 778 2014 quendam
800 1923 919 1990 librum
938 1924 1080 2013 plurium
1101 1923 1265 2006 foliorum,
1292 1924 1326 1988 in
1347 1945 1409 2010 quo
1430 1925 1569 2011 proiciat

133 2027 198 2108 ita,
229 2021 318 2110 quod
346 2025 453 2089 senior
480 2027 576 2092 unius
603 2027 743 2092 nationis
770 2024 890 2092 habeat
918 2022 1046 2090 literam
1075 2025 1109 2088 in
1131 2024 1292 2112 superiori
1311 2021 1399 2088 linea
1419 2025 1567 2111 primam,

133 2122 332 2190 inmediatus
359 2133 433 2210 post
459 2147 533 2190 eum
563 2125 692 2192 literam
718 2127 752 2192 in
778 2132 819 2194 2⁸
850 2125 952 2209 linea,
987 2125 1016 2189 si
1037 2146 1101 2192 non
1121 2123 1219 2190 fuerit
1240 2122 1356 2189 eadem
1377 2145 1450 2188 cnm
1472 2123 1567 2191 litera
1578 2135 1609 2191 1⁵

134 2225 291 2304 senioris,
323 2223 404 2289 alias
426 2224 487 2290 ibit
508 2225 551 2291 ad
568 2224 695 2292 literam
717 2234 903 2311 sequentem
923 2226 958 2289 in
978 2227 1081 2290 tercia
1099 2223 1203 2306 linea,
1235 2233 1304 2288 tam
1325 2222 1382 2289 diu
1404 2245 1569 2313 quousque

133 2325 284 2389 inveniat
316 2321 443 2390 literam
479 2325 592 2408 aliam;
630 2333 662 2392 et
698 2325 745 2390 ita
782 2347 842 2413 per
878 2333 982 2390 toturn
1011 2325 1046 2390 in
1076 2323 1171 2390 lineis
1191 2323 1385 2411 procedetur
1402 2323 1568 2412 usquead

133 2421 288 2488 ultimum
326 2424 519 2509 magistrum
546 2423 632 2490 illius
659 2425 807 2490 nacionis
836 2421 1004 2490 inclusive.
1053 2423 1098 2489 Et
1123 2425 1170 2490 sic
1197 2425 1252 2511 qui
1280 2422 1379 2489 hahet
1398 2422 1568 2488 literama

132 2523 188 2589 vel
213 2522 342 2588 literam
369 2524 633 2612 propinquiorem
655 2545 694 2606 a,
722 2525 783 2589 erit
804 2525 1008 2590 examinatur
1029 2522 1070 2590 de
1089 2521 1147 2588 illa
1165 2523 1307 2589 natione
1350 2521 1395 2587 Et
1417 2523 1500 2588 sicut
1521 2522 1563 2587 sit

133 2624 168 2686 in
190 2643 258 2688 una
286 2621 433 2703 natione,
464 2623 511 2687 sic
543 2624 763 2710 pariformiter
795 2622 836 2688 de
867 2621 941 2688 aliis
970 2622 1084 2690 tribus.
1129 2622 1196 2703 Qui
1226 2631 1365 2710 quatuor
1396 2645 1461 2688 una
1493 2631 1608 2690 oum20

136 2721 264 2788 decano
285 2709 555 2788 baccalariandos
581 2723 637 2788 illa
657 2725 729 2788 vice
750 2722 992 2788 examinabunt.
1015 2721 1071 2788 Sic
1100 2721 1198 2788 simili
1218 2720 1314 2788 modo
1346 2729 1485 2810 quatuor
1507 2745 1565 2810 per

134 2829 258 2888 sortem
285 2818 378 2886 electi
400 2842 467 2886 una
492 2843 565 2887 oum
586 2821 853 2888 vieecanoessario
875 2845 934 2910 pro
956 2821 1013 2888 illa
1039 2823 1111 2888 vice
1135 2821 1377 2908 magistrandos
1400 2823 1566 2888 examina-

133 2920 229 2986 bunt
271 2917 316 2986 Iit
345 2921 393 2985 sio
419 2919 507 2988 solus
536 2922 679 2988 decanus
699 2933 748 2988 est
767 2921 809 2988 de
842 2923 989 2988 essencia
1010 2922 1168 2987 examinis
1200 2943 1261 3009 pro
1294 2920 1517 2988 baccalariatu
1536 2931 1568 2987 et

135 3019 226 3085 solus
247 3019 533 3086 vicecancellarius
568 3031 600 3088 et
633 3044 698 3088 non
729 3019 871 3088 decanus
893 3045 952 3110 pro
975 3021 1180 3106 magisterio,
1203 3041 1340 3106 quorum
1371 3030 1420 3086 est
1448 3043 1566 3110 propo·

136 3120 274 3186 sitiones
296 3118 523 3186 examinandis
546 3122 725 3207 assignare.
1079 3121 1081 3130 '
1575 3127 1608 3184 25

281 3326 311 3384 ι.
332 3337 379 3385 nn
402 3337 520 3399 quern
541 3337 685 3404 uncam,
707 3335 1019 3386 noscmcnnnmu
1040 3337 1086 3384 nr
1108 3319 1419 3397 ριιοιιιιιιιιτιιιιι.8

218 3451 316 3535 Item,
345 3475 386 3518 ne
406 3454 587 3540 quiequam,
619 3462 652 3519 et
671 3454 839 3541 potissime
871 3451 1012 3535 inabilis,
1040 3474 1099 3541 spe
1118 3451 1201 3518 lucri
1228 3460 1284 3516 aut
1305 3452 1464 3520 commodi
1486 3463 1564 3521 tem·

134 3551 262 3640 poralis
303 3549 346 3616 ad
382 3573 519 3617 examen
556 3575 613 3618 seu
649 3561 845 3640 tcmptamen
886 3552 920 3616 in
959 3549 1083 3617 artibus
1112 3550 1301 3634 inducatur,
1333 3550 1456 3620 decano
1489 3573 1564 3620 xxx

133 3651 251 3718 floreni
271 3673 331 3738 pro
358 3651 518 3718 exercicio
539 3654 659 3718 veteris
678 3655 759 3718 artis
780 3654 1003 3739 assignentur,
1035 3674 1096 3741 pro
1119 3651 1237 3740 quibus
1257 3650 1396 3718 fideliter·
1414 3651 1563 3721 baccala-

133 3749 270 3816 riandos
294 3749 466 3838 temptabit
485 3751 520 3816 in
553 3754 689 3816 materia
717 3751 812 3817 solita
842 3750 1035 3838 disputari.⁴
1079 3750 1128 3817 Sit
1154 3760 1263 3816 mmen
1282 3751 1416 3819 ulterius
1439 3752 1606 3824 decanatu

133 3847 273 3930 salvum,
293 3849 380 3937 quod
400 3849 472 3915 aliis
492 3855 658 3937 magistris
678 3863 726 3919 est
747 3850 882 3933 salvum,
905 3873 962 3916 suo
983 3851 1088 3918 officio
1110 3875 1174 3917 non
1197 3849 1355 3918 obstante.
1392 3851 1457 3919 Sed
1477 3855 1563 3922 vice·

136 3948 332 4016 cancellario
354 3951 559 4037 assignentur
580 3971 629 4018 xx
648 3951 762 4018 floren.
803 3951 848 4018 Et
874 3949 1110 4038 quodlibetario
1133 3951 1245 4018 decem
1267 3952 1335 4019 flor.
1357 3955 1563 4041 assignentur

135 4071 156 4118 a
183 4048 350 4132 facultate,
381 4071 465 4136 quae
495 4052 596 4120 stabit
625 4054 660 4118 in
690 4051 832 4140 dampno
861 4061 893 4116 et
920 4049 1010 4118 lucro
1032 4051 1125 4118 iuxta
1144 4074 1313 4119 numerum
1335 4055 1492 4122 maiorem
1513 4055 1565 4122 vel

137 4151 299 4216 minorem
319 4150 621 4236 promovendorum.

666 4359 694 4418 5.
721 4369 767 4417 nn
790 4367 1040 4417 smrmnssrcn.
1572 4363 1606 4420 ³5

219 4481 300 4546 Item
328 4489 365 4546 ut
390 4481 538 4568 magistri
569 4483 691 4548 arcium
718 4483 752 4548 in
779 4484 914 4549 materia
940 4482 1129 4572 disputabili
1156 4482 1324 4569 generales
1346 4485 1561 4570 inveniantur,

136 4582 177 4650 de
221 4589 329 4647 cetero
373 4579 558 4668 disputetur
599 4581 682 4648 liber
724 4583 957 4672 metaphisicae
996 4583 1031 4648 in
1072 4584 1120 4648 xii
1160 4582 1254 4650 libris
1297 4585 1360 4650 tria
1399 4586 1562 4673 quartalia

226 4853 238 4904 l
257 4847 312 4903 Am
328 4845 439 4902 Raude:
456 4846 548 4918 placat
565 4845 737 4917 sinamus.

221 4937 238 4988 2
255 4931 310 4987 Am
327 4931 439 4987 Raude:
454 4947 525 5001 quae
540 4936 580 4986 ert
596 4930 736 4986 ambedo
755 4931 885 5000 marilii5
902 4930 995 4988 veiter
1011 4936 1098 4987 unten
1114 4931 1188 4992 steht
1200 4933 1295 5004 placat
1308 4929 1478 5004 sinpliciter.

224 5020 241 5071 3
258 5015 313 5071 Am
331 5015 441 5070 Raude:
454 5015 555 5086 placet

222 5099 317 5158 tDer
333 5099 389 5157 lnf.
405 5097 508 5171 passivi
528 5098 566 5154 ist
581 5114 636 5154 von
653 5097 742 5156 solda
761 5097 912 5172 abhtr’ngig.
