3768 6072
606 429 657 482 uss
675 431 793 486 stauos
814 447 865 486 von
887 431 1059 486 raas-ran.
1490 431 1547 498 tut

121 613 153 680 Si
173 623 288 680 autem
310 611 354 678 ad
377 612 512 678 alterum
534 612 714 680 officiorum
734 615 831 681 modo
854 613 1042 702 supradicto
1065 614 1226 680 duntaxat
1246 615 1403 696 venerint,
1431 612 1551 678 medie·

120 723 218 778 tatem
248 711 429 778 habebunt.
470 713 635 780 Tenentur
662 716 766 780 eciam
795 716 943 801 magistri
974 715 1116 780 omnium
1144 713 1242 778 trium
1270 711 1493 798 collegiorum,
1524 713 1550 778 si

121 811 311 878 sacerdotes
332 813 468 894 brerint,
494 812 602 900 legere
623 816 741 880 missas
767 815 959 898 animarum,
988 813 1123 901 quilibet
1144 835 1252 896 unam,
1280 837 1345 878 non
1366 811 1551 878 sacerdotes

119 934 195 976 rere
219 910 360 999 quilibet
381 911 513 998 vigilias
534 913 570 977 ix
599 913 773 978 lectionum
802 916 835 978 in
862 913 975 979 eadem
1004 916 1196 1002 septimana.
1239 911 1294 978 Ad
1321 934 1455 998 quorum
1487 935 1552 977 om-

118 1013 206 1075 nium
230 1009 478 1097 expedicionem
499 1014 606 1099 capiet
627 1015 832 1099 praepositus
860 1013 988 1098 collegii
1014 1015 1146 1078 maioris
1176 1013 1313 1099 singulis
1342 1013 1435 1076 annis
1464 1012 1552 1076 circa
1577 1021 1593 1075 5

117 1109 237 1174 festum
269 1112 376 1174 sancti
405 1109 490 1176 Galli
517 1133 536 1176 a
566 1111 718 1177 facultate
747 1115 868 1176 areium
902 1113 937 1176 xi
968 1112 1105 1178 florenos
1135 1113 1168 1176 in
1199 1114 1346 1200 pecunia,
1374 1113 1407 1176 in
1434 1107 1552 1196 quibua

119 1207 210 1275 dicta
232 1209 375 1274 facultas
397 1210 500 1276 eidem
521 1210 658 1296 collegio
684 1211 951 1277 racione'domus
973 1214 1163 1298 posterioris
1190 1222 1222 1276 et
1252 1211 1389 1276 aliarum
1416 1211 1553 1275 duarum

119 1307 403 1392 domunetrlarum,
431 1333 491 1376 nec
515 1333 580 1376 non
602 1319 634 1375 et
655 1333 762 1392 areae,
790 1312 824 1375 in
853 1333 917 1398 qua
945 1311 1150 1377 aedificatum
1175 1321 1224 1376 est
1252 1310 1503 1398 paedagogium,
1530 1331 1552 1372 a

121 1407 261 1494 collegio
285 1419 477 1496 emptarum,
500 1409 672 1496 obligatur,
695 1411 789 1476 iuxta
806 1419 949 1476 tenorem
971 1410 1098 1476 litterae
1120 1411 1355 1496 recognicionis
1370 1431 1468 1494 super
1491 1407 1552 1471 hoc

121 1530 181 1594 per
201 1507 394 1573 facultatem
416 1511 539 1574 arcium
560 1509 696 1596 collegio
719 1512 834 1575 maiori
855 1511 961 1593 datae,
986 1510 1026 1576 de
1048 1509 1164 1598 quibus
1186 1508 1329 1598 quolibet
1349 1529 1433 1572 anno
1455 1507 1593 1571 naciott)

119 1606 291 1672 Saxonum
315 1605 448 1672 habebit
473 1615 484 1673 l
510 1608 543 1672 fl.
565 1610 599 1672 in
630 1611 768 1694 pecunia
795 1633 854 1696 pro
883 1611 1134 1676 conservacione
1156 1607 1251 1695 apelii
1272 1607 1419 1672 nacionis
1439 1614 1471 1670 et
1491 1627 1551 1692 pro

120 1705 302 1770 luminibus
329 1707 418 1770 circa
439 1705 584 1772 tumbam
611 1709 646 1772 in
666 1709 787 1794 vigiliis
809 1718 841 1774 et
869 1710 970 1774 missa
991 1708 1212 1795 disponendis.
1255 1704 1381 1786 Quibus
1404 1703 1553 1769 omnibus

120 1803 290 1892 expeditis
307 1801 395 1891 [tab]
416 1805 580 1871 residuum
602 1808 685 1871 inter
705 1809 879 1894 magistros
900 1807 1028 1894 collegii
1049 1809 1183 1872 maioris
1205 1813 1393 1894 praesentes
1409 1813 1440 1868 et
1459 1824 1553 1890 prae·

119 1905 223 1968 missa
254 1904 413 1968 facientes
443 1904 622 1991 aequaliter
648 1905 823 1970 dividatur.
865 1906 1041 1972 Praedicta
1068 1929 1195 1995 quoque
1223 1904 1389 1970 ordinacio
1417 1926 1437 1969 a
1464 1900 1553 1966 nullo

120 2004 354 2090 magistrorum
387 2002 514 2088 collegii
543 2006 677 2070 maioris
707 2004 766 2070 sub
796 2007 929 2092 periurii
960 2027 1066 2093 poena
1095 2005 1302 2093 impediatur.
1344 2002 1380 2067 Si
1406 2023 1483 2066 vero
1512 2021 1553 2064 ex
1565 2009 1594 2063 15

120 2124 220 2167 causa
249 2101 460 2185 racionabili,
489 2102 529 2167 de
552 2125 617 2191 qua
643 2103 787 2169 iudicare
815 2103 981 2170 habebunt
1008 2105 1071 2170 duo
1098 2104 1248 2170 doctores
1279 2101 1433 2190 praefati,
1464 2099 1553 2164 dum·

118 2199 213 2266 modo
236 2211 416 2287 supersunt
438 2200 489 2265 vel
511 2201 593 2266 alter
614 2203 759 2291 ipsorum
786 2215 950 2290 superstes
972 2206 1079 2286 fuerit,
1102 2204 1195 2269 fieret
1215 2202 1455 2290 praedictarum
1478 2221 1551 2263 exe·

119 2302 270 2388 quianam
292 2298 467 2364 translacio
489 2299 532 2365 ad
554 2311 699 2366 sanctum
719 2301 868 2384 Paulum,
898 2314 1017 2368 extunc
1043 2303 1100 2368 fiat
1126 2325 1186 2389 per
1207 2303 1315 2368 omnia
1338 2301 1431 2364 iuxta
1452 2299 1550 2362 conti·

119 2402 270 2464 uenciam
292 2399 404 2463 statuti
432 2401 651 2484 exequiarum,
687 2424 746 2486 per
767 2401 810 2466 M.
832 2401 1042 2488 Henningum
1065 2401 1105 2466 de
1126 2399 1338 2466 Hildenshem
1361 2397 1466 2462 bonae
1487 2418 1551 2460 me·
1613 2460 1616 2467 .

119 2500 245 2562 moriae
278 2518 338 2583 pro
370 2496 597 2563 fundatoribus
635 2501 856 2566 universitatis
893 2510 925 2565 ct
961 2499 1222 2566 benefactoribus
1256 2497 1384 2582 collegii
1416 2497 1594 2560 maioristu

121 2595 368 2684 dispositarum,
397 2595 437 2660 de
458 2618 521 2682 quo
542 2597 729 2663 immediate
749 2621 850 2686 supra
871 2611 946 2666 ante
972 2622 1127 2687 praesens
1153 2607 1315 2664 statutum.
1356 2596 1401 2661 Et
1427 2597 1462 2659 in
1484 2595 1552 2681 qui·

121 2694 266 2760 buslibet
287 2693 407 2758 talibus
429 2697 585 2782 exequiis,
607 2707 673 2762 tam
692 2699 762 2763 istis
781 2722 878 2786 qnam
897 2697 1178 2786 praecedentibus,
1197 2697 1402 2784 praepositus
1426 2693 1552 2780 collegii

122 2797 258 2860 maioris
281 2793 379 2857 finem
403 2793 587 2880 vigiliarum
614 2806 645 2859 et
673 2797 847 2862 missarum
876 2797 1103 2864 defunctorum
1125 2807 1301 2884 expectare
1327 2804 1484 2876 teneatur,
1511 2791 1554 2859 ad

120 2892 311 2974 videndum,
339 2892 426 2979 quod
455 2893 583 2978 singula
604 2896 696 2960 iuxta
724 2895 966 2962 ordinacionem
987 2907 1181 2962 statutorum
1210 2895 1251 2961 de
1278 2895 1424 2981 exequiis
1453 2893 1553 2958 facto-

122 3016 204 3076 rum,
227 2990 355 3056 scilicet
376 2991 409 3054 in
425 2992 587 3059 cantando
599 2989 801 3060 ‘Recordare'
819 3007 851 3060 et
873 2995 998 3076 ceteris,
1018 2995 1167 3060 effectum
1190 2993 1337 3064 debitum
1359 2993 1593 3059 sarciantur.25

121 3091 157 3156 Si
177 3113 259 3156 vero
288 3091 494 3176 praepositus
516 3091 690 3178 impeditus
715 3093 750 3158 id
778 3117 837 3182 per
861 3117 895 3160 se
924 3096 1031 3159 facere
1058 3115 1121 3158 non
1150 3092 1284 3178 poterit,
1314 3090 1467 3177 disponat
1494 3113 1553 3178 per

121 3190 221 3255 alium
243 3189 436 3274 magistrum
456 3187 497 3253 de
518 3189 664 3276 collegio,
684 3195 740 3277 qui
761 3195 832 3258 vioe
856 3194 906 3256 sui
929 3193 964 3257 id
985 3201 1174 3278 exequatur.

121 3428 169 3488 59.
193 3419 256 3508 [Bl.
281 3417 352 3508 13⁸]
375 3439 561 3488 suasurum
583 3440 809 3489 concurrens
832 3440 955 3488 novun
976 3437 1226 3487 consuetarum
1246 3437 1450 3486 mansurnis
1471 3439 1553 3487 oon·

121 3539 257 3586 naemu
280 3538 327 3585 nr
349 3538 531 3586 usurarius
554 3538 829 3602 consensurus,
856 3539 920 3586 sun
941 3537 1285 3586 vrcunasnrosrruns
1306 3537 1400 3585 noar.
1421 3537 1554 3584 manser

175 3637 318 3687 nnuvsu
339 3637 385 3684 ns
408 3637 637 3685 corrruonnn
659 3638 727 3687 ruo
751 3638 859 3687 nono.
881 3637 1038 3686 marum
1059 3637 1106 3684 nu
1127 3636 1259 3684 nourrz
1280 3636 1499 3684 insonuruu.
1561 3627 1596 3684 ³0

202 3784 300 3850 Anno
330 3782 451 3850 domini
479 3783 649 3850 millesimo
679 3784 997 3872 quadringentesimo
1027 3785 1340 3870 octogesimooctavo
1363 3784 1555 3852 duodecima

122 3883 174 3948 die
203 3883 328 3947 mensis
357 3882 549 3948 Novembris
579 3880 676 3968 (1488
704 3889 731 3946 d.
755 3891 802 3950 ta.
824 3884 931 3967 Noa),
965 3905 1047 3969 quae
1076 3883 1163 3948 cadit
1189 3885 1224 3948 in
1253 3894 1438 3972 sequentem
1467 3883 1553 3948 diem

123 3991 197 4068 post
217 3982 339 4046 festum
359 3981 502 4064 Martini,
530 3983 606 4069 quia
627 3983 723 4070 plura
742 3985 776 4047 in
797 3984 858 4048 hoc
879 3983 1016 4069 collegio
1040 3983 1154 4048 maiori
1178 3982 1328 4047 aedificia
1348 3982 1499 4048 hincinde
1519 3983 1553 4046 in

124 4080 234 4145 multis
257 4079 339 4145 locis
360 4082 566 4166 reperiuntur
588 4083 706 4168 partim
730 4084 862 4146 ruinosa
884 4085 1003 4168 partim
1023 4082 1183 4168 frequenti
1202 4080 1388 4166 indigencia
1408 4081 1553 4146 refectio-

123 4201 163 4244 ne
191 4189 224 4244 et
245 4179 345 4243 fiacus
367 4177 496 4264 collegii
528 4178 571 4244 ad
591 4179 676 4245 hane
703 4181 885 4245 faciendam
910 4187 960 4260 (ut
981 4187 1120 4259 constat)
1144 4181 1276 4244 minime
1303 4189 1352 4243 est
1379 4180 1595 4260 rametenses

123 4280 252 4364 integra
280 4277 357 4341 item
378 4299 464 4344 nova
486 4278 601 4343 domus
625 4277 744 4343 bursae
766 4279 970 4344 Bavarorum
992 4301 1034 4343 ex
1063 4277 1271 4342 fundamento
1299 4299 1360 4362 per
1382 4277 1552 4363 collegium

122 4375 287 4442 laboriose
309 4385 361 4439 est
379 4385 564 4442 constructa
584 4379 714 4465 iamque
736 4377 892 4443 adfinem
919 4388 951 4442 et
977 4377 1121 4442 totaliter
1147 4386 1378 4459 consummata,
1405 4375 1462 4442 ubi
1490 4375 1554 4442 col·

124 4474 248 4561 legium
268 4473 446 4540 notabilem
467 4478 625 4562 pecuniae
647 4499 804 4542 summam
826 4476 997 4564 expendit,
1026 4485 1059 4539 et
1077 4473 1212 4560 quilibet
1233 4473 1274 4538 de
1295 4473 1431 4562 collegio
1453 4476 1554 4560 magi·

129 4584 269 4639 strornm
293 4595 437 4640 seorsum
465 4575 569 4639 eciam
597 4575 636 4638 de
663 4577 805 4662 propriis
834 4576 914 4639 satis
939 4572 1116 4639 notabilem
1144 4570 1187 4636 ad
1216 4572 1300 4638 hanc
1325 4597 1444 4640 novam
1472 4585 1553 4640 sbu-

127 4685 250 4737 cturam
273 4673 397 4738 exolvit
419 4674 601 4758 pecuniam,
631 4695 714 4759 quae
741 4685 849 4738 tamen
878 4694 937 4759 pro
967 4670 1111 4736 eiusdem
1132 4693 1237 4736 novae
1263 4671 1377 4738 domus
1401 4676 1448 4739 sic
1467 4685 1596 4740 com-40

126 4771 232 4858 pletae
263 4781 296 4838 et
328 4771 490 4858 perfectae
522 4770 681 4838 solutione
711 4794 915 4858 nequaquam
950 4771 1090 4853 suffecit,
1124 4778 1257 4856 propter
1288 4771 1376 4858 quod
1406 4781 1551 4837 mutuum

125 4869 222 4936 iidem
242 4870 394 4954 magistri
416 4869 579 4956 collegiati
600 4871 745 4956 recipere
768 4868 898 4934 aliunde
919 4871 1046 4936 memmi
1069 4869 1184 4951 coacti,
1215 4879 1248 4933 et
1274 4868 1411 4934 utillud
1436 4869 1551 4936 melius

126 4979 221 5056 atque
239 4966 355 5034 melius
377 4966 460 5033 solvi
481 4969 644 5056 possitae
665 4969 769 5032 eciam
790 4968 940 5034 aedificia
965 4971 1029 5034 iam
1056 4975 1240 5032 constructa
1267 4965 1395 5033 facilius
1422 4969 1456 5032 in
1481 4990 1552 5034 esse

126 5075 406 5149 conservarentur,
422 5063 506 5153 [131’]
528 5064 630 5131 multa
651 5065 884 5134 deliberatione
903 5079 935 5135 et
954 5066 1198 5134 interlocutione
1219 5065 1430 5152 praehabitis,
1453 5075 1552 5134 statu·
