3762 6074
344 513 404 578 498
839 509 890 562 Die
907 512 1126 578 philosophische
1144 506 1271 564 Focalttt.

344 693 543 780 magistrali3
565 704 597 759 et
616 692 737 759 habeat
758 695 840 762 duas
862 697 1066 785 quaestiones
1086 703 1118 758 et
1140 693 1203 760 duo
1225 693 1429 781 sophismata
1451 693 1485 756 in
1505 695 1646 758 materia
1664 717 1765 780 supra·
1865 729 1866 788 t

344 795 519 876 nominata,
549 793 745 880 disputando
773 795 817 859 ad
846 795 970 876 horam,
1000 794 1059 860 sub
1088 817 1193 880 poena
1221 817 1287 859 non
1315 793 1566 880 computationis
1595 793 1765 858 huiusmodi
1865 789 1866 840 l

346 892 574 979 disputationis
593 893 748 980 utrisque,
771 904 837 959 tam
859 892 1132 982 respondentibus
1154 915 1251 980 quam
1274 891 1465 980 disputanti.

385 1115 433 1174 25.
457 1106 516 1195 [Bt.
539 1105 611 1195 37¹³]
634 1127 681 1174 nn
703 1126 936 1176 nscrroumns
956 1126 1131 1175 nnesunrs
1151 1127 1218 1174 ens
1239 1125 1474 1174 nacesnsmos
1495 1125 1624 1174 omnus
1645 1123 1731 1173 osm-

302 1220 318 1273 5
759 1225 936 1274 conamus
956 1227 1003 1274 sn
1023 1225 1110 1274 rans
1133 1225 1355 1274 snrrmsuss.

433 1340 646 1406 Baccalaurei
677 1350 824 1428 tempore
861 1343 1082 1429 suspensionis
1120 1341 1293 1406 lectionum
1326 1343 1359 1405 in
1391 1339 1507 1406 dicbus
1540 1337 1769 1404 caniculsuibus

348 1440 486 1526 legendo
501 1439 625 1524 aliquid
645 1442 679 1504 in
700 1442 925 1526 grammatica,
947 1439 1109 1506 rethorica
1123 1453 1179 1506 aut
1199 1442 1233 1504 in
1249 1439 1509 1527 computualibus
1530 1451 1564 1504 et
1586 1437 1767 1524 algorithmo

349 1539 468 1604 debent
489 1563 523 1604 se
546 1540 718 1626 diligenter
742 1541 932 1605 exercitare.
961 1541 1006 1606 Et
1027 1551 1201 1627 antequam
1222 1540 1284 1605 hoc
1303 1543 1449 1621 fecerint,
1470 1562 1531 1626 pro
1552 1539 1661 1624 gradu
1680 1538 1769 1622 magi·
1865 1609 1866 1622 χ

346 1639 436 1703 sterii
457 1661 662 1727 nequaquam
684 1637 907 1708 admittantur.

306 1865 338 1920 10
394 1861 444 1922 26.
469 1872 516 1918 ns
538 1872 683 1920 uusmso
705 1872 1032 1921 ssccumnnnosuu
1053 1871 1315 1920 nrsrursurrnu
1335 1869 1516 1920 nemmem
1538 1871 1668 1920 nrnnus
1688 1871 1730 1917 sr

760 1973 964 2020 mnnurrnu
985 1971 1069 2020 nunu
1091 1971 1358 2019 nuonnmuruu.

430 2086 553 2169 Placet,
580 2099 615 2152 ut
640 2087 823 2175 quindecim
844 2086 1049 2154 baccalaurei
1071 2087 1225 2169 seniores,
1248 2085 1362 2151 diebus
1385 2085 1556 2151 dominicis
1579 2087 1614 2150 in
1637 2083 1770 2171 disputa·

344 2189 431 2252 tione
449 2185 737 2252 baccalaureorum
760 2198 958 2274 praesentes,
981 2185 1125 2250 habeant
1146 2185 1282 2270 quilibet
1307 2184 1449 2250 medium
1476 2207 1628 2270 grossum
1650 2205 1771 2264 novrum,

346 2309 427 2372 quos
456 2284 688 2352 baccalaureus
718 2286 890 2373 disputans
917 2284 1141 2374 praesentabit
1168 2284 1290 2349 eisdem
1317 2307 1394 2350 mox
1425 2286 1460 2349 in
1488 2284 1604 2350 eadem
1634 2283 1770 2371 disputa-

305 2397 335 2449 15
345 2387 442 2467 tione,
470 2385 529 2449 sub
551 2409 656 2472 poena
677 2395 750 2451 octo
771 2408 970 2472 grossorum,
999 2407 1079 2474 quos
1103 2384 1245 2448 decanus
1268 2395 1461 2472 extorquere
1483 2407 1504 2450 a
1526 2385 1772 2451 contrafacientc
1865 2471 1866 2474 Ἴ

345 2483 442 2548 dehet
461 2493 494 2548 et
513 2493 648 2550 tenetur.

571 2689 622 2752 27.
643 2702 691 2748 nn
710 2701 825 2749 conus
844 2699 1072 2748 onsssvsuns
1096 2701 1131 2746 m
1153 2698 1337 2748 conusens
1357 2701 1402 2747 nr
1427 2699 1556 2748 snnsrs.

428 2816 555 2898 Placet,
585 2815 671 2905 quod
698 2819 733 2881 in
754 2818 840 2883 nullo
867 2817 1073 2900 collegiorum
1097 2815 1149 2880 vel
1179 2815 1350 2881 bursarum
1380 2816 1553 2902 supposita
1573 2813 1617 2880 ad
1647 2837 1772 2880 coenam

345 2915 470 3002 pulsari
501 2917 622 2981 faciant
653 2927 709 2981 aut
740 2916 875 2981 eandem
908 2924 1040 2981 teneant
1070 2926 1145 2979 aute
1176 2915 1291 2980 horam
1326 2916 1482 3004 quintam,
1514 2925 1582 2979 tam
1608 2917 1644 2979 in
1677 2913 1773 2979 hieme

302 3024 442 3103 20quam
465 3025 597 3097 aestate,
628 3014 688 3079 sub
710 3039 815 3102 poena
837 3027 988 3105 quattuor
1010 3039 1210 3102 grossorum,
1238 3037 1298 3101 per
1320 3014 1477 3080 decanum
1500 3035 1521 3077 a
1541 3013 1772 3079 contrafacien-

344 3115 430 3180 tibus
453 3113 776 3202 extorquendorum.¹

1039 3403 1082 3468 II.

390 3597 415 3654 t.
447 3583 506 3672 [Bl.
523 3581 594 3670 38⁸]
619 3603 758 3650 courel
782 3603 1034 3652 nermcronrs
1061 3599 1278 3651 rucunrsrrs
1300 3599 1448 3665 snrruu,
1468 3600 1657 3648 vammum
1676 3601 1736 3649 snu

494 3701 653 3748 eranum
676 3702 722 3748 nr
746 3703 943 3750 counssms
964 3705 1073 3768 sous,
1095 3701 1275 3750 ennomus
1295 3699 1500 3747 reuersum
1521 3699 1633 3749 csoss

302 3795 335 3850 25
682 3801 818 3849 nmsms
840 3802 1168 3851 ruresscmrnonuu
1190 3798 1435 3848 srsrnroauu.

427 3951 501 4014 Non
523 3949 619 4014 debet
648 3949 689 4015 ab
717 3950 824 4035 aliquo
846 3954 1075 4037 magistrorum
1098 3951 1149 4016 vel
1181 3949 1378 4015 scholarium
1406 3949 1667 4035 reprehensibile
1698 3950 1770 4015 iudi·

347 4053 431 4134 cari,
464 4051 491 4114 si
523 4049 715 4138 quandoque
745 4073 787 4114 ox
818 4054 924 4116 causis
955 4049 1204 4116 rationabilibus
1233 4050 1403 4114 variantur
1432 4057 1554 4113 statuta
1583 4053 1718 4134 antiqua
1745 4061 1771 4112 et

344 4149 540 4214 inducuntur
567 4171 667 4230 nova,
697 4151 890 4237 praesertim
919 4173 991 4214 cum
1020 4173 1140 4236 urgens
1166 4151 1343 4214 necessitas
1370 4158 1403 4212 et
1429 4145 1564 4212 evidens
1590 4149 1714 4214 utilitas
1742 4147 1771 4212 id
1865 4153 1866 4156 ’

347 4252 505 4335 exposcit.
550 4247 645 4328 Quod
677 4253 774 4315 etiam
803 4249 891 4336 apud
926 4253 1052 4336 priscos
1084 4248 1287 4335 legislatores
1317 4269 1551 4333 saepenumero
1579 4259 1772 4336 compertum
1865 4247 1866 4280 ³

303 4358 412 4430 ³0est,
441 4358 476 4412 ut
498 4369 550 4429 ea,
580 4350 744 4432 quaerite
767 4361 798 4413 et
818 4359 906 4414 recte
928 4359 1049 4414 statuta
1071 4349 1170 4430 fuere,
1200 4358 1274 4412 ante
1296 4346 1397 4410 multa
1418 4353 1569 4432 tempora
1591 4349 1677 4414 iusta
1696 4350 1771 4429 visa,
1865 4399 1866 4404 .

346 4446 503 4513 hodierna
532 4447 585 4511 die
614 4451 647 4513 in
675 4471 736 4513 usu
763 4471 830 4512 non
857 4457 931 4512 sunt
958 4471 1019 4512 nee
1045 4470 1106 4533 pro
1135 4446 1262 4532 legibus
1293 4455 1457 4529 tenentur;
1488 4467 1601 4511 verum
1632 4447 1772 4512 acdestis
1865 4455 1866 4478 ³

347 4548 507 4627 dominus,
530 4567 612 4634 qnae
634 4548 668 4610 in
689 4550 791 4612 veteri
814 4558 1005 4612 testamento
1027 4547 1149 4629 statuit,
1170 4545 1379 4611 nonnullam
1399 4565 1484 4610 novo
1503 4548 1651 4612 mumvit.
1678 4547 1771 4612 Nimi-

344 4671 433 4730 rum,
460 4646 546 4731 quod
574 4646 712 4710 facultas
740 4651 874 4730 artium,
903 4656 1007 4712 mater
1036 4646 1174 4710 aliarum
1202 4645 1405 4727 facultatum,
1427 4643 1539 4733 aliqua
1568 4645 1723 4712 reformat
1741 4647 1771 4709 in

346 4745 472 4828 melius,
493 4747 570 4833 quia
591 4745 733 4832 plurima
754 4749 887 4834 antiqua
908 4757 1029 4811 statuta
1049 4745 1083 4809 in
1100 4743 1353 4810 dissuetudinem
1375 4743 1526 4810 abierunt
1547 4755 1580 4810 et
1600 4747 1772 4812 novissima

434 5017 443 5066 1
465 5009 606 5066 Hiemsch
625 5027 678 5064 von
700 5013 822 5080 spttterer
836 5011 919 5065 Hand
940 5009 1000 5066 eine
1012 5009 1192 5082 Verweisung
1212 5010 1265 5066 aut
1279 5012 1333 5066 den
1351 5011 1598 5068 Zosatabescblnss
1614 5029 1676 5067 rom
1691 5009 1772 5067 dabre

349 5100 425 5150 teta:
460 5098 592 5151 Addatar
607 5103 735 5149 etatum
751 5097 872 5165 positum
889 5098 918 5149 in
934 5097 994 5162 fine
1007 5102 1074 5165 post
1089 5101 1191 5148 statuta
1208 5097 1356 5164 muprbtroa
1374 5099 1577 5164 roueemende,
1597 5099 1674 5167 prod
1689 5104 1726 5149 est
1741 5097 1771 5148 de

347 5196 387 5248 eo,
405 5183 481 5250 qrrod
495 5181 668 5235 scholasticis
686 5189 709 5234 el
728 5181 955 5234 baccalaureus
974 5181 1136 5250 primmdum
1153 5180 1222 5232 aliie
1233 5181 1346 5250 publice
1363 5182 1450 5250 lepore
1466 5201 1521 5236 aon
1540 5183 1629 5237 licoat.
