3748 6070
385 535 446 600 352
876 533 927 584 Die
945 529 1164 597 philosophiaclre
1180 529 1308 582 Facultiit.

386 737 608 804 quemcunque
629 723 748 780 statum
770 713 940 800 devenero,
954 713 1051 779 velim
1074 715 1283 802 procurare¹3
1306 714 1381 777 item
1403 709 1488 798 quod
1510 733 1575 776 non
1589 709 1683 776 velim
1699 709 1788 777 deter-

386 815 510 880 minare
531 815 596 878 nisi
617 812 727 879 habito
747 815 882 902 signeto.

467 967 623 1027 Hiarnacb
642 988 699 1027 von
721 971 852 1028 anderen
870 968 970 1027 Hand
988 967 1201 1046 hienymus:

468 1114 548 1178 Item
580 1113 666 1200 quod
694 1114 791 1182 ‚velim
819 1113 947 1202 publice
975 1113 1190 1178 determinare
1217 1121 1291 1178 ante
1318 1113 1416 1176 finem
1445 1111 1609 1197 sequentis
1639 1109 1790 1190 examinis,

345 1223 362 1279 5
388 1216 452 1279 nisi
473 1236 533 1301 per
553 1213 739 1278 facultatem
761 1236 858 1300 super
877 1211 939 1278 hoc
961 1234 1086 1278 mecum
1107 1213 1206 1278 fuerit
1226 1213 1458 1298 dispensabam.

929 1468 1260 1476 ————-—-—

470 1671 566 1729 Dana
590 1669 660 1728 sind
680 1672 699 1732 2
720 1669 819 1727 Seiten
841 1671 902 1726 leer
921 1671 1074 1746 peluem
1097 1669 1219 1742 darauf
1233 1667 1351 1744 beqinnt
1371 1667 1480 1727 wieder
1501 1667 1548 1728 dia
1569 1677 1647 1728 erata
1666 1668 1766 1727 Hand:

789 1837 823 1886 11.
851 1837 910 1886 Die
927 1835 1177 1898 Magistraudeu
1195 1833 1396 1884 betrestsnd.

388 1965 450 2056 [Bl.
471 1963 544 2052 36¹³]
569 1965 884 2054 Subsequencis
903 1966 1047 2052 legere
1066 1973 1224 2031 tenetur
1245 1964 1428 2051 quilibet
1447 1965 1632 2032 decanus
1652 1986 1792 2053 promo·
1850 1987 1851 2040 l

426 2069 514 2132 veri
536 2066 779 2132 volentibus
800 2068 850 2133 ad
871 2066 1044 2152 gradum
1066 2065 1328 2150 magisterii²
1351 2068 1389 2130 in
1409 2065 1572 2131 artibus
1593 2075 1760 2152 tempore

348 2177 380 2232 10
484 2165 820 2253 dispensacionis
843 2177 881 2232 et
902 2175 1086 2252 tempore
1111 2165 1404 2250 inscripcionis
1426 2187 1494 2230 seu
1515 2166 1712 2232 introitus
1850 2191 1851 2202 ¹

971 2265 1021 2329 ad
1048 2285 1228 2329 examen.

390 2423 417 2482 1.
447 2435 483 2482 m
505 2433 600 2494 Quor
622 2432 934 2482 nrsrurucroumus
961 2431 1159 2481 occursans
1185 2429 1416 2480 raouovsrmr
1443 2433 1490 2480 uo
1516 2431 1744 2482 unumunurn
1765 2429 1793 2478 ur

800 2531 949 2580 surmus
972 2531 1159 2580 sensurus
1180 2528 1399 2578 commuue.
1850 2517 1851 2550 ³

958 2650 1016 2713 Vgl.
1035 2649 1181 2712 Hauptstut
1202 2647 1241 2698 12.

354 2775 384 2828 15
476 2762 622 2844 Quilibet
642 2763 909 2830 baccalariorum.
934 2765 968 2828 iu
991 2761 1116 2828 artibus
1137 2760 1251 2828 volens
1278 2764 1471 2850 promoveri,
1493 2785 1554 2850 pro
1575 2763 1694 2829 honore
1712 2760 1791 2827 facul·
1850 2821 1851 2840 ,

389 2865 465 2928 tatis
499 2865 622 2928 arcium
652 2865 686 2928 iu
718 2864 829 2930 decem
861 2863 1140 2950 disputacionibus
1170 2860 1344 2927 ordinariis
1374 2863 1408 2926 in
1438 2861 1552 2928 habitu
1583 2863 1705 2950 integro
1734 2874 1793 2926 aute
1850 2853 1851 2934 J

389 2965 595 3050 apereiouem
623 2966 841 3050 temptaminis
870 2987 890 3028 a
919 2964 1079 3050 principio
1110 2962 1201 3026 tercii
1234 2961 1454 3048 sophismatis,
1484 2984 1649 3050 quousque
1675 2963 1794 3048 quinque

389 3063 538 3148 magistri
559 3061 749 3148 arguebant,
772 3073 813 3146 et,
835 3086 875 3127 ne
897 3063 1130 3149 respondentes
1151 3061 1312 3143 deficiant,
1334 3073 1468 3148 paratus
1491 3061 1534 3126 ad
1556 3059 1792 3149 respondendum

392 3161 436 3226 ad
457 3184 681 3249 quamcunque
708 3175 834 3249 partem
854 3174 982 3228 tenetur
1004 3183 1203 3249 comparere,
1234 3161 1293 3226 sub
1324 3183 1429 3246 poena
1456 3183 1521 3226 non
1547 3159 1742 3226 admissionis
1760 3156 1793 3222 sd
1850 3225 1851 3252 ,

349 3268 600 3348 botemptamen,
620 3263 684 3326 nisi
702 3261 876 3350 diligencia
896 3261 1044 3327 adbibita
1060 3259 1263 3326 commodose
1276 3260 1472 3346 tappardum
1489 3257 1611 3344 habere
1626 3284 1686 3327 uon
1701 3259 1793 3346 potuit,

392 3360 433 3426 de
452 3383 514 3448 quo
536 3361 722 3428 facultatem
742 3385 801 3450 per
823 3372 921 3427 testes
943 3361 994 3426 vel
1018 3383 1111 3426 suum
1130 3363 1346 3425 iuramentum
1368 3357 1566 3425 informabit.

797 3535 827 3595 2.
849 3546 944 3593 uuam
963 3546 1010 3593 un
1033 3543 1179 3592 umuuu
1199 3543 1408 3592 unumunurn

961 3664 1022 3728 Vgl.
1041 3663 1187 3726 Hauptatst.
1206 3661 1246 3713 21.

474 3779 556 3844 Item
587 3779 629 3844 ad
660 3778 797 3866 gradum
826 3779 1005 3864 magisterii
1030 3785 1103 3841 suut
1131 3775 1207 3842 libri
1227 3776 1298 3840 isti:
1336 3777 1581 3862 topicorum,
1608 3776 1656 3842 de
1681 3773 1794 3853 coelo,

351 3879 440 3944 25de
471 3880 767 3963 generacione,
797 3875 1124 3963 methaphisice,
1156 3897 1289 3961 parva
1316 3873 1550 3958 naturalia,
1579 3876 1795 3951 ethicorum,

391 3977 666 4064 politicorum,
694 3978 1052 4062 yconomicorum,
1085 3975 1353 4060 perspectiva
1375 3977 1611 4058 communis,
1634 3975 1795 4040 theorica

394 4075 676 4162 planetarum,
703 4075 915 4158 Euclides,
943 4075 1062 4161 loyes
1090 4073 1262 4156 Hesbri,
1289 4075 1557 4139 arismetrica
1583 4072 1795 4149 eommunis,

391 4177 547 4241 musica
566 4175 715 4258 Muris,
737 4175 1047 4240 metheororum

559 4349 587 4409 3.
625 4361 672 4407 ou
694 4358 890 4408 sxuucrcns
911 4360 958 4408 su
981 4357 1127 4406 usinum
1148 4356 1656 4410 uuu1srsuuruurmuur1sus.

351 4483 385 4539 30
952 4477 1012 4540 Vgl.
1035 4477 1181 4540 Hauptstat.
1202 4476 1241 4526 24.

476 4590 558 4655 Item
577 4591 683 4656 nullus
705 4593 802 4657 debet
823 4591 949 4656 admitti
971 4589 1015 4654 ad
1034 4598 1230 4674 temptamen
1251 4613 1311 4677 pro
1328 4590 1434 4675 gradu
1448 4592 1638 4678 magisterii,
1650 4592 1709 4655 nisi
1722 4587 1795 4675 prius

394 4691 521 4756 steterit
548 4691 581 4754 in
612 4694 779 4756 exerciciis
809 4691 1041 4775 infrascriptis,
1074 4687 1196 4752 scilicet
1225 4684 1313 4777 [37⁸]
1341 4689 1610 4777 methaphisieae,
1635 4690 1796 4762 ethicorum,

396 4790 605 4878 phisicorum,
634 4793 753 4855 veteris
785 4794 875 4872 artis,
903 4811 986 4877 quae
1016 4796 1091 4852 sunt
1120 4790 1333 4870 necessitatis,
1361 4789 1602 4856 metheororum
1630 4789 1680 4855 vel
1705 4785 1796 4875 parvis
1850 4779 1851 4824 i

394 4891 597 4957 naturalibus
627 4911 687 4975 pro
716 4911 790 4974 uno,
822 4894 856 4954 in
886 4889 926 4954 de
958 4885 1046 4953 coelo
1078 4897 1110 4950 et
1139 4886 1258 4952 mundo
1281 4886 1334 4952 vel
1355 4889 1396 4953 de
1424 4892 1638 4976 generacione
1666 4911 1720 4976 pro
1738 4903 1796 4961 uuo,

473 5131 483 5180 l
504 5123 635 5193 Anfengs
653 5137 710 5174 war
727 5119 904 5191 geschriebeu
918 5121 1039 5187 fimiter
1056 5119 1208 5175 clamare.

473 5215 487 5263 2
508 5209 560 5264 Die
580 5207 680 5264 worse
697 5205 737 5258 ad
751 5207 868 5275 praedam
885 5205 1040 5274 mapiarers'i
1057 5204 1117 5258 sind
1136 5205 1186 5258 mit
1203 5203 1356 5259 schamen
1372 5203 1478 5260 schrift
1495 5205 1700 5278 eingesehoben
