3794 6060
528 396 626 446 basiert
641 395 689 445 ani
703 397 811 460 Herzog
829 394 933 460 Georgo
950 397 1131 447 Reformation
1264 353 1268 366 ¹
1503 397 1540 459 Al

249 577 324 659 cha,
343 581 482 663 graece¹
501 577 664 666 latineque
685 587 717 644 et
742 578 953 668 undecunque
975 579 1103 661 docum,
1127 589 1193 644 tam
1217 579 1295 644 scite
1320 587 1352 640 et
1378 575 1542 661 eleganter

251 677 427 760 transtulit,
447 687 483 744 ut
502 670 652 746 Barbari)
673 701 767 744 nemo
793 681 834 745 sit
854 681 960 744 minue
981 678 1159 764 barbarus,
1188 701 1281 746 nemo
1303 678 1337 742 in
1358 676 1420 742 hac
1442 685 1541 742 mate

247 777 296 840 ria
316 776 486 843 facundior
505 787 537 844 et
559 801 679 866 graeco
702 776 850 866 (gravior
858 779 890 867 l)
914 779 1092 847 Themistio
1113 780 1222 845 latino.

209 891 316 957 Hora
336 895 475 980 prima.
516 895 598 962 Cum
620 897 691 960 sine
711 895 882 962 dialectica
901 899 1082 984 topicorum
1094 907 1126 961 ct
1143 895 1404 982 syllogismorum
1425 892 1543 979 peritia

248 1001 426 1075 oratorum,
447 994 714 1083 philosophorum
745 1006 776 1062 et
801 997 1101 1063 iurisconsultorum
1122 996 1358 1083 disputationes
1380 991 1542 1072 vacillent,
1568 1000 1584 1056 5

247 1093 286 1155 in
313 1101 471 1159 aestate
498 1093 646 1180 legentur
673 1094 749 1162 libri
777 1098 991 1183 posteriorum
1023 1097 1259 1184 analyticorum
1291 1091 1476 1158 Aristotelis
1507 1092 1543 1156 in

246 1191 417 1259 tralatione
438 1192 675 1283 Archyropyli,
698 1197 738 1260 in
758 1194 901 1283 hyeme
923 1207 1061 1284 quatuor
1081 1195 1157 1262 libri
1175 1198 1366 1284 topicorum.

208 1306 351 1372 Eadem
381 1308 488 1375 hora.
532 1312 583 1376 Ne
608 1314 768 1376 maiorum
796 1314 927 1399 ingenia
953 1323 1199 1401 praetereantur
1218 1311 1281 1395 (i),
1311 1312 1351 1375 in
1381 1316 1544 1374 aestate

247 1406 395 1494 legentur
422 1408 499 1474 libri
527 1410 712 1477 Aristotelis
740 1411 780 1476 de
807 1435 903 1478 sensu
926 1423 958 1478 et
978 1423 1124 1494 sensato,
1152 1413 1192 1478 dc
1211 1411 1368 1478 memoria
1393 1419 1425 1474 et
1446 1409 1540 1472 remi·

245 1509 419 1591 niscentia,
454 1509 495 1576 de
526 1533 639 1576 somno
674 1520 707 1576 et
736 1512 868 1599 vigilia,
903 1513 943 1578 de
973 1513 1173 1599 longitudine
1204 1523 1235 1578 et
1261 1511 1421 1576 brevitate
1443 1511 1539 1590 vitae,
1552 1515 1584 1572 10

167 1605 171 1623 '
244 1607 286 1671 in
306 1607 496 1697 hyberno
518 1633 596 1676 vero
616 1613 681 1698 ipsi
700 1609 777 1677 libri
797 1613 983 1678 Aristotelis
1005 1613 1265 1698 degeneratione
1281 1621 1313 1676 et
1327 1611 1541 1696 corruptione,

244 1708 421 1796 interprete
441 1709 623 1796 Augustino
645 1711 780 1799 Nypho,
808 1721 840 1778 et
860 1712 900 1777 B.
921 1711 1065 1778 Thomas
1087 1711 1128 1778 de
1154 1723 1227 1777 onte
1254 1721 1286 1776 et
1311 1710 1475 1790 seconcia,
1501 1729 1542 1771 ne

244 1808 349 1874 facilis
369 1807 413 1875 ad
434 1810 691 1899 metaphysicam
713 1811 820 1878 aditus
838 1810 932 1878 desit.

205 1923 352 1991 Eadem
372 1926 481 1992 hora.
514 1927 597 1994 Cum
617 1937 728 1994 orator
750 1929 929 1994 nascatur²
950 1939 983 1993 et
1002 1937 1120 1995 natura
1140 1927 1225 1993 illius
1248 1935 1318 1992 arto
1341 1923 1539 2012 perficiatur,

242 2025 388 2111 legentur
410 2029 573 2094 oratoriae
584 2029 623 2094 F.
635 2027 827 2110 Quintiliani
847 2029 1077 2110 institutiones,
1100 2029 1169 2093 acri
1189 2026 1309 2092 iudicio
1324 2035 1356 2089 et
1370 2023 1583 2110 ingeniosa15

242 2123 416 2210 verborum
442 2129 643 2214 parsimonia
671 2129 894 2212 elucubratae,
928 2127 1045 2216 quibus
1069 2127 1211 2192 futurum
1238 2135 1400 2192 oratorem
1427 2121 1469 2188 ab
1492 2123 1540 2187 in-

242 2224 363 2290 lantiae
383 2225 587 2293 incunabrdis
609 2227 653 2294 ad
673 2228 820 2294 nltimmn
847 2228 1007 2294 currentis
1034 2227 1206 2292 facundiae
1225 2225 1391 2311 fastigium
1413 2231 1445 2288 et
1465 2221 1543 2288 boni

244 2325 307 2390 viri
331 2327 458 2413 apicem
479 2326 600 2392 excolit
621 2337 653 2392 et
674 2327 791 2394 evehit

207 2438 314 2506 Hora
337 2440 527 2508 secunda.
548 2443 651 2510 Porro
674 2466 746 2509 cum
766 2446 894 2510 animae
923 2453 956 2509 et
982 2444 1064 2510 coeli
1090 2441 1320 2530 contemplatio
1349 2440 1391 2505 sit
1418 2459 1543 2503 summa

245 2541 417 2629 suiipsius
441 2543 582 2628 cognitio
605 2553 637 2607 et
661 2547 837 2632 sapientia,
865 2553 901 2609 ut
928 2544 1023 2610 Plato
1047 2545 1081 2610 in
1102 2540 1273 2609 Alcibiade
1298 2541 1414 2614 refert,
1443 2560 1484 2603 ne
1506 2544 1582 2601 etto

245 2639 337 2706 huius
362 2643 537 2728 expertes³
558 2642 742 2709 scholastici
763 2643 952 2727 reddantur,
974 2646 1015 2709 in
1035 2653 1192 2710 aestate
1213 2643 1363 2728 legantur
1384 2649 1450 2703 tres
1465 2636 1538 2701 Ari·

245 2741 366 2806 stotelis
394 2740 471 2807 libri
499 2741 539 2806 de
564 2745 687 2826 anima,
713 2745 890 2832 interprete
909 2743 1157 2832 Archyropylo,
1179 2742 1371 2831 hyberno
1394 2737 1541 2803 semestri

242 2839 432 2907 Aristoteles
459 2839 500 2906 de
521 2841 610 2908 coelo
634 2857 665 2907 et
686 2842 806 2910 mundo
829 2847 863 2909 in
884 2845 1046 2911 relacione
1066 2843 1240 2930 Augustini
1261 2841 1363 2930 Niphi
1384 2837 1542 2905 Suessani

245 2949 275 3004 et
292 2943 449 3007 Averrois
471 2939 512 3006 de
534 2942 721 3009 substancia
742 2945 842 3010 orbis.

209 3053 352 3122 Eadem
374 3057 482 3126 hora
525 3057 607 3125 Cum
626 3059 721 3126 Plato
748 3061 994 3128 mathematicae
1020 3062 1154 3148 ignaros
1177 3059 1219 3125 ab
1242 3057 1428 3126 academiae
1449 3055 1583 3122 aditu2⁵

243 3155 403 3243 abegerit,
424 3181 466 3223 ne
488 3157 574 3224 illius
593 3161 723 3225 inscitia
746 3161 788 3228 ab
815 3161 991 3226 Aristotele
1018 3163 1068 3226 sui
1093 3159 1247 3248 discipuli
1278 3157 1371 3246 lyceo
1399 3154 1540 3246 philoso-

242 3255 335 3342 phiae
350 3257 470 3324 alumni
484 3263 696 3342 arceantur⁴,
720 3264 850 3349 primo
873 3284 976 3327 anno
998 3260 1125 3348 legetur
1146 3259 1328 3326 aritmetica
1351 3257 1540 3339 commanis,

246 3356 384 3443 sphaera
410 3359 571 3444 generalis
601 3359 754 3426 Iohannis
782 3361 823 3427 dc
849 3361 955 3426 Bcsco
988 3383 1060 3426 curn
1088 3360 1310 3448 applicaciono
1342 3357 1385 3422 ad
1414 3379 1537 3423 cosmo-

241 3457 410 3545 graphiam
431 3458 603 3548 Pomponii
624 3457 745 3544 Melae,
787 3461 826 3526 in
846 3459 1026 3549 hyberno
1056 3471 1202 3548 tompore
1223 3460 1432 3548 perspectiva
1454 3480 1538 3522 com-

241 3558 359 3640 munis,
381 3556 513 3624 altero
541 3583 648 3626 anno
677 3559 834 3628 Euclidea
862 3559 988 3627 theoria
1020 3561 1224 3649 planetarum
1251 3582 1324 3626 cum
1351 3557 1581 3624 tabularum30

242 3658 446 3724 resolutione.
1588 3671 1592 3688 '

204 3769 348 3840 Eadem
370 3775 480 3841 hora.
520 3776 571 3841 Ne
593 3779 717 3864 poetis,
748 3777 947 3861 oratoribus,
979 3777 1215 3844 iurisconsultis
1243 3786 1276 3844 et
1305 3775 1538 3842 concionatori-

239 3872 297 3939 bus
320 3876 551 3940 sententiarum
580 3877 727 3964 supellex
748 3878 846 3962 desit,
876 3879 947 3944 sine
969 3901 1033 3964 qua
1053 3877 1156 3944 verba
1176 3877 1256 3942 nihil
1288 3876 1459 3965 ponderis,
1485 3899 1535 3941 or-

241 3984 334 4040 natus
356 3985 388 4039 et
410 3974 574 4042 efficaciae
595 3977 726 4060 habent,
748 3978 861 4044 eadem
882 3977 964 4044 hora
985 3978 1025 4044 de
1041 3979 1214 4044 virtutibus
1238 3985 1270 4042 ct
1289 3976 1443 4060 moribus,
1468 3977 1538 4042 sine

241 4073 354 4159 quibus
376 4074 531 4162 splendor
553 4079 680 4143 artium.
694 4077 884 4160 obsolescit,
915 4076 1062 4166 legentur
1079 4079 1211 4166 primo
1233 4099 1336 4142 anno
1357 4075 1434 4142 libri
1456 4074 1578 4141 ethi-³5

241 4195 349 4239 corum
369 4175 556 4242 Aristotelis
579 4187 611 4242 et
631 4180 923 4262 oeconomicorum,
952 4189 987 4243 ut
1013 4181 1092 4244 scite
1113 4180 1160 4243 ita
1181 4187 1316 4242 venuste
1338 4175 1380 4242 ab
1402 4175 1537 4263 Argiro-

241 4273 305 4360 pilo
333 4273 429 4340 Latio
461 4275 588 4360 donati,
618 4279 814 4364 sequenti
844 4301 948 4344 anno
975 4277 1051 4356 libri
1078 4277 1299 4365 politicorum,
1332 4276 1469 4342 Aretino
1490 4277 1538 4340 in-

241 4383 396 4462 terprete,
423 4397 543 4462 magna
564 4377 702 4444 moralia
724 4376 921 4462 Aristotelis,
944 4400 964 4442 a
985 4376 1129 4464 Georgia
1149 4375 1247 4443 Valla
1267 4375 1322 4444 illo
1343 4375 1539 4465 polyhistori

241 4473 382 4560 perbelle
405 4474 535 4541 tralata.

205 4583 235 4652 H
242 4611 314 4655 ora
336 4600 497 4676 quarta.
539 4593 622 4660 Cum
646 4614 723 4658 suco
743 4594 900 4683 plenam⁵
926 4593 1167 4659 adolescentum
1187 4590 1329 4659 indolem
1353 4592 1448 4658 divus
1470 4592 1579 4657 Au-ro

238 4692 383 4776 gustinus
405 4690 596 4779 Virgilianis
618 4692 766 4759 versibus
778 4693 986 4760 imbuendam
1008 4692 1122 4759 suadet
1144 4702 1176 4758 ct
1196 4691 1320 4758 Fabius
1342 4694 1537 4758 comicorum

242 4789 326 4857 sales
348 4801 482 4858 venuste
503 4793 612 4880 legere
633 4792 875 4860 adolescentum
891 4816 1073 4860 sermonem
1095 4791 1372 4875 decoraretradat,
1395 4815 1436 4857 ne
1456 4789 1538 4856 haec

132 4937 448 4977 κω.-

191 5087 335 5159 lernaeae.
440 5097 613 5150 rancato.
720 5097 902 5164 imper-tea.
1005 5098 1195 5150 laureantur.
1299 5091 1498 5164 teamlplareo.
