3794 6060
290 417 327 480 12
744 415 794 466 Die
813 415 995 466 Reios-metior
1015 431 1076 465 rom
1094 415 1177 466 dabre
1197 419 1267 466 tub.

289 597 417 685 publice
439 607 471 662 et
490 595 675 662 solemniter
699 597 855 685 disputet,
877 608 1003 686 repetat
1024 608 1056 662 et
1078 596 1283 678 determinet,
1303 617 1364 661 nec
1386 617 1446 683 per
1466 605 1558 661 actus
1579 597 1613 661 in
1634 617 1705 684 pro

287 696 485 763 motionibus
507 697 748 763 occurrentibus
769 698 937 764 faciendos
959 697 1001 763 ab
1022 697 1079 763 illa
1100 697 1143 762 sit
1162 704 1336 760 excusatus
1356 715 1484 781 quoquo
1507 695 1616 761 modo.

368 795 492 861 Verum
511 817 582 861 cnm
603 795 646 860 ad
660 796 904 863 fundamentum
926 795 1096 863 cuiuslibet
1117 797 1226 882 operis
1240 817 1306 860 non
1321 792 1528 860 mediocriter
1546 796 1589 860 sit
1606 805 1707 861 atten-

288 894 429 961 dendum
442 899 533 978 (nam
553 895 610 961 ubi
630 895 874 964 fundamentum
898 896 1037 962 solidum
1057 919 1123 962 non
1145 905 1203 978 est,
1224 904 1326 961 totum
1342 893 1525 960 aedificium
1550 917 1706 984 suprapo-

261 996 385 1060 5sitnm
411 997 536 1060 rufinam
562 997 733 1082 minatur),
768 1007 800 1064 et
828 999 904 1084 quia
930 996 1068 1062 facultas
1103 997 1226 1060 arcium
1251 993 1434 1060 liberalium
1465 992 1707 1060 fundameritum

288 1095 415 1178 existit,
439 1095 555 1182 quibus
572 1095 668 1161 bases
684 1106 716 1162 et
733 1097 923 1184 columpnae
948 1095 1085 1163 aliarum
1099 1094 1305 1177 adiuvantur,
1326 1093 1401 1159 ideo
1415 1093 1518 1158 eciam
1534 1092 1576 1158 de
1593 1093 1708 1160 eadem

288 1197 419 1262 caucius
441 1203 491 1260 est
516 1195 763 1284 providendum.
806 1196 968 1283 Congruit
989 1217 1083 1282 ergo,
1108 1204 1144 1260 ut
1173 1217 1193 1260 a
1222 1195 1329 1281 capite
1354 1193 1470 1260 edatur
1496 1195 1589 1260 ratio.
1630 1193 1707 1262 Ideo

288 1295 447 1378 volumus,
470 1297 638 1360 statuimus
659 1305 691 1361 et
710 1295 914 1362 ordinamus:

370 1394 466 1476 Quod
487 1395 628 1461 decanus
649 1396 812 1462 facultatis
835 1395 1016 1484 praefatae,
1045 1395 1073 1458 si
1094 1415 1136 1458 ex
1156 1403 1268 1460 mutua
1290 1405 1322 1458 et
1349 1395 1510 1460 communi
1531 1391 1708 1459 collacione

246 1496 524 1581 tomagistrorum,
546 1495 589 1562 ad
611 1497 680 1562 eius
699 1496 886 1563 electionem
908 1503 1187 1580 congregatorum,
1211 1493 1414 1560 concorditer
1435 1493 1512 1580 eligi
1533 1515 1599 1559 non
1618 1503 1707 1580 pote-

285 1596 342 1678 rit,
370 1605 490 1661 extum
514 1619 573 1684 per
595 1597 784 1661 scrutinium
811 1617 928 1660 vocum
953 1592 1126 1658 eorundem
1155 1594 1269 1659 electio
1299 1591 1396 1660 debet
1418 1590 1592 1675 celebrari,
1619 1595 1708 1658 etin

285 1716 379 1780 quem
409 1696 513 1760 maior
542 1704 574 1760 et
602 1697 712 1760 sanior
740 1718 818 1783 pars
849 1691 1111 1775 concordaverit,
1139 1691 1194 1757 ille
1223 1691 1365 1759 decanus
1394 1715 1454 1780 pro
1474 1702 1622 1780 tempore
1649 1715 1707 1758 suo

285 1794 379 1860 iuxta
399 1818 522 1861 morem
542 1794 705 1860 facultatis
727 1817 798 1860 esse
822 1793 928 1860 debet

367 1894 450 1960 Item
474 1903 649 1981 postquam
671 1903 798 1982 tempus
820 1892 1022 1980 expiraverit
1044 1899 1077 1956 et
1096 1892 1224 1956 fimctrrs
1246 1893 1288 1956 sit
1309 1891 1416 1956 officio
1440 1913 1514 1976 suo,
1536 1902 1613 1957 tunc
1635 1915 1707 1980 per·

245 1993 427 2082 ttamplius
448 1993 492 2060 ad
516 1993 652 2059 eundem
672 1993 900 2059 assumendum
928 1991 1013 2056 infra
1042 1990 1226 2076 quindecim
1248 2013 1349 2056 annos
1378 1991 1534 2078 posthoc
1556 1994 1707 2059 continue

284 2094 454 2182 proximos
479 2094 607 2158 omnino
629 2093 725 2160 debet
746 2117 818 2159 esse
840 2093 1006 2175 exclusus,
1029 2090 1203 2156 dummodo
1223 2101 1332 2156 tamen
1358 2092 1444 2156 infra
1470 2092 1551 2158 illud
1578 2103 1707 2180 tempus

284 2192 368 2258 alius
389 2193 544 2279 magister
566 2192 606 2258 de
627 2193 741 2260 eadem
761 2195 891 2259 natione
912 2190 1010 2257 abilis
1031 2201 1063 2256 et
1085 2189 1219 2257 idoneus
1242 2193 1362 2280 poterit
1382 2193 1529 2279 reperiri.

367 2291 449 2356 Item
471 2292 558 2377 quod
582 2292 723 2358 decanus
741 2295 813 2381 ipse
833 2291 874 2357 dc
896 2300 1003 2356 cetero
1021 2313 1103 2379 pure
1119 2301 1151 2356 et
1173 2291 1371 2378 simpliciter,
1392 2315 1457 2358 non
1473 2295 1506 2357 vi
1526 2303 1583 2356 aut
1599 2313 1706 2378 prece,

284 2392 500 2479 promissione
520 2405 576 2458 aut
595 2395 723 2481 precio,
751 2413 812 2456 nec
834 2391 940 2477 aliquo
965 2391 1029 2456 alio
1052 2390 1193 2477 impulsu
1214 2401 1246 2455 et
1269 2389 1534 2457 subordinatione
1554 2391 1707 2478 eligatur:

243 2490 435 2578 mquodque
460 2491 590 2577 ipsein
618 2516 677 2558 sna
703 2495 923 2580 assumptione
951 2491 1034 2555 inter
1066 2489 1132 2555 alia
1159 2493 1207 2555 sui
1230 2492 1403 2556 iuramenti
1432 2491 1574 2578 capitula
1603 2492 1706 2556 eciam

284 2591 394 2656 iurare
415 2599 572 2674 teneatur,
597 2592 683 2679 quod
704 2615 764 2680 pro
782 2595 850 2658 eius
865 2591 1047 2677 adeptione,
1063 2611 1167 2675 neque
1186 2613 1245 2677 per
1260 2613 1295 2655 se
1314 2613 1371 2655 seu
1384 2613 1443 2678 per
1457 2591 1567 2671 alium,
1585 2589 1707 2654 directe

285 2714 342 2755 seu
362 2689 530 2775 indirecte,
550 2691 680 2778 publice
694 2693 746 2760 vel
761 2693 893 2774 occulte,
910 2691 1034 2755 instetit
1055 2701 1111 2754 aut
1127 2712 1186 2776 per
1198 2691 1278 2757 alios
1295 2690 1348 2754 vel
1366 2689 1465 2755 alium
1481 2692 1604 2755 instare
1619 2689 1707 2770 fecit,

284 2799 341 2855 aut
360 2791 448 2854 facta
468 2801 565 2876 grata
586 2813 642 2856 seu
661 2802 734 2857 rata
750 2792 863 2857 habuit
882 2790 934 2855 vel
958 2789 1163 2877 approbavit.
1206 2789 1241 2854 Si
1263 2791 1336 2874 quis
1347 2798 1455 2854 autem
1466 2791 1528 2855 hoc
1547 2791 1706 2854 iuramen-

284 2898 352 2954 tum
368 2899 536 2977 praestare
548 2893 757 2974 recusaverit,
772 2901 891 2957 extunc
905 2889 947 2954 ad
963 2888 1154 2954 decanatum
1165 2887 1255 2953 illum
1268 2886 1366 2954 debet
1388 2912 1459 2954 esse
1473 2889 1706 2956 inhabilitatus.

244 2999 277 3056 25
369 2990 450 3055 Item
469 3011 542 3054 cum
563 2990 691 3077 singule
710 2991 818 3057 officia
839 2988 976 3074 singulis
999 2989 1062 3053 sint
1084 2987 1314 3053 committenda
1332 2991 1490 3076 personis,
1513 2990 1661 3055 volumus
1676 2998 1708 3053 et

284 3090 469 3174 statuimus,
499 3090 585 3176 quod
613 3090 754 3156 decanus
779 3091 813 3154 in
841 3091 1004 3172 examine,
1034 3088 1275 3175 approbacione
1297 3097 1329 3153 et
1356 3088 1585 3177 reprobatione
1604 3091 1706 3176 magi-

286 3189 495 3256 strandorum
515 3211 618 3276 neque
639 3213 698 3277 per
719 3200 855 3272 semem,
883 3189 1088 3271 electionem,
1119 3189 1377 3254 nominacionem
1408 3211 1464 3254 seu
1485 3211 1707 3277 quamcunque

284 3289 382 3356 aliam
404 3289 650 3377 dispositionem
666 3289 771 3355 locum
793 3299 850 3356 aut
871 3311 982 3355 vocem
1003 3288 1132 3370 babeat,
1155 3286 1213 3353 sed
1234 3287 1278 3353 ad
1298 3287 1378 3354 illud
1400 3288 1456 3354 alti
1477 3290 1627 3375 magistri
1648 3311 1707 3376 per

287 3399 408 3456 sortem
431 3389 601 3476 eligantur.

240 3501 275 3557 w
367 3489 449 3554 Item
472 3491 650 3572 statuimus,
673 3488 758 3575 quod
778 3489 877 3554 iidem
894 3489 1133 3553 examinatores
1156 3488 1248 3552 iuxta
1261 3488 1429 3574 antiquum
1447 3487 1590 3554 eiusdem
1606 3488 1706 3554 facul·

280 3591 361 3656 tatis
384 3598 538 3654 statutum
557 3590 666 3652 iurare
688 3587 806 3652 debent
826 3590 860 3652 in
879 3588 941 3652 hac
962 3587 1080 3652 forma:
1102 3587 1196 3672 „Ego
1218 3587 1258 3650 N.
1279 3588 1350 3652 iuro
1370 3587 1475 3672 vobis,
1500 3587 1630 3654 domino
1651 3588 1705 3653 de·

281 3711 374 3772 cano,
395 3686 482 3774 qnod
501 3687 600 3754 velim
620 3689 654 3750 in
674 3686 737 3752 boc
759 3689 907 3752 examine
929 3685 1099 3750 admittere
1120 3687 1236 3772 dignos
1257 3694 1288 3750 et
1306 3688 1430 3752 reicere
1453 3686 1620 3774 indignos,
1642 3711 1706 3754 non

282 3788 433 3855 habendo
462 3787 505 3852 ad
527 3787 791 3853 circumstancies
821 3808 1033 3874 personarum
1061 3795 1116 3852 aut
1141 3785 1363 3869 condiciones,
1392 3809 1452 3874 per
1476 3809 1558 3873 quas
1578 3788 1705 3875 indigni

282 3889 468 3977 promoveri
488 3896 621 3974 possent
642 3895 699 3953 aut
725 3885 817 3972 digni
838 3886 991 3952 amoveri.
1034 3885 1090 3952 Sic
1115 3909 1167 3950 me
1188 3884 1268 3950 deus
1296 3885 1430 3953 adiuvet
1455 3895 1487 3952 et
1512 3897 1625 3952 sancta
1652 3887 1705 3952 dei

241 3985 489 4074 ttevangeliaf‘

365 4084 446 4151 Item
475 4084 561 4171 quod
585 4085 693 4170 quoad
716 4088 935 4173 promotiones
960 4085 1143 4151 huiusmodi
1178 4107 1308 4150 cessare
1340 4085 1460 4152 debent
1491 4085 1704 4174 dispensatio·

282 4209 350 4268 nes,
372 4206 453 4271 quas
475 4187 587 4269 eciam,
610 4187 638 4251 si
659 4186 693 4249 in
712 4194 878 4273 posterum
891 4185 1014 4268 fierent,
1036 4187 1214 4267 irritamus,
1235 4207 1412 4270 cassamus,
1435 4185 1625 4272 anullamus,
1644 4211 1704 4255 nec

282 4287 328 4350 eis
358 4285 478 4351 debent
506 4284 648 4372 gaudere
674 4286 887 4372 promovendi
914 4307 974 4350 nec
1002 4285 1133 4351 easdem
1164 4285 1330 4350 attendere
1357 4288 1611 4371 examinatores,
1640 4291 1704 4354 nisi

281 4393 471 4451 executores
493 4408 567 4450 cnm
590 4383 871 4471 superintendente
892 4406 1008 4450 causas
1036 4387 1139 4450 iustas
1159 4397 1193 4450 et
1212 4384 1423 4451 rationabiles
1445 4387 1480 4450 in
1499 4385 1607 4472 aliquo
1629 4411 1703 4474 pro

238 4483 451 4568 tomovendo,
459 4493 596 4572 propter
609 4505 689 4569 quas
699 4483 962 4571 dispensandum,
978 4494 1200 4571 agnoscerent,
1212 4507 1347 4570 quorum
1357 4481 1405 4574 (P)
1417 4507 1527 4552 eorum
1538 4490 1703 4553 conscien-

280 4584 348 4648 ciae
371 4605 558 4666 oneramus,
581 4584 635 4667 qni
655 4592 733 4647 trmc
754 4584 801 4648 sic
822 4595 854 4647 et
874 4606 938 4649 non
961 4583 1054 4648 aliter
1076 4607 1148 4649 curn
1170 4583 1282 4650 eodem
1305 4583 1496 4671 dispensare
1516 4597 1662 4672 possunt

362 4681 588 4748 Pariformitcr
608 4682 755 4747 velumus
777 4692 808 4748 et
829 4683 1037 4766 mandamus,
1063 4683 1149 4770 quod
1172 4682 1324 4771 deinceps
1344 4683 1451 4750 nullus
1474 4709 1534 4772 pro
1554 4687 1703 4754 vicecan-

281 4781 449 4849 cellariatu
471 4790 629 4869 perpetuo
653 4781 696 4846 ad
717 4804 835 4846 mnam
858 4805 914 4848 sen
936 4805 1038 4849 annos
1059 4805 1117 4870 per
1137 4807 1172 4850 se
1192 4783 1325 4871 vel·per
1347 4783 1445 4850 alium
1461 4785 1560 4852 instet
1575 4808 1703 4874 quoquo

280 4883 387 4966 modo,
411 4882 469 4948 sed
490 4904 569 4948 casu
593 4902 627 4944 se
651 4881 804 4946 offerente
824 4905 883 4969 per
905 4881 986 4948 duos
1001 4905 1128 4948 menses
1144 4893 1219 4948 ante
1240 4884 1400 4953 examinis
1422 4886 1623 4973 apertionem
1644 4909 1703 4974 per

240 4982 428 5047 deusdonae
457 4978 634 5047 secundum
662 4979 836 5046 earundem
866 4981 1011 5047 ordinem
1037 4983 1237 5069 impetretur.
1280 4983 1316 5048 Si
1345 4985 1418 5068 quis
1448 4994 1555 5051 autem
1576 4997 1702 5052 contra·

280 5079 363 5144 rium
383 5081 510 5163 iecerit,
538 5101 652 5146 carere
673 5079 771 5147 debet
793 5080 974 5169 impetratis
1003 5091 1035 5146 et
1055 5104 1076 5146 a
1097 5081 1250 5148 facnlmte
1277 5104 1416 5169 suaper
1437 5085 1610 5152 triennium
1631 5109 1702 5152 csse
