3768 6072
690 467 742 518 Dic
759 467 881 519 statutus
900 481 953 518 ron
973 467 1046 520 ibit.
1523 469 1583 532 259

161 646 222 738 [bb]
245 669 324 714 vero
356 669 429 712 cnm
459 647 664 712 curatoribus
700 657 732 712 et
760 646 834 712 aliis
865 668 907 712 ex
940 645 1075 732 collegis
1111 643 1173 710 sibi
1203 643 1357 711 adhibitis
1385 646 1583 733 singularum

160 749 285 814 aedium
310 747 404 812 huius
425 745 552 832 collegii
577 747 795 812 habitationes
824 755 858 810 et
883 744 1031 810 cubicula
1056 744 1209 810 lustrabit
1237 767 1275 810 ac
1298 747 1426 828 inviset,
1453 748 1584 810 nomina

160 846 355 932 singulorum
375 845 563 911 conscribat
584 857 616 910 et
636 847 714 932 quid
738 847 878 910 fractum
906 843 1178 930 reficiendumque
1205 846 1247 907 sit
1275 845 1457 927 annotabit,
1486 853 1517 908 et
1538 846 1585 908 in-

161 945 287 1011 defessa
307 967 408 1031 opera
433 944 636 1010 admonendo
658 947 819 1031 perficiet,
850 955 885 1010 ut
906 941 1034 1030 qualem
1056 944 1192 1030 quisque
1211 942 1445 1008 habitationem
1467 943 1585 1008 eondu-

158 1044 257 1110 cendo
288 1045 466 1130 acceperit,
497 1042 595 1108 talem
621 1067 682 1110 nec
709 1044 903 1110 deteriorem
933 1040 1046 1106 abiens
1073 1043 1252 1106 successori
1279 1051 1311 1105 et
1332 1040 1468 1127 collegio
1490 1040 1585 1106 relin·
1611 1052 1628 1106 5

177 1154 241 1209 uat.

157 1167 176 1229 q
594 1259 640 1308 ne
664 1257 990 1308 commemoremus
1011 1256 1227 1306 rasnrosmn

771 1377 949 1428 Statutum
967 1375 1049 1426 XXI.

238 1489 498 1558 Convocationes
521 1489 655 1556 habebit
684 1491 891 1578 praepositus
919 1489 1102 1556 ordinarias
1128 1511 1188 1576 pro
1210 1487 1368 1575 eligendis
1391 1488 1585 1554 officialibus

156 1601 185 1654 et
212 1587 336 1654 redden
345 1585 409 1674 [26]
418 1587 469 1652 dis
497 1609 609 1653 eorum
637 1589 818 1654 rationibus
847 1587 1048 1676 temporibus
1076 1589 1273 1669 constitutis,
1303 1586 1627 1652 extraordinariesttt

155 1711 241 1771 vero,
265 1689 391 1776 quoties
414 1687 533 1775 alioqui
553 1687 709 1753 acciderit
731 1687 865 1775 aliquid,
888 1686 1138 1774 quodomnium
1161 1685 1329 1750 consilium
1349 1685 1401 1750 vel
1424 1685 1582 1752 auxilium

154 1789 305 1875 requirat.
347 1787 492 1852 Poenam
525 1795 634 1852 autem
667 1795 733 1851 tam
766 1789 800 1852 in
832 1785 1007 1853 ordinariis
1040 1807 1137 1874 quam
1171 1785 1443 1850 extr-sordinariis
1474 1783 1586 1850 licebit

154 1889 347 1953 constituere
375 1888 410 1949 in
441 1907 504 1950 non
534 1887 726 1968 venientem,
757 1887 785 1952 si
812 1884 1070 1952 distribuendum
1098 1884 1222 1973 aliquid
1253 1886 1310 1967 sit,
1343 1885 1522 1967 carentiae3
1558 1884 1585 1948 si

155 2009 219 2052 non
243 1987 294 2068 sit,
315 1986 349 2050 in
368 1983 546 2050 levioribus
564 1977 642 2050 ‘non
664 1977 929 2067 contradicendi,
959 1987 993 2050 in
1023 1982 1230 2070 gravioribus
1251 1985 1345 2048 unius
1368 1995 1425 2054 aut
1445 1983 1585 2070 plurium

155 2085 342 2150 florinorum
365 2107 424 2171 pro
449 2083 604 2169 qualitate
626 2106 753 2166 causae,
781 2086 965 2166 autetiam,
987 2085 1013 2148 si
1037 2085 1183 2170 gravitas
1204 2085 1327 2168 negotii
1347 2081 1409 2147 hoc
1430 2083 1584 2168 exegerit,
1597 2089 1627 2145 rt

157 2183 440 2249 emolumentorum
464 2184 533 2247 eius
563 2185 727 2248 semestris
750 2183 801 2248 vel
829 2205 957 2270 quoque
982 2184 1081 2246 totius
1110 2182 1186 2246 anni
1213 2184 1282 2246 sive
1307 2183 1463 2268 temporis
1492 2203 1585 2268 prae

153 2285 327 2370 positurae,
357 2279 443 2367 quod
471 2293 579 2346 tamen
605 2281 644 2346 dc
673 2281 893 2369 percipiendis
915 2280 1031 2363 adbuc,
1061 2303 1125 2345 nou
1148 2279 1188 2343 de
1211 2281 1375 2366 perceptis
1397 2278 1584 2359 commodis,

154 2381 290 2466 intelligi
320 2378 461 2444 debebit.
503 2377 633 2444 Nullam
655 2403 732 2445 vero
765 2402 903 2467 poenam
934 2377 1116 2462 sustinebit,
1145 2381 1201 2466 qui
1228 2401 1293 2443 non
1318 2380 1499 2443 temeritate
1527 2376 1586 2442 sed

153 2481 346 2545 neoessitatc
367 2488 423 2543 aut
444 2477 555 2566 aliqua
574 2477 640 2544 alia
661 2481 748 2544 iusta
767 2479 808 2545 de
830 2501 929 2546 causa
948 2478 1098 2561 abfuerit,
1122 2475 1186 2564 [27]
1214 2499 1313 2564 quam
1336 2499 1467 2542 causam
1490 2497 1583 2563 prae-

153 2580 258 2664 posito
280 2585 339 2643 aut
367 2575 513 2662 collegio,
545 2579 599 2663 qui
629 2577 862 2664 praetenderit,
891 2576 1056 2664 probabit.
1097 2577 1206 2642 Iustae
1235 2585 1342 2640 autem
1365 2597 1483 2642 causae
1512 2583 1627 2640 cen-20

154 2688 277 2742 santur:
299 2675 463 2758 valetudo,
486 2678 718 2761 peregrinatio,
740 2680 873 2764 nuptiae
895 2678 965 2742 sive
986 2675 1163 2764 sponsalia,
1185 2685 1357 2762 parentum
1377 2685 1433 2741 aut
1448 2674 1585 2740 aliorum

153 2785 364 2862 cognatorum
378 2773 431 2839 vel
451 2774 629 2840 amicorum
651 2777 898 2862 peregrinorum
918 2779 1115 2863 praeseutia,
1138 2775 1289 2840 convivia
1303 2773 1448 2857 honesta,
1470 2774 1585 2838 funera

152 2885 183 2938 et
213 2876 241 2938 si
274 2895 357 2960 quae
394 2870 479 2938 aliae
516 2883 590 2938 sunt
621 2897 739 2940 causae
770 2873 907 2956 similes,
942 2896 1079 2960 quarum
1111 2873 1398 2940 discernendarum
1429 2873 1584 2940 iudicium

154 2995 252 3062 penes
275 2969 446 3058 collegium
469 2974 538 3038 erit.

620 3106 668 3156 DE
688 3105 813 3154 Ponms
834 3105 1114 3154 Dlsrmeunrrms.
1591 3092 1624 3149 25

726 3225 898 3274 statutum
916 3223 1016 3274 XXII.

233 3339 362 3404 Poenas
386 3359 506 3419 omnes,
536 3336 747 3424 undecunque
770 3336 930 3418 collectas,
953 3337 1001 3401 ita
1022 3335 1169 3400 dividere
1190 3333 1287 3399 debet
1306 3333 1523 3421 praepositus,
1545 3341 1582 3397 ut

152 3441 282 3504 tertiam
305 3446 433 3524 partem
462 3435 540 3501 fisco
568 3435 720 3524 applicet,
751 3437 879 3502 tertiam
906 3434 1088 3502 rationibus
1116 3455 1301 3500 mensarum
1324 3433 1478 3514 conferat,
1509 3431 1582 3496 reli-

153 3561 250 3624 quum
272 3535 336 3600 sibi
357 3537 504 3600 retineat

153 3668 196 3756 [S.
216 3666 270 3756 28]
301 3686 348 3734 na
374 3683 549 3734 nacmoua
578 3684 813 3734 srarurcauu
840 3685 885 3732 ar
914 3672 1075 3734 coruum
1097 3686 1118 3732 s
1139 3681 1356 3732 snmrosrro
1379 3672 1625 3732 nxumrunsao

494 3783 663 3834 connnms
684 3785 729 3832 nr
752 3783 1012 3834 suurvasssans
1034 3781 1249 3832 nrvmnunrs.

713 3903 886 3954 statutum
905 3902 1021 3954 xxut.

233 4000 482 4066 Festivitatibus
497 3999 683 4087 pascalibus
704 4000 910 4086 praepositus
926 3999 1120 4065 convocabit
1140 3998 1321 4084 collegium,
1341 4007 1409 4062 tam
1428 4017 1581 4084 praeseu-

152 4111 200 4166 tes
222 4104 257 4166 in
278 4099 413 4186 collegio
436 4121 532 4184 quam
553 4101 587 4164 in
608 4099 689 4164 urbe
710 4107 954 4182 commorantes,
977 4107 1009 4163 et
1030 4107 1221 4164 statutorum
1242 4094 1372 4182 singula
1386 4098 1496 4183 capita
1508 4117 1583 4183 per·

151 4200 290 4266 tinentia
317 4199 360 4265 ad
387 4196 529 4283 collegas
556 4198 717 4264 recitabit.
761 4195 890 4262 Deinde
917 4198 1214 4264 anniversariorum
1242 4197 1385 4262 rationes
1406 4194 1521 4260 reddet
1543 4205 1624 4260 acte

157 4296 367 4364 coenaculum
389 4295 430 4362 de
452 4298 591 4383 pecunia
612 4295 740 4383 collegii
760 4293 936 4361 exhibebit.

586 4481 632 4528 DE
655 4478 922 4529 SALARIATOBUM
942 4477 1157 4528 PRAEFECTO.

709 4601 882 4650 statutum
900 4595 1038 4648 xx1111.

235 4712 286 4778 Ne
308 4711 481 4778 difficultas
509 4722 541 4776 et
561 4709 733 4778 multitudo
754 4712 915 4776 rationum
940 4711 1121 4796 praepositi
1148 4733 1258 4775 curam
1285 4709 1439 4796 implicet,
1469 4707 1581 4771 decre·

150 4821 221 4876 tum
244 4821 304 4894 est,
326 4807 390 4898 [29]
413 4813 505 4875 iuxta
527 4811 673 4876 ordinem
702 4812 783 4875 senii
804 4809 939 4896 singulis
968 4811 1061 4874 annis
1090 4809 1132 4874 ad
1154 4808 1321 4874 Kalendas
1342 4808 1453 4872 Martii
1480 4815 1623 4870 unumto

149 4909 406 4997 praeficiendum
434 4931 514 4992 esse,
544 4912 598 4997 qui
621 4909 823 4975 accessiones
846 4909 886 4974 de
906 4930 1042 4995 corpore
1065 4909 1203 4995 recipiat
1225 4930 1344 4996 easque
1367 4906 1474 4972 statim
1495 4906 1580 4971 inter

150 4997 327 5076 salariates
347 5007 486 5090 dividat,
512 5010 695 5098 etquidem
716 5009 777 5074 hoc
798 5008 905 5090 modo,
925 5021 961 5074 ut
982 5029 1066 5095 quae
1086 5008 1128 5072 ad
1149 5008 1279 5073 Pascha
1299 5010 1367 5072 sire
1388 5005 1579 5092 Walpurgis

151 5131 193 5174 ex
215 5107 411 5173 Weisenfels
434 5118 465 5172 et
487 5106 526 5171 de
549 5109 706 5195 precariis
727 5111 901 5196 receperit,
932 5129 973 5173 ea
993 5107 1036 5172 ad
1059 5107 1206 5194 hyemem
1228 5107 1438 5194 praeteritam
1460 5105 1580 5169 reserat

511 5237 516 5242 .
1352 5207 1410 5270 ¹7⁸
