3762 6074
497 493 582 549 Achts
600 496 867 562 Statutenredaotion,
888 511 948 548 vom
965 497 1048 550 Jahro
1067 497 1138 552 1558.
1476 499 1535 566 525

109 691 185 746 sunt
208 677 376 747 doctrinas
399 679 565 767 publicae,
588 679 711 768 absque
732 702 795 764 quo
817 703 982 768 nunquam
1004 679 1112 745 studia
1133 679 1166 742 in
1188 676 1357 744 academia
1377 679 1443 746 ulla
1462 702 1536 748 oon·

109 780 246 846 formari
261 789 421 866 poterunt,
438 802 542 866 neque
554 781 683 846 omnino
706 779 873 864 explorari
893 779 1053 844 industria
1074 777 1316 864 discipulorum.
1351 777 1415 858 Qui
1437 782 1537 866 igitur

109 878 319 944 baccalaurei
349 878 420 943 fieri
441 878 566 960 volent,
598 881 621 944 ii
649 877 813 943 debebunt
837 880 1070 964 grammaticen
1095 880 1263 964 utriusque
1290 877 1398 962 liguae
1427 889 1536 944 tenere

109 978 285 1044 secundum
309 979 489 1043 doctrinam
523 978 705 1065 publicam,
732 979 872 1064 itemque
901 977 1090 1042 dialecticae
1118 989 1215 1064 atque
1244 977 1426 1042 rhetoricae
1455 979 1536 1064 phy-

109 1079 262 1166 sicaequs
282 1076 449 1158 elementa,
472 1099 575 1163 neque
596 1076 817 1142 arithmeticae
837 1098 909 1141 esse
930 1088 961 1141 et
983 1077 1210 1141 elementorum
1241 1076 1400 1162 sphaerae
1421 1078 1531 1143 mundi
1560 1089 1576 1142 5

107 1179 263 1263 imperiti.
305 1177 394 1240 Inter
425 1175 538 1240 horum
572 1171 926 1241 examinatores'orunt
959 1177 1123 1262 professor
1154 1176 1337 1262 (utriusque
1359 1175 1536 1262 linguae,)¹

107 1277 268 1362 poeticus,
291 1277 523 1362 grammaticus
546 1275 744 1356 dialecticus,
770 1275 949 1340 rhetoricus
974 1287 1005 1340 et
1026 1274 1272 1339 mathematicus
1295 1273 1532 1340 elementarius.

191 1373 423 1460 Magistrorum
444 1373 553 1440 titulos
576 1374 830 1460 dignitatemque
849 1385 995 1461 petentes
1018 1376 1192 1438 instructos
1215 1396 1286 1438 esse
1310 1384 1441 1461 oportet
1463 1398 1536 1462 cog·

110 1474 235 1538 uitione
254 1473 411 1538 mediocri
433 1475 602 1560 utriusque
623 1473 753 1558 linguae
776 1485 807 1536 et
828 1497 892 1538 non
915 1475 1083 1560 imperitos
1108 1471 1336 1560 philosophiae
1355 1485 1452 1559 atque
1475 1475 1538 1540 dis·

111 1573 309 1659 ciplinarum
322 1572 635 1637 mathematicorum.
666 1571 773 1636 Erunt
793 1574 877 1636 inter
899 1574 1014 1638 horum
1036 1575 1135 1659 igitur
1157 1575 1396 1638 examinatores
1418 1575 1442 1638 ii
1464 1597 1536 1660 pro·
1551 1585 1582 1640 10

111 1673 264 1755 fessores,
287 1674 342 1759 qui
363 1670 437 1754 illis,
465 1694 548 1756 quae
571 1671 723 1752 diximus,
746 1670 900 1736 docendis
922 1675 1079 1760 praetecti
1101 1683 1182 1736 sunt.

196 1767 243 1858 [S.
265 1767 317 1858 22]
350 1771 488 1857 Utrique
517 1773 614 1835 etism
644 1776 797 1857 petitores
825 1770 957 1857 planum
985 1773 1120 1852 facient,
1148 1771 1279 1836 affuisse
1309 1796 1342 1836 se
1372 1772 1484 1837 sedulo
1505 1775 1538 1838 in

109 1870 384 1956 disputationibus
413 1880 509 1958 atque
538 1867 835 1934 declamationibus.
889 1869 940 1934 De
968 1870 1082 1934 horum
1117 1879 1223 1934 autem
1253 1870 1455 1935 admittenda
1483 1894 1537 1958 pe·

109 1971 224 2034 titione
246 1979 279 2034 st
300 1969 576 2035 examinatoribus
600 1967 773 2033 sortiendis
795 1979 826 2032 et
844 1970 979 2034 caeteris
1002 1969 1036 2032 id
1059 1969 1130 2050 liet,
1152 1970 1238 2056 quod
1264 1969 1429 2035 hactenus.
1472 1969 1538 2035 sed

109 2068 266 2155 pleraque
299 2072 332 2132 in
361 2071 466 2154 magis
497 2067 613 2133 bellam
643 2079 674 2132 et
702 2067 867 2133 meliorem
896 2069 1035 2133 formam
1063 2069 1261 2154 redigentur,
1287 2080 1320 2134 ut
1349 2081 1391 2152 et,
1421 2093 1530 2156 snper·
1545 2079 1575 2134 15

110 2169 265 2233 vacaneis
295 2167 490 2256 quibusdam
519 2170 641 2251 recisit,
672 2167 812 2254 tempori
840 2167 1086 2254 hominibusque
1116 2179 1269 2254 parcatur
1298 2181 1344 2250 et,
1375 2169 1537 2233 nonnullis

109 2268 302 2348 emendatis,
324 2269 493 2354 graviores
515 2266 589 2331 illae
611 2268 675 2331 sint
697 2269 850 2331 actiones.

281 2518 328 2565 Du
351 2517 656 2566 nununormrlonu
678 2517 880 2564 rusumonu
901 2516 1072 2566 GRADUUM
1093 2519 1138 2564 ΕΤ
1160 2518 1373 2566 TITULORUM.

750 2637 859 2699 Caput
877 2637 908 2686 X.

196 2749 234 2814 ln
256 2748 454 2815 declaranda
476 2751 635 2814 sententia
657 2748 696 2813 de
718 2749 768 2830 iis,
791 2751 846 2836 qui
869 2747 1027 2814 bacularii
1051 2749 1130 2830 sint,
1154 2748 1232 2836 quid
1252 2749 1323 2814 fieri
1344 2751 1582 2838 servarique20

113 2847 244 2930 debeat,
276 2857 309 2913 et
336 2851 544 2914 constitutum
574 2859 606 2912 et
635 2849 668 2912 in
699 2871 788 2912 more
820 2861 875 2912 est.
920 2847 1096 2932 Magistros
1129 2861 1235 2912 autem
1266 2872 1368 2914 novos
1400 2861 1435 2914 ut
1466 2850 1536 2914 fieri

111 2948 218 3030 liceat,
239 2949 414 3013 autoritate
435 2949 577 3032 gerentis
595 2949 697 3012 vicem
716 2945 899 3012 cancellarii
921 2949 1180 3033 pronunctiatur,
1202 2950 1258 3035 qui
1281 2951 1424 3013 examini
1448 2971 1541 3034 prae·

111 3048 183 3128 fuit,
207 3046 265 3112 sed
287 3045 499 3133 promovendi
522 3069 577 3110 eos
600 3045 642 3110 ad
664 3046 802 3111 honores
829 3048 909 3112 istos
931 3058 961 3110 et
983 3046 1177 3110 decernendi
1207 3047 1335 3112 titidum
1361 3049 1541 3132 magisterii

116 3168 232 3211 munus
255 3155 288 3209 et
310 3147 433 3210 curatio
454 3145 628 3231 peculiaris
650 3157 682 3209 et
703 3147 837 3231 propria
858 3157 907 3209 est
929 3143 1054 3208 decani.
1103 3144 1231 3210 Placuit
1258 3157 1384 3229 tamen,
1405 3149 1432 3210 si
1456 3145 1541 3210 illius

116 3247 283 3310 semestris
304 3255 412 3309 rector
434 3244 516 3310 forte
537 3268 619 3309 unus
640 3245 682 3308 sit
702 3247 736 3307 in
756 3243 889 3308 oonsilio
912 3243 1043 3329 publico
1065 3245 1312 3326 communitatis,
1335 3253 1372 3309 ut
1392 3267 1449 3310 suo
1470 3248 1583 3310 iure25

116 3355 148 3409 et
169 3345 240 3410 loco
263 3343 405 3409 decanus
436 3343 481 3408 illi
511 3344 607 3410 cedat
633 3353 665 3408 et
689 3342 773 3408 hanc
804 3344 1072 3408 renunctiationis
1098 3343 1300 3429 provinciam
1329 3366 1401 3408 eum
1428 3365 1543 3430 gerere

118 3467 223 3530 aequo
246 3445 354 3510 animo
376 3444 528 3530 patiatur.

629 3643 676 3690 DE
698 3641 1029 3690 vlcucsucstusalo.

741 3763 848 3826 Caput
870 3760 917 3808 Xl.

202 3875 469 3943 Commendatum
497 3887 548 3940 est
576 3899 692 3942 munus
722 3875 906 3940 cancellarii
934 3876 1120 3942 academiae
1149 3877 1242 3942 huius
1270 3876 1583 3944 reverendissimott]

116 3979 274 4063 episcopo
301 3974 547 4061 Merspurgensi
577 3987 609 4040 et
639 3997 718 4040 cura
747 3977 811 4040 iam
840 3974 885 4038 illi
910 3972 973 4062 [23]
1003 3976 1162 4040 incumbit
1191 3977 1364 4042 ordinandi
1392 3981 1545 4044 examina

115 4076 357 4161 magistrorum.
399 4074 480 4138 Fert
501 4085 608 4140 autem
631 4076 696 4138 iam
723 4073 843 4138 dudum
872 4074 1086 4157 consuetudo,
1119 4086 1156 4141 ut
1188 4099 1281 4141 suam
1311 4080 1415 4142 vicem
1451 4076 1545 4142 alteri

116 4175 242 4261 petenti
258 4172 393 4258 deleget
415 4172 523 4238 Huius
546 4175 645 4260 igitur
665 4175 770 4238 vicem
792 4172 853 4237 hac
875 4174 909 4236 in
932 4183 1026 4259 parte
1045 4176 1100 4262 qui
1121 4197 1235 4260 gerere
1253 4175 1349 4258 volet,
1371 4179 1399 4241 is
1421 4177 1544 4242 decano

113 4273 239 4340 indicet
281 4271 450 4338 consilium
487 4295 580 4338 suuni
615 4283 647 4338 et
685 4281 776 4361 petat
816 4271 1125 4339 commendationem
1164 4273 1206 4338 ad
1238 4276 1544 4342 reverendissimum

116 4372 148 4438 d.
177 4373 385 4459 episcopum,
418 4373 546 4437 circiter
575 4371 709 4439 Calend.
736 4371 887 4456 Augusti.
944 4371 1008 4451 Qui
1038 4371 1116 4435 illud
1145 4395 1260 4438 munus
1288 4376 1413 4442 occulte
1443 4374 1587 4440 ambi-35

112 4473 201 4537 verit
227 4481 260 4536 et
287 4472 390 4536 inscio
419 4470 557 4554 decano,
585 4483 621 4536 ut
647 4472 710 4537 sibi
739 4469 958 4552 mandaretur,
989 4470 1180 4554 obtinuerit,
1211 4474 1239 4537 is
1268 4473 1402 4540 multam
1426 4474 1542 4539 solvito

112 4571 335 4636 communitati
364 4570 464 4634 studii
494 4568 653 4636 bonarum
682 4571 800 4635 artium
823 4569 955 4635 florinas
977 4588 1062 4634 xxx.
1103 4571 1306 4637 Indicantem
1338 4586 1447 4639 autem
1468 4597 1542 4638 con·

113 4669 223 4734 silium
252 4669 342 4734 istud
362 4679 394 4734 et
414 4677 575 4756 petentem
599 4669 910 4734 commendationem
932 4668 1073 4733 decanus
1096 4670 1240 4736 studiose
1271 4673 1426 4738 adiuvare
1448 4669 1545 4736 debet

112 4781 145 4835 et
158 4768 273 4834 literas
290 4769 319 4832 ei
342 4769 471 4834 nomine
486 4769 721 4834 communitatis
743 4769 805 4833 hac
826 4767 866 4831 de
885 4790 921 4831 re
941 4768 1152 4855 perferendas
1175 4769 1217 4834 ad
1238 4771 1544 4837 reverendissimum

111 4870 306 4956 episcopum
328 4867 396 4932 sine
417 4889 510 4932 mora
530 4867 667 4936 tradere.
711 4867 747 4933 Si
769 4868 864 4933 simul
883 4867 992 4954 plures
1014 4867 1073 4932 has
1091 4871 1179 4935 vices
1206 4871 1287 4936 forte
1314 4869 1458 4956 delegari
1480 4869 1584 4934 sibilo

201 5171 210 5224 l
229 5165 369 5236 utriusque
386 5165 497 5237 linquae
514 5165 552 5220 ist
571 5163 790 5238 nachgetrageu,
807 5165 878 5222 doch
896 5165 967 5222 wohl
984 5165 1062 5220 nicht
1079 5183 1115 5221 au
1131 5166 1331 5224 beanstandsn.
