3758 6072
536 533 621 584 Dritte
639 533 902 594 Statntonrsdsctiom
918 547 973 582 ron
993 527 1188 584 tatto-1490.
1513 529 1574 593 427

150 717 223 784 silio
253 715 417 783 facultatis
444 715 524 782 velit
557 715 682 805 aliquos
709 715 861 782 ordinare
891 716 1081 802 magistros,
1112 717 1166 803 qui
1197 708 1382 776 huiusmodi
1412 709 1574 775 exercicia

150 819 330 904 disputent,
357 817 413 904 qui
440 825 518 882 tunc
543 825 692 882 tenentur
719 827 906 904 acceptare,
933 819 988 903 qui
1015 838 1074 903 pro
1101 825 1246 902 tompore
1273 811 1394 878 habent
1419 811 1573 876 lectiones

150 917 310 1000 meliores,
333 915 400 1016 sub⁴
412 917 596 1004 privatione
616 915 773 982 lectionis.

724 1121 773 1183 25.
795 1133 843 1182 nn
863 1133 1013 1183 amona.
1112 1091 1116 1096 ’

239 1282 362 1365 Placet,
384 1281 471 1370 quod
492 1279 632 1349 decanus
644 1307 718 1349 cum
737 1282 942 1349 taxatoribua
963 1291 1124 1370 reponant
1143 1283 1324 1368 pecuniam,
1345 1301 1365 1344 a
1384 1276 1575 1344 lectionibus
1602 1285 1619 1340 ⁵

153 1391 185 1448 et
203 1381 375 1448 exerciciis
396 1391 571 1468 receptam,
591 1384 625 1448 in
644 1383 789 1449 ladulam
801 1406 874 1448 cum
893 1381 997 1447 tribus
1011 1380 1166 1464 clavibus,
1188 1403 1268 1468 quas
1282 1378 1371 1466 apud
1386 1401 1420 1443 se
1435 1377 1577 1442 habeant

153 1491 328 1547 taxatores.
371 1480 437 1548 Sed
463 1481 606 1547 ladulam
634 1484 704 1548 siue
729 1482 822 1548 clave
849 1481 969 1547 habeat
997 1482 1030 1546 iu
1059 1480 1205 1547 custodia
1233 1479 1384 1562 decanus,
1416 1487 1449 1544 et
1475 1479 1578 1566 impo-

153 1591 271 1646 nantur
292 1581 402 1646 omnia
421 1583 562 1668 registra
581 1581 753 1649 lectionum
773 1591 805 1648 et
825 1583 1065 1646 exerciciorum.

236 1788 286 1850 26·
307 1799 355 1848 Du
377 1797 488 1863 MODO,
511 1797 581 1860 Quo
602 1799 743 1847 Danuui
765 1797 963 1847 AUDITORES
985 1799 1031 1846 AD
1054 1799 1224 1846 usmarus
1245 1796 1497 1846 unfflsrlronuu

763 1899 975 1947 INTITULARI.
1590 1887 1622 1942 1⁰

237 2047 383 2129 Quilibet
408 2045 520 2133 legens
547 2048 616 2113 aive
638 2070 793 2114 exercens
820 2046 917 2114 debet
944 2049 1103 2112 instrucre
1131 2057 1163 2114 et
1190 2048 1342 2114 ordinare
1369 2047 1510 2134 aliquem
1536 2043 1580 2108 ad

158 2147 221 2214 hoc
241 2146 369 2229 abilam,
389 2157 425 2211 ut
444 2147 549 2234 possit
568 2147 744 2213 informare
759 2146 916 2212 intitulari
930 2147 1085 2229 volentos,
1106 2147 1194 2234 quod
1215 2171 1250 2213 se
1270 2148 1450 2213 inscribant
1472 2167 1582 2210 secuu-

157 2247 232 2312 dum
247 2244 378 2312 modum
394 2256 425 2311 et
444 2246 592 2328 formam,
613 2269 698 2332 quae
718 2248 870 2335 sequitur,
892 2256 927 2311 ut
939 2245 1091 2311 videlicet
1110 2248 1143 2311 in
1166 2247 1307 2330 scedula,
1330 2246 1372 2312 ad
1394 2246 1456 2311 hoc
1470 2267 1580 2310 secun·

158 2347 235 2412 dum
257 2344 477 2433 subscriptam
497 2345 633 2410 formam
656 2345 779 2428 liniata,
808 2345 850 2410 ad
873 2347 1012 2432 primum
1035 2347 1182 2432 spacium
1204 2347 1327 2412 scribat
1352 2368 1468 2412 nomon
1489 2367 1583 2409 suum

155 2456 188 2512 et
207 2467 386 2532 cognomen
408 2453 441 2510 ct
459 2443 578 2528 locum,
606 2443 692 2510 unde
712 2454 802 2510 ortus
827 2455 886 2528 est,
913 2447 1061 2533 praecise
1082 2467 1120 2510 eo
1141 2445 1248 2528 modo,
1269 2468 1332 2534 quo
1354 2443 1624 2510 matricula-15

155 2557 207 2612 tus
230 2554 296 2627 est3
327 2542 446 2610 deinde
467 2543 502 2608 in
530 2542 671 2609 secundo
699 2544 810 2630 spacio
834 2545 954 2630 signet,
982 2543 1022 2608 de
1043 2565 1107 2629 qua
1127 2547 1258 2610 natione
1287 2546 1345 2628 sit3
1375 2555 1448 2632 post
1469 2544 1530 2610 hoc
1550 2544 1584 2608 in

156 2645 257 2710 tercio
279 2644 390 2730 spacio
412 2653 511 2725 notet,
539 2641 600 2708 sub
621 2665 684 2730 quo
705 2651 870 2707 rectoratu
891 2651 923 2708 et
943 2641 1072 2727 quaudo
1094 2653 1169 2729 post
1188 2646 1321 2710 terciam
1341 2644 1512 2709 lectionem
1532 2640 1585 2706 vel

157 2743 364 2823 exercicium,
393 2743 440 2808 sic
461 2752 498 2808 ut
517 2743 745 2829 praemittitur,
768 2763 880 2806 omnes
901 2742 1050 2829 inscripti
1072 2752 1154 2808 sunt.
1195 2743 1249 2810 Ex
1269 2753 1347 2809 tunc
1367 2742 1464 2810 debet
1483 2741 1585 2827 magi·

157 2852 223 2907 ster
240 2842 352 2928 legens
367 2840 421 2906 vel
441 2841 612 2928 disputans
632 2843 680 2906 sic
699 2842 856 2927 incriptos
877 2839 1029 2906 ordinare
1050 2844 1226 2909 secundum
1247 2842 1392 2909 ordinem
1409 2840 1584 2930 alphabeti,

157 2939 243 3029 [26¹²]
264 2949 300 3006 ut
328 2939 482 3005 facillime
510 2941 645 3028 quisque
671 2939 810 3005 inveniri
838 2941 955 3025 possit,
985 2940 1176 3008 dimittendo
1203 2965 1223 3007 a
1250 2943 1391 3007 sinistris
1421 2941 1626 3006 sufficiensffl

157 3043 314 3129 spacium,
345 3049 381 3105 ut
401 3037 448 3104 ibi
472 3040 596 3124 signari
627 3040 732 3126 possit
757 3040 792 3102 in
812 3037 967 3120 taxando,
994 3051 1149 3123 quantum
1178 3043 1314 3130 quisque
1342 3039 1483 3122 dederit,
1512 3048 1545 3103 et
1565 3061 1586 3103 a

158 3140 283 3206 dextris
305 3137 446 3225 amplius
474 3139 620 3225 spacium
650 3161 709 3224 pro
733 3138 901 3223 signandis
926 3139 1054 3225 punctis
1084 3149 1116 3204 et
1142 3141 1354 3227 negligenciis
1381 3162 1502 3220 eorum,
1531 3139 1585 3226 qui

158 3261 193 3304 se
215 3261 236 3304 a
257 3237 449 3304 lectionibus
471 3246 505 3302 et
526 3236 697 3301 exerciciis
719 3236 901 3320 absentant,
923 3239 1026 3304 eciam
1042 3239 1217 3304 secundum
1232 3241 1370 3305 formam
1383 3238 1436 3304 hic
1450 3259 1585 3322 sequen-

157 3349 233 3420 tem,
263 3348 295 3404 et
321 3338 404 3404 tales
423 3346 490 3404 tres
511 3335 659 3402 scedulas
682 3334 825 3402 scribere
847 3345 879 3400 et
900 3359 998 3402 unam
1019 3359 1147 3425 semper
1169 3338 1259 3425 apud
1280 3359 1477 3422 asservare,
1509 3336 1586 3402 alte

157 3461 229 3504 ram
252 3447 361 3504 autem
381 3437 513 3504 tradere
533 3435 756 3502 visitatoribus
779 3446 811 3500 et
831 3437 959 3501 tertiam
980 3437 1185 3503 taxatoribus
1206 3447 1426 3525 praesentare.
1595 3444 1628 3500 25

159 3656 364 3728 Registrum
390 3655 559 3713 lectionis
578 3654 801 3726 phisicorum
818 3653 989 3725 magistri
1007 3653 1063 3724 .N.,
1087 3653 1146 3726 qui
1163 3654 1305 3726 incepit
1320 3653 1410 3711 feria
1434 3653 1587 3710 secunda

614 3755 704 3812 hora
721 3760 853 3811 octava
869 3754 904 3809 in
922 3754 1082 3812 lectorio
1099 3755 1135 3813 N.

207 4131 249 4189 v1
300 4091 417 4294 'snam
435 4087 1626 4198 rasam

177 4235 198 4290 r

199 4231 288 4288 anper
324 4211 493 4268 ameum
510 4211 617 4266 unna
635 4211 670 4266 ne
687 4208 842 4266 suessan
875 4177 879 4292 l
915 4207 940 4262 a
987 4195 1059 4294 lma
1075 4210 1207 4284 cosurgs
1271 4211 1313 4242 w

251 4685 310 4744 Dia
331 4684 496 4761 solymdea
524 4663 591 4741 drei
617 4684 896 4743 Zasatatmlrlts'rac
924 4701 989 4740 com
1016 4683 1113 4742 Jatre
1143 4684 1221 4749 1490
1250 4686 1388 4746 calcinea
1414 4703 1472 4742 von
1497 4683 1590 4742 ciuem

165 4785 326 4846 Sadreiber
347 4801 405 4842 voa
425 4781 603 4858 Proferaion
621 4783 812 4861 dapcbnqcn
832 4803 870 4842 aa
891 4783 964 4842 aeia
