3762 6074
503 479 597 530 Fiiufle
615 479 880 546 Statutenredaction,
898 495 958 530 ron
977 481 1059 531 Jcbre
1079 481 1149 532 1507.
1487 481 1547 548 489

126 701 153 762 2.
182 713 408 764 assumens
434 713 671 763 BACCALARIUS
699 715 936 763 RESPONSIONE
966 715 1078 762 FACTA
1108 715 1249 762 IURABIT
1279 712 1550 762 INFBASCRIPTOS

741 815 945 864 ARTICULOS.

210 929 305 1017 „Ego
318 929 368 994 .N.
384 932 457 996 iuro
472 931 567 996 vobis
582 931 705 996 decano
726 941 758 996 et
778 933 896 996 vestris
918 929 1158 996 successoribus
1181 931 1401 994 reverenciam
1425 939 1456 994 et
1477 928 1550 993 cbe-

127 1029 290 1095 dienciam
312 1031 347 1096 in
366 1031 463 1098 licitis
485 1031 698 1114 athenaeus,
722 1042 754 1096 et
775 1053 908 1096 servare
931 1039 1052 1096 statuta
1072 1039 1104 1095 et
1125 1027 1297 1094 statuenda
1319 1053 1380 1116 pro
1404 1051 1499 1117 posse
1521 1035 1553 1092 et

125 1151 233 1212 nosse,
255 1139 287 1194 et
308 1153 485 1217 procurare
507 1132 626 1197 bonum
648 1131 820 1196 facultatis,
1577 1135 1594 1189 5

208 1229 311 1313 „Item
333 1231 420 1312 iuro,
448 1229 535 1316 quod
564 1231 649 1296 infra
677 1231 872 1319 quindenam
894 1230 991 1295 velim
1018 1228 1144 1294 solvere
1165 1227 1312 1292 facultati
1333 1250 1433 1291 unum
1455 1225 1548 1290 llore-

126 1351 202 1392 num
225 1351 395 1394 reneneem
415 1331 450 1394 in
465 1352 544 1395 auro
562 1330 616 1396 vel
637 1329 854 1418 aequivalens,
878 1341 909 1394 et
930 1329 1098 1394 dimidium
1120 1327 1278 1393 florenum
1301 1349 1359 1412 pro
1380 1327 1459 1390 fisco
1483 1327 1552 1390 uni·

125 1429 311 1512 versitatis,
331 1429 383 1496 vel
404 1430 550 1495 obtinere
577 1431 646 1494 eius
669 1429 861 1494 dilacioncm
883 1429 936 1494 vel
958 1429 1176 1494 dimissionem
1196 1425 1239 1491 ab
1261 1424 1383 1490 eadem.

209 1528 313 1611 „ltem
335 1529 421 1612 iuro,
444 1529 532 1616 quod
553 1530 679 1595 nunciis
702 1531 771 1595 eive
792 1529 923 1595 famulis
949 1529 1173 1594 univcrsitatis
1196 1525 1281 1590 dabo
1303 1524 1453 1592 adminus
1474 1549 1552 1613 qua-

126 1635 200 1693 tuor
220 1651 361 1714 grossos.
978 1635 982 1642 '
1565 1635 1595 1690 10

210 1728 312 1810 „Item
338 1730 429 1812 iuro,
456 1728 544 1817 quod
571 1728 692 1794 bonum
720 1729 816 1794 huius
843 1729 1063 1794 universitatis
1091 1736 1123 1790 et
1151 1725 1313 1791 facultatis
1344 1727 1483 1807 arcium,
1509 1724 1551 1790 ad

128 1850 352 1915 quemcunque
371 1839 492 1893 statum
513 1827 686 1912 devenero,
709 1828 805 1894 velim
826 1851 1012 1916 procurare.

211 1993 336 2074 „Item¹
366 1993 454 2076 iuro,
478 1995 566 2082 quod
588 1995 731 2082 legitime
752 2005 848 2060 natus
869 1998 947 2078 sim,
974 2018 1093 2060 annum
1124 1992 1283 2057 decimum
1315 1993 1487 2077 septimum
1510 1989 1553 2055 ad

129 2093 240 2156 minus
272 2091 434 2178 attigerim
467 2103 499 2158 et
527 2094 570 2160 ad
600 2097 821 2161 universitatis
850 2096 1038 2182 Liptaensis
1066 2091 1269 2158 matriculam
1300 2113 1360 2176 per
1388 2089 1552 2156 dominum

124 2201 286 2257 rectorem
309 2193 369 2256 sim
391 2194 564 2281 scriptus.“
1562 2198 1593 2253 15

209 2291 274 2356 His
295 2290 387 2358 lectis
406 2315 465 2381 per
486 2293 654 2379 decanum,
677 2296 764 2360 iurat
784 2294 989 2360 baccalarius
1008 2293 1051 2360 ad
1068 2315 1183 2358 manue
1203 2289 1328 2373 decani,
1342 2289 1470 2355 dicens:

732 2395 827 2481 „Ego
855 2395 958 2462 iuro.“

176 3025 201 3074 5.
222 3013 363 3073 FUNFTE
380 3019 797 3081 STATUTENREDACTION,
815 3023 887 3072 Dua
905 3024 1136 3074 Lnflsscuusus
1158 3019 1407 3083 BETBEFFEND,
1430 3019 1505 3068 VOM

415 3105 532 3154 JAHRE
548 3103 620 3166 1507,
644 3105 758 3156 nausa*
782 3107 920 3158 ZUSATZ
940 3106 1018 3156 VOM
1038 3107 1155 3156 JAHRE
1176 3105 1269 3156 15122

125 3258 150 3322 Ι.
183 3253 245 3344 [Bl
270 3249 343 3340 33⁸]
382 3251 572 3316 Decanus
603 3251 854 3340 subscripta
886 3261 1047 3319 statuta
1076 3252 1290 3341 publicare
1320 3261 1487 3316 tenetur
1514 3251 1597 3316 ineo

125 3355 307 3422 lectorio
335 3350 646 3419 ordinariarum
676 3351 1014 3439 disputationum
1041 3354 1151 3417 infra
1177 3354 1353 3440 primum
1385 3373 1554 3414 mensem

126 3455 321 3544 posteius
340 3451 632 3516 electionemet
649 3451 759 3515 infra
777 3474 955 3516 mensem
977 3462 1071 3516 ante
1092 3452 1217 3517 finem
1239 3453 1302 3517 sui
1324 3451 1554 3516 decanatus.

312 3551 653 3637 (loncernuntquc
674 3573 810 3616 omnes
830 3553 871 3616 in
894 3550 1055 3616 artibus
1077 3548 1379 3639 promovendos

706 3650 976 3736 generaliter.

831 3809 855 3868 l.
1563 3809 1597 3866 25

211 3919 335 3984 Parum
354 3915 490 4005 prodest
510 3925 630 3982 statuta
659 3917 814 4000 condere,
842 3919 905 3982 nisi
936 3919 1117 3983 executioni
1150 3917 1280 3984 debitae
1312 3918 1554 3986 demandentur.

125 4023 264 4100 lccirco,
286 4039 326 4082 ne
349 4017 421 4104 quis
444 4039 504 4102 per
524 4017 743 4102 ignorantiam
772 4028 964 4083 statutorum
997 4041 1031 4083 se
1059 4018 1168 4083 valcat
1196 4019 1304 4106 aliquo
1335 4019 1430 4084 modo
1459 4041 1555 4083 excu-

126 4143 219 4202 sare,
240 4119 384 4183 decanus
406 4139 466 4203 pro
489 4127 634 4203 tempore
657 4119 800 4182 existens
821 4116 872 4182 bis
899 4118 934 4181 in
965 4117 1123 4182 decanatu
1153 4140 1212 4183 suo
1244 4127 1365 4183 statuta
1394 4118 1557 4182 facultatis

126 4221 248 4287 artium
270 4216 475 4304 subscripta,
499 4217 669 4304 supposita
690 4239 772 4302 quae
796 4215 958 4303 complent
980 4219 1225 4301 concernentia,
1249 4216 1309 4282 sub
1330 4239 1437 4304 poena
1459 4219 1555 4282 trium

126 4321 343 4399 florenorum,
367 4315 517 4381 facultati
538 4319 656 4381 artium
677 4314 944 4381 irremissibiliter
972 4317 1278 4402 persolvendorum,
1298 4326 1424 4382 tenetur
1446 4317 1596 4404 publi-so

127 4439 223 4500 care,
245 4425 278 4482 et
299 4414 510 4480 excedentem
531 4415 584 4480 vel
606 4415 799 4482 excedentes
819 4425 931 4481 contra
952 4417 1043 4502 ipsa,
1067 4414 1107 4480 de
1129 4439 1192 4504 quo
1212 4416 1264 4481 vel
1286 4415 1327 4480 de
1354 4417 1470 4505 quibus
1492 4416 1555 4482 sibi

217 4655 229 4705 1
249 4648 348 4704 Dieser
369 4648 452 4703 letata
470 4645 576 4702 Absata
593 4647 630 4701 iet
648 4651 741 4718 opiter
758 4647 974 4719 nachgctragen‚
991 4647 1042 4703 wie
1060 4664 1090 4703 es
1107 4646 1215 4702 echeint
1237 4665 1291 4703 von
1317 4648 1423 4704 Arnold
1445 4647 1555 4702 Wbste-

126 4736 223 4804 faldas,
240 4733 289 4788 der
310 4737 395 4788 1509·
414 4731 511 4786 Decan
531 4749 593 4786 war.

214 4823 229 4871 2
251 4817 335 4872 Diese
354 4815 520 4884 Redacaon,
543 4814 678 4870 ebenfells
708 4817 745 4870 im
767 4815 893 4887 Original
916 4815 1042 4870 erbaltcn
1067 4816 1134 4886 (vgl.
1152 4816 1222 4874 Urk.
1242 4817 1358 4882 Quellen
1383 4814 1410 4870 S.
1429 4819 1478 4869 842
1497 4813 1556 4886 sq),

126 4904 238 4960 enthiilt
266 4901 310 4956 die
334 4898 507 4970 wichtigstcn
532 4899 765 4970 Umttndemngen
788 4901 837 4956 des
859 4899 1041 4955 Lebrcursus.
1082 4901 1121 4955 Ee
1144 4918 1201 4956 war
1224 4901 1318 4969 daber,
1336 4895 1442 4954 obwohl
1462 4898 1556 4954 iader

126 4995 220 5044 ersten
238 4984 412 5054 Abtheilung
428 4985 473 5039 die
489 4982 661 5053 Anlebnung
679 5001 714 5038 an
737 4984 782 5040 die
800 4983 910 5039 frithere
928 4985 1084 5040 Redaction
1100 5003 1132 5040 so
1148 4986 1201 5041 viel
1220 4985 1269 5042 wie
1291 4983 1412 5054 meglich
1430 4982 1554 5038 wbrtlich

127 5073 175 5140 ist,
194 5088 232 5126 au
255 5069 404 5125 kleineram
423 5069 543 5134 Drucke,
561 5068 614 5122 den
633 5067 679 5122 ich
703 5067 823 5139 anfange
849 5066 1067 5140 bcobsichtigte,
1088 5069 1258 5140 keinoswegs
1281 5085 1316 5122 zu
1339 5067 1453 5138 greitan.
1493 5067 1554 5122 Dae

125 5157 199 5213 Jchr
219 5159 282 5212 1507
301 5155 338 5208 ist
355 5170 400 5209 am
418 5151 547 5210 Schluese
565 5153 710 5207 vermmlrt.
