3762 6074
522 484 608 541 Aebte
629 485 894 549 earnemcarnem,
911 501 973 540 rom
991 487 1073 542 Jahre
1092 487 1163 542 1558.
1351 491 1359 515 ³
1489 485 1550 554 537

133 666 271 758 posthae
293 667 327 735 iu
348 677 462 738 nostm
491 673 720 738 communitate
748 673 898 738 mactatio
929 669 1107 738 studiormn
1136 668 1434 752 administrabitur,
1467 689 1549 758 quae

131 769 286 834 nimirum
306 771 368 836 iter
389 773 584 858 optimarum
614 772 860 862 disciplinarum
888 795 927 838 ao
957 773 1075 838 artium
1101 771 1258 856 ingressis
1280 780 1312 836 et
1332 767 1549 866 cogitantibus

131 868 308 956 procedere
327 870 362 934 in
383 870 434 936 his
457 870 599 938 colendis
629 885 706 938 nota
733 895 804 938 esse
835 881 976 960 oportet,
1019 881 1087 936 tam
1118 868 1161 934 ad
1194 893 1286 958 spem
1319 869 1405 958 quod
1432 889 1551 956 operae

129 970 275 1056 precium
296 970 338 1033 sit
355 969 526 1054 efficiendi,
546 993 644 1057 quam
666 970 862 1038 ascendendi
883 967 947 1060 [50]
970 970 1138 1056 dignitatis
1161 963 1373 1036 scholasticae
1399 970 1546 1056 proposi·

130 1077 180 1134 tos
202 1067 324 1154 gradus
347 1077 378 1133 et
398 1070 616 1156 consequendi
631 1071 780 1137 honores.
802 1071 981 1136 Hortamur
998 1079 1104 1136 antem
1119 1071 1300 1151 universos,
1321 1077 1357 1132 ut
1379 1091 1420 1134 ex
1441 1068 1549 1156 animo
1575 1075 1592 1129 5

131 1177 164 1232 et
185 1190 265 1232 vera
283 1167 450 1234 voluntate
472 1191 605 1257 operam
632 1170 710 1236 dent
736 1169 882 1238 eruditae
910 1170 1092 1251 doctrinae,
1122 1169 1214 1234 euius
1244 1167 1385 1233 studium
1416 1176 1548 1232 nostrae

128 1266 340 1354 professionis
361 1268 526 1355 peculiare
548 1279 605 1334 est.
647 1271 731 1335 Nam
749 1270 854 1336 literis
883 1281 914 1336 et
941 1268 1069 1334 liberali
1098 1269 1235 1338 scientia
1262 1266 1414 1355 perpoliti
1444 1265 1504 1332 soli
1525 1266 1549 1329 ii

132 1377 216 1450 sunt,
239 1368 294 1454 qui
317 1369 498 1455 sapientiae
519 1379 551 1434 et
578 1371 707 1435 virtutis
736 1369 907 1457 praeclara
933 1378 966 1434 et
992 1368 1078 1447 bona
1111 1390 1211 1457 opera
1240 1367 1408 1434 elaborare
1436 1366 1550 1432 solent.

128 1465 173 1531 Et
192 1465 306 1532 talium
327 1467 488 1533 industria
509 1490 582 1534 oum
604 1467 664 1533 deo
685 1477 781 1555 grata
801 1467 993 1534 assiduitate
1007 1477 1039 1538 et
1054 1467 1223 1553 diligentia
1243 1469 1365 1534 servire
1381 1489 1461 1554 prae
1477 1487 1548 1530 oae-

128 1567 218 1648 teris,
239 1576 306 1630 tum
328 1566 527 1654 reipublicae
548 1577 581 1634 et
602 1569 668 1634 suis
690 1567 826 1634 offitium
846 1567 966 1634 utiliter
994 1576 1027 1633 et
1043 1566 1211 1632 'foeliciter
1240 1577 1407 1654 praestare
1430 1573 1546 1654 potest.
1558 1571 1592 1628 to

129 1665 203 1732 Non
224 1667 310 1732 enim
332 1677 420 1732 certe
437 1665 497 1733 deo
519 1667 649 1755 placent
669 1667 832 1750 ineruditi,
854 1669 911 1757 qui
930 1668 1048 1755 potius,
1071 1690 1142 1742 cum
1161 1667 1348 1758 plerumque
1360 1665 1437 1731 mali
1451 1666 1552 1732 etiarn

129 1766 194 1828 sint
217 1774 248 1830 et
267 1765 319 1830 vel
339 1766 480 1854 improbi
502 1767 554 1832 vel
575 1767 693 1850 futiles,
716 1767 776 1833 deo
798 1769 895 1834 etiam
916 1769 980 1856 ipsi
1002 1766 1211 1855 displiceant,
1241 1787 1374 1832 neeesse
1397 1775 1454 1831 est
1495 1762 1550 1829 Ad

128 1863 293 1930 hominum
314 1875 423 1944 autem
451 1869 637 1932 societatem
665 1865 819 1933 tuendam
846 1877 877 1932 et
904 1865 1084 1933 ornandam
1109 1865 1190 1932 nihil
1214 1874 1264 1931 est
1288 1868 1394 1930 minus
1427 1873 1548 1953 aptum,

127 1987 225 2050 quam
247 1963 415 2032 docrinae
436 1975 468 2032 et
488 1966 680 2032 eruditionis
702 1989 820 2054 expers
840 1967 1006 2032 homiuum
1028 1977 1061 2032 et
1079 1965 1256 2032 barbarum
1269 1988 1379 2052 genus.
1409 1963 1547 2030 Oramus

128 2075 235 2129 autem
259 2067 470 2132 communiter
493 2075 660 2132 aeternnm
682 2065 787 2148 deum,
809 2076 954 2132 autorem
977 2069 1081 2132 omnis
1099 2067 1283 2152 'sapientiae
1304 2071 1337 2129 e't
1356 2065 1496 2145 virtutis,
1510 2071 1589 2128 utt5

126 2171 296 2229 convertat
316 2163 501 2232 voluntates
522 2175 651 2232 noscas
672 2163 715 2230 ad
737 2167 885 2232 veritatis
907 2187 1019 2230 euram
1041 2175 1073 2230 et
1096 2164 1204 2230 studia
1224 2165 1333 2230 omnia
1347 2163 1488 2230 deducat
1508 2161 1551 2228 ad

125 2262 266 2348 gloriam
288 2265 428 2330 nominis
453 2265 503 2330 sni
528 2274 559 2330 et
574 2263 731 2330 eccleiae
742 2264 1006 2352 reipublicaeque
1018 2264 1199 2346 utilitatem,
1223 2265 1302 2330 utin
1317 2263 1549 2350 nobisquoque

125 2361 307 2428 celebretur
326 2383 443 2428 nomen
464 2364 569 2451 ipsius
592 2373 625 2430 et
644 2363 794 2430 laudetur
818 2386 858 2430 ac
877 2362 1076 2450 glorificetur
1095 2365 1167 2449 ipse
1186 2375 1280 2451 pater
1303 2363 1424 2429 domini
1441 2372 1473 2428 et
1487 2360 1548 2427 sal-

126 2461 253 2526 vatoris
273 2463 377 2528 nostri
403 2463 500 2529 ihesu
526 2463 649 2530 Christi
680 2487 744 2528 una
771 2485 844 2528 oum
873 2465 990 2550 spiritu
1018 2473 1146 2546 saneto,
1180 2485 1277 2546 unus,
1310 2461 1414 2545 solus,
1444 2484 1551 2544 verus,

125 2571 288 2643 aeternus,
311 2563 526 2649 omnipotens,
548 2551 734 2628 misericors
756 2561 836 2628 deus
858 2571 1015 2649 perpetuo
1037 2561 1154 2628 seculis
1175 2561 1319 2628 infinitis.
1341 2560 1456 2628 Amen.
1559 2569 1594 2626 2⁰

500 2823 608 2916 [S.5t]
635 2845 682 2892 na
703 2844 950 2893 nrsrmcmoua
974 2845 1178 2894 rauroaun.

207 2993 246 3057 ln
268 2992 431 3058 mentione
460 2992 675 3058 distinctionis
704 3002 888 3079 temporum
917 2995 968 3060 usi
997 3017 1106 3059 sumus
1137 2994 1322 3060 nominibus
1342 2995 1552 3058 trimestrium

123 3103 155 3158 et
178 3092 402 3175 semestrium,
425 3113 507 3179 quae
530 3115 707 3178 congruere
731 3093 787 3174 iis,
817 3093 935 3180 quibus
957 3093 1159 3175 tribuuntur,
1182 3097 1215 3159 in
1237 3095 1298 3159 hae
1320 3115 1430 3158 rerum
1451 3092 1552 3156 admi·

122 3193 319 3258 nistratione
337 3193 411 3258 visa
433 3201 513 3256 sunt
555 3191 628 3256 Etsi
650 3201 758 3256 autem
781 3193 958 3257 trimestria
985 3203 1075 3266 (nam
1098 3193 1138 3258 de
1164 3191 1372 3258 semestribus
1394 3191 1482 3257 nulla
1504 3201 1553 3256 est

122 3292 362 3368 controversia)
384 3289 569 3378 inaequalia
591 3301 674 3372 sunt,
694 3289 773 3354 nihil
796 3299 905 3357 tamen
929 3292 1125 3358 incommodi
1145 3291 1245 3357 babet
1265 3291 1339 3357 talis
1362 3290 1592 3378 appellatio,25

121 3393 174 3458 vel
207 3399 257 3456 est
279 3391 387 3478 potius
419 3390 462 3454 ad
491 3400 612 3454 certam
642 3388 883 3455 distinctionem
908 3389 1034 3456 idonea.
1089 3391 1181 3456 State
1212 3414 1289 3456 vero
1317 3393 1412 3456 initia
1443 3393 1550 3478 spatia

121 3489 324 3577 singulorum
347 3489 550 3554 semestrium
565 3487 730 3570 definiunt,
751 3498 787 3552 ut
806 3488 900 3555 verbi
922 3513 1021 3556 causa
1041 3489 1244 3556 ordientibus
1266 3513 1286 3554 a
1306 3491 1415 3555 vernis
1437 3491 1548 3572 initiis,

120 3613 206 3678 qnae
228 3597 277 3653 est
297 3588 396 3674 vulgo
418 3588 554 3674 angaria
575 3588 702 3670 ieiunii,
725 3589 886 3654 trimestre
908 3589 970 3655 hoc
992 3589 1101 3654 finitur
1122 3591 1223 3654 initiis
1245 3590 1389 3673 aestatis,
1412 3591 1549 3675 angaria

119 3690 277 3756 nimirum
313 3697 526 3775 pentecostes.
586 3686 756 3752 Aestivum
792 3696 900 3752 autem
929 3689 1092 3753 trimestre
1119 3688 1230 3754 finitur
1262 3689 1363 3755 initiis
1395 3689 1548 3772 autumni,

119 3789 260 3875 angaria
286 3790 392 3852 crucis
421 3793 490 3865 (den
513 3791 560 3853 14.
582 3789 778 3869 September),
805 3787 989 3854 autumnale
1015 3809 1093 3853 vero
1120 3789 1282 3854 trimestre
1310 3789 1420 3856 finitur
1445 3789 1591 3854 initiisso

117 3889 274 3969 brumae,
308 3888 445 3974 angaria
475 3885 507 3952 S.
529 3885 675 3950 Thomas
710 3891 1064 3971 (dm21.Deeemler);
1097 3897 1128 3952 et
1153 3886 1234 3971 hoo,
1267 3889 1353 3976 quod
1379 3889 1550 3955 hibernum

120 3999 172 4056 est
192 3988 373 4070 trimestre,
396 3985 514 4051 desinit
534 3986 636 4051 initiis
658 3987 783 4068 vernis,
814 3997 845 4050 et
871 3987 1021 4052 iteratio
1043 3989 1254 4053 trimestrium
1275 3987 1361 4054 redit
1381 3993 1416 4054 in
1436 3988 1546 4054 orbem

120 4098 154 4154 et
175 4087 378 4152 convertitur
398 4086 482 4150 serie
503 4084 656 4150 indicata
699 4083 776 4150 Sive
792 4087 905 4174 ·igitur
935 4083 1099 4172 stipendia
1125 4088 1365 4171 professoribus
1393 4087 1549 4155 solvenda

121 4196 228 4269 erunt,
249 4208 306 4252 seu
320 4206 403 4273 quae
419 4183 502 4250 aliae
519 4207 572 4250 res
595 4193 650 4250 aut
671 4185 803 4270 negotia
824 4183 999 4250 dividenda
1020 4185 1230 4273 temporibus,
1251 4185 1333 4252 haec
1355 4190 1439 4254 ratio
1462 4197 1549 4253 recte

119 4286 244 4376 poterit
262 4283 450 4367 observari,
473 4307 557 4370 quae
578 4282 629 4350 vel
653 4282 696 4349 ad
716 4292 784 4348 tota
806 4285 983 4350 trimestria
1004 4283 1210 4370 attribuatur,
1232 4285 1283 4352 vel
1306 4310 1365 4373 pro
1389 4285 1453 4376 [52]
1476 4295 1589 4352 rata35

119 4387 237 4454 horum
261 4395 354 4472 parte
378 4385 576 4469 exquiratur.
618 4383 691 4448 Etsi
713 4393 830 4466 autam,
853 4383 1124 4471 quemadmodum
1147 4383 1267 4450 dictum
1290 4396 1349 4470 est,
1370 4387 1548 4452 trimestria

120 4485 239 4552 diebus
261 4495 335 4549 sunt
361 4481 566 4568 inaequalia,
597 4481 677 4548 nihil
710 4492 820 4548 tamen
851 4482 960 4549 obstat
992 4482 1217 4550 distribuendo
1251 4485 1285 4549 in
1317 4484 1398 4551 haee
1428 4507 1547 4551 annum

119 4595 263 4675 quatuor
284 4585 349 4650 ista
370 4593 519 4671 tempora
545 4605 605 4669 pro
627 4582 818 4671 aequalibus
839 4581 961 4648 haberi.
