3758 6072
515 480 605 540 Visrtc
623 485 892 550 stantemstantem
914 501 968 538 von
989 483 1161 542 uss-¹522.

549 705 605 773 IV.
636 723 881 774 csrrruauu
901 723 1111 788 Qnsnruu.

119 884 285 954 Statuta
316 891 602 958 concernentia
637 890 902 974 honestatem,
940 893 1162 974 sessiones,
1201 871 1297 955 rota
1333 883 1464 952 danda
1502 889 1540 951 et

582 1007 762 1075 habitum
787 1011 1081 1096 magistrorum.

204 1215 230 1274 l·
253 1225 300 1272 ΒΕ
322 1223 553 1276 cousussmtus
574 1227 823 1278 ltamsrsonnu
844 1230 881 1278 m
901 1228 1062 1279 CONSILIO
1084 1223 1298 1277 frotmundus
1317 1219 1457 1271 sucmu.

200 1373 247 1440 Ut
275 1372 426 1440 honestas
451 1377 555 1443 maior
584 1379 618 1443 in
646 1379 780 1446 consilio
805 1379 970 1446 facultatis
997 1387 1143 1445 servetur
1165 1398 1204 1441 ac
1225 1395 1316 1440 error
1337 1381 1369 1438 et
1392 1367 1536 1435 confusio
1563 1375 1580 1433 ⁵

120 1475 155 1540 in
169 1473 357 1540 inductione
367 1486 515 1542 votorum
527 1477 668 1561 tollatur,
688 1479 814 1567 placuit
831 1480 996 1567 magistris
1016 1478 1056 1544 de
1074 1475 1208 1543 consilio
1225 1471 1388 1538 facultatis
1407 1470 1540 1550 arcium,

121 1573 209 1660 quod
223 1596 334 1640 omnes
356 1584 389 1641 et
410 1575 530 1663 singuli
548 1579 698 1666 magistri
718 1580 913 1646 consedeant
935 1577 1111 1644 secundum
1132 1573 1277 1641 ordinem
1298 1579 1330 1636 et
1351 1569 1475 1635 senium
1491 1567 1541 1633 sui

120 1674 302 1760 magisterii
328 1683 474 1763 tempore
504 1677 701 1744 inductionis
728 1679 854 1745 consilii
881 1690 937 1745 ant
964 1679 1032 1744 voti
1061 1674 1178 1757 dandi,
1199 1675 1306 1739 senior
1328 1671 1438 1736 statim
1465 1675 1541 1757 post

120 1772 279 1839 decanum
295 1795 431 1860 sequens
443 1776 477 1840 in
491 1798 621 1844 scamno
638 1777 702 1844 alio
721 1777 898 1845 collaterali
919 1787 951 1843 et
972 1779 1019 1843 sic
1040 1775 1193 1861 deinceps
1216 1769 1351 1857 quilibet
1372 1770 1407 1834 in
1428 1767 1540 1834 ordine

119 1895 177 1938 suo
198 1874 268 1938 sine
288 1877 601 1962 praeposteracione,
624 1877 683 1944 sub
706 1901 812 1966 poena
833 1879 1001 1944 carenciae
1022 1877 1199 1965 peccuniae
1218 1869 1462 1938 distribuendae
1482 1876 1538 1932 aut
1547 1875 1580 1932 10

121 1974 199 2056 voti,
223 1973 253 2038 si
274 1977 433 2060 peccunia
454 1974 679 2042 distribuenda
700 1977 847 2045 defuerit.
889 1978 1029 2043 Possunt
1051 1985 1175 2058 tamen,
1196 1974 1224 2038 si
1244 1969 1362 2052 velint,
1390 1969 1539 2055 magistri

122 2073 214 2138 exire
237 2083 268 2138 et
290 2075 412 2141 intrare
433 2075 561 2142 stubam
581 2075 715 2143 honeste
752 2079 796 2144 ad
816 2087 928 2144 nutum
951 2099 1077 2160 eorum,
1100 2074 1242 2141 sednon
1265 2068 1383 2136 debent
1405 2067 1487 2134 inibi
1506 2067 1542 2132 in

120 2171 344 2239 confusionem
372 2183 404 2240 et
431 2174 708 2263 perturbationem
745 2178 870 2246 consilii
897 2177 1012 2266 vagari
1041 2185 1074 2242 et
1106 2173 1248 2262 spaciari
1283 2180 1381 2260 atque
1410 2168 1541 2235 contuse

124 2270 247 2361 absque
270 2273 379 2341 debito
398 2273 513 2342 ordine
533 2275 654 2343 sedere.

482 2481 511 2542 2.
537 2495 585 2544 nn
606 2495 709 2545 voms
730 2495 927 2546 enuerrrvrs
945 2495 1017 2544 nou
1038 2491 1175 2542 nsunrs.
1550 2475 1582 2532 15

206 2640 253 2708 Ut
279 2663 373 2707 amor
400 2651 433 2708 ct
460 2643 636 2711 concordia
655 2647 885 2732 magistrorum
911 2644 952 2710 de
979 2643 1112 2710 consilio
1140 2640 1303 2708 facultatis
1332 2638 1468 2704 firmiter
1487 2633 1542 2702 eb·

123 2749 280 2822 servatum,
302 2740 434 2828 placuit,
455 2743 542 2829 quod
562 2743 710 2810 dccetero
729 2745 836 2810 nullus
858 2747 1088 2831 magistrorum
1107 2740 1149 2808 de
1171 2739 1304 2808 consilio
1324 2736 1487 2804 facultatis
1508 2735 1543 2800 in

124 2861 183 2906 suo
202 2849 278 2906 voto
300 2849 401 2926 ponat
421 2841 554 2928 aliquod
574 2843 710 2910 verbum
733 2847 938 2933 pungitivum
959 2853 1015 2909 aut
1041 2841 1310 2910 mordificativum
1337 2837 1470 2904 alterius
1490 2832 1544 2899 vel

124 2937 244 3024 alleget
264 2939 491 3006 similitudines
513 2943 758 3031 impertinentes
779 2942 1089 3032 etmordificantes,
1112 2941 1172 3008 sub
1197 2963 1302 3028 poena
1326 2939 1424 3004 trium
1449 2933 1542 3000 flore-

126 3059 242 3103 norum
264 3038 413 3106 facultati
434 3043 557 3108 arcium
578 3043 876 3130 persolvendorum,
898 3044 1045 3131 quamsi
1067 3041 1302 3107 contrafaciens
1323 3059 1388 3103 non
1411 3033 1586 3101 solverittt)

124 3145 183 3202 aut
196 3137 326 3204 solvere
347 3140 381 3204 in
401 3140 510 3206 triduo
532 3144 741 3225 recusaverit,
764 3152 874 3209 careat
895 3143 1123 3228 actrucgencia
1143 3149 1210 3205 tam
1231 3137 1287 3210 diu
1309 3135 1412 3203 donec
1435 3133 1544 3198 buius·

121 3237 212 3303 modi
232 3259 373 3326 poenam
394 3239 604 3306 effectualiter
627 3241 775 3324 solverit,
805 3243 895 3308 salvo
922 3264 960 3308 eo
988 3242 1076 3330 quod
1102 3242 1176 3327 ipsa
1203 3235 1342 3303 facultas
1370 3233 1543 3312 discernat,

121 3359 164 3402 an
194 3339 241 3418 is,
267 3339 323 3424 qui
352 3337 492 3426 aliquem
519 3341 750 3426 magistrorum
774 3338 839 3429 [6⁸]
861 3344 1039 3429 pupugisse
1067 3337 1285 3418 contenditur,
1311 3341 1425 3400 contra
1450 3353 1543 3420 prae-

121 3435 245 3502 dictum
266 3446 421 3504 stonum
450 3461 523 3504 cnm
551 3440 668 3506 effectu
696 3440 877 3526 deliquerit
926 3439 1035 3506 Debet
1062 3440 1166 3504 eciam
1195 3436 1337 3505 cccmus
1365 3433 1459 3514 huic,
1489 3432 1544 3518 qui

119 3535 201 3602 talia
221 3545 316 3620 vota,
338 3547 374 3602 ut
400 3539 616 3626 praemissum
643 3550 708 3613 est,
731 3539 871 3622 dederit,
895 3539 1070 3621 mandare,
1098 3547 1134 3603 ut
1160 3535 1272 3619 sileat,
1303 3531 1363 3601 sub
1395 3530 1583 3618 praefatatt

120 3659 236 3724 poena
279 3635 345 3718 Qui
366 3637 395 3702 si
415 3660 482 3703 non
503 3638 677 3722 obedierit,
700 3663 742 3706 cx
762 3649 841 3706 tunc
862 3649 959 3727 capta
978 3639 1194 3726 oportunitate
1216 3635 1359 3702 decanus
1389 3639 1545 3698 convocet

125 3735 207 3802 alios
222 3737 396 3822 magistros
418 3735 459 3802 de
480 3738 615 3805 consilio
634 3739 808 3822 facultatis,
829 3741 901 3826 ipso
923 3738 1094 3804 dumtaxat
1113 3735 1255 3818 excluso,
1277 3735 1333 3821 qui
1352 3743 1430 3799 tuuc
1451 3733 1544 3796 iuxta

120 3834 234 3900 delicti
255 3836 468 3924 quantitatem
490 3835 612 3904 dictent
639 3848 766 3927 tempus
794 3839 1015 3926 suspensionis
1045 3837 1088 3903 ad
1117 3835 1259 3902 medium
1282 3855 1401 3899 annum
1427 3831 1490 3896 sibi
1511 3831 1545 3895 in

119 3955 269 4022 poenam.

192 4122 222 4185 3.
252 4135 442 4203 usmarus,
474 4137 613 4188 cerras
642 4139 738 4202 quau
769 4139 805 4186 nr
832 4137 1036 4187 rsounrsrn
1064 4136 1209 4198 sarcum
1236 4133 1471 4200 ruoromrua,
1551 4122 1586 4180 3⁰

306 4236 499 4286 rnsncrrun
527 4239 595 4288 run
622 4239 805 4304 oremus,
828 4237 992 4286 rnuroas
1021 4235 1263 4286 mscnnrrorus
1289 4236 1357 4284 rua

535 4337 768 4388 racunrsrnu
795 4337 957 4385 musana
981 4335 1129 4384 cnonas.

204 4469 251 4536 Ut
271 4467 421 4554 magistri
442 4477 518 4534 vota
541 4493 600 4536 sua
621 4472 749 4559 possint
773 4469 907 4536 liberius
937 4467 1101 4534 effimdere
1123 4477 1155 4533 ct
1176 4490 1216 4534 ne
1239 4465 1326 4534 idem
1347 4489 1425 4555 pars
1449 4467 1491 4531 sit
1511 4472 1544 4529 et

120 4569 241 4652 iudex,
262 4567 371 4656 placet
392 4569 557 4655 magistris
579 4569 620 4635 de
642 4569 774 4636 consilio
796 4568 959 4635 facultatis
980 4570 1121 4652 areium,
1143 4569 1247 4656 quod,
1272 4568 1348 4634 dum
1369 4563 1491 4653 aliquid
1511 4565 1545 4628 in

120 4667 279 4736 facultate
308 4667 432 4733 arcium
461 4678 576 4735 contra
601 4670 741 4758 aliquem
766 4670 996 4755 magistrorum
1025 4665 1066 4732 de
1094 4667 1229 4734 consilio
1258 4667 1402 4733 eiusdem
1423 4670 1584 4752 propo-35

117 4769 227 4849 nitur,
251 4768 428 4854 praecipue
449 4789 508 4855 per
530 4767 708 4850 decanum,
730 4769 856 4834 sivein
878 4766 1028 4833 civilibus
1050 4768 1119 4833 sive
1139 4766 1346 4855 poenalibus,
1368 4765 1443 4832 talis
1464 4773 1542 4828 tem·

119 4888 202 4956 pore
224 4863 436 4932 discrecionis
465 4889 524 4954 per
551 4867 738 4934 facultatem
767 4867 808 4934 de
837 4865 1092 4954 congregacione
1121 4889 1230 4933 eorum
1251 4865 1346 4932 cedat
1366 4874 1398 4930 et
1418 4873 1542 4930 senten·

118 4969 206 5032 ciam
237 4961 407 5030 ferendam
448 4975 522 5032 ante
556 4965 685 5032 stubam
716 4967 882 5034 facultatis
916 4965 969 5032 vel
1007 4963 1086 5030 alibi
1117 4976 1301 5053 exspectet,
1338 4963 1397 5030 sub
1434 4960 1542 5028 debito

117 5065 342 5146 obedientiae,
364 5086 461 5152 quam
482 5067 604 5132 iuravit
624 5075 772 5154 tempore
793 5090 871 5134 suae
898 5067 1110 5156 promotionis
1132 5077 1164 5134 et
1186 5065 1381 5154 receptionis
1404 5061 1447 5130 ad
1468 5083 1542 5128 con·

117 5166 226 5234 silium
247 5162 421 5230 facultatis.
1550 5170 1584 5228 to
