3768 6072
333 429 390 494 186
896 432 951 482 Dar
969 447 1063 496 grosse
1083 433 1185 499 (loting.

411 608 675 692 Pronunciaruus,
703 612 788 698 quod
812 637 923 680 ornnes
946 615 1163 680 dissensiones
1192 625 1282 681 ortae
1304 616 1387 678 inter
1407 615 1594 700 collegiatus
1620 617 1753 682 maioris

329 707 456 793 collegii
478 718 510 774 et
533 708 721 795 collegiatos
744 713 867 779 vilioris
889 715 1016 802 collegii
1044 726 1076 780 et
1097 737 1207 780 omues
1229 737 1271 779 ex
1298 725 1433 799 utraque
1455 725 1549 800 parte
1572 715 1751 780 adhaeren-

332 819 379 872 tes
400 810 525 872 rationo
550 810 750 896 quorundam
774 821 969 880 stamterum
999 815 1160 880 facultatis
1183 815 1300 879 artium
1322 823 1353 880 et
1374 815 1510 879 rectoris
1532 815 1699 880 electionis
1722 818 1755 878 in

331 907 466 993 collegio
500 911 616 974 maiori
649 909 830 976 celebratae
862 924 894 977 et
931 914 1167 980 abstractarum
1199 913 1384 978 examinum
1418 925 1450 976 et
1486 917 1756 978 convocationum

290 1017 305 1071 5
333 1007 497 1072 facultatis
525 1011 643 1074 artium
671 1013 704 1073 in
734 1011 870 1098 collegio
894 1015 1009 1078 maiori
1035 1023 1067 1080 et
1094 1013 1385 1078 administrationis
1413 1011 1500 1076 illius
1529 1015 1688 1099 pccmiiae
1717 1013 1757 1078 dc

328 1106 408 1172 locis
432 1110 653 1193 provenientis
674 1111 707 1174 in
730 1121 823 1196 parte
845 1125 877 1176 et
896 1114 930 1176 in
955 1122 1020 1178 toto
1044 1113 1163 1178 debent
1184 1136 1254 1178 esse
1276 1121 1421 1177 mortuae
1443 1122 1475 1176 et
1497 1115 1677 1194 extinctae,
1710 1115 1758 1177 sic

333 1215 440 1272 autem
461 1217 497 1271 ut
517 1217 614 1272 antea
636 1209 700 1272 sint
720 1208 798 1275 boni
824 1223 856 1276 et
884 1235 925 1276 ex
947 1215 1054 1278 animo
1077 1215 1183 1278 amici.
1224 1213 1303 1276 Item
1331 1211 1419 1298 quod
1446 1215 1598 1277 examina
1627 1235 1756 1299 promo·

330 1306 508 1370 vendcrum
531 1308 564 1370 in
586 1306 711 1372 artibus
734 1319 765 1372 et
786 1314 1035 1376 convocationes
1056 1312 1218 1376 facultatis
1240 1313 1359 1376 artium
1383 1321 1415 1374 et
1444 1311 1582 1397 prandia
1611 1311 1757 1378 licentia·

332 1417 436 1469 torum
459 1407 491 1469 in
512 1406 636 1470 artibus
660 1406 800 1472 debcant
821 1433 891 1474 esse
912 1413 947 1474 in
970 1411 1104 1498 collegio
1118 1413 1242 1494 maiori,
1264 1421 1297 1474 ut
1318 1410 1494 1496 disponunt
1514 1421 1635 1475 statuta
1657 1411 1758 1475 facul-

286 1506 405 1568 'rotatis
428 1507 557 1569 artium.
590 1507 670 1570 Item
694 1505 856 1594 collegiati
879 1509 997 1574 debent
1017 1513 1185 1599 percipere
1207 1511 1377 1599 pecuniam
1399 1509 1438 1574 de
1461 1508 1540 1574 loeis
1563 1513 1758 1598 provenien·

332 1614 406 1686 tem,
431 1605 514 1668 sicut
536 1616 611 1670 ante
633 1607 789 1674 fecerunt

619 2067 667 2126 tt.
690 2079 735 2126 nn
757 2078 1012 2128 eaocunsroan
1033 2081 1199 2130 ansanus
1220 2077 1450 2127 onn'rrnuoo

411 2205 506 2272 Anno
532 2215 609 2275 ttae
636 2212 669 2273 in
696 2213 924 2298 praepositura
949 2211 994 2276 Μ.
1018 2211 1174 2300 Stephani
1203 2209 1376 2275 Huffeners
1403 2209 1433 2273 d.
1461 2215 1480 2274 2
1507 2209 1649 2294 Augusti
1682 2235 1757 2276 con·

330 2305 469 2389 clusum,
499 2307 584 2395 quod
615 2309 748 2396 quilibet
779 2311 968 2396 collegiatus
998 2313 1130 2376 iunioris
1161 2310 1304 2396 collegii,
1336 2311 1392 2394 qui
1419 2308 1504 2372 ultra
1529 2331 1676 2374 mensem
1708 2323 1757 2376 cst

291 2405 448 2470 tiabsens
476 2430 496 2470 a
524 2407 669 2494 collegia,
698 2421 823 2474 tenetur
852 2411 1012 2476 dimittere
1040 2433 1097 2475 seu
1126 2410 1247 2476 babere
1274 2418 1517 2496 procuratorem
1546 2407 1755 2494 collegiatam

330 2516 533 2590 praesentem
557 2506 684 2594 collegii
715 2509 872 2596 praedicti
896 2534 954 2597 per
975 2519 1101 2596 tempus
1124 2510 1290 2576 absentiae
1320 2531 1408 2589 suae,
1437 2506 1496 2571 sub
1519 2530 1624 2592 poena
1648 2510 1758 2596 priva-

332 2605 433 2668 cionis
457 2605 685 2694 collegiaturae
710 2631 787 2673 suae
807 2609 897 2673 nulla
918 2609 983 2674 alia
1003 2611 1213 2674 invocacione
1234 2606 1456 2694 praecedente.

664 2800 713 2859 45.
736 2811 803 2858 eno
826 2810 993 2858 mraot'ru
1015 2799 1034 2859 6
1055 2809 1207 2858 nuceum
1226 2807 1407 2857 seorsum.

414 2939 559 3020 Quilibet
580 2940 622 3006 de
641 2965 725 3008 novo
747 2944 873 3008 intrans
895 2943 1063 3030 collegium
1085 2943 1170 3008 infra
1192 2943 1332 3030 primum
1357 2961 1500 3005 mensem
1528 2939 1577 3002 sui
1603 2939 1759 3004 introitus

290 3038 459 3104 20sulvere
485 3039 580 3106 debet
607 3045 793 3130 praeposito
822 3042 949 3129 collegii
980 3055 1056 3108 tunc
1083 3043 1234 3108 existenti
1261 3063 1319 3106 sex
1347 3040 1486 3104 florenos
1515 3059 1671 3104 renenses
1700 3063 1759 3126 pro

331 3139 409 3203 fisco
429 3140 566 3226 collegii,
597 3140 657 3206 sub
680 3163 785 3228 poena
807 3145 970 3208 carentiae
998 3143 1126 3224 bursae,
1156 3165 1252 3228 quam
1274 3139 1481 3228 praepositus
1505 3136 1564 3201 sub
1591 3161 1651 3202 suo
1674 3140 1758 3203 iura-

331 3250 436 3304 mento
457 3240 520 3305 sibi
544 3239 734 3306 subtrahere
756 3251 892 3325 tenetur,
921 3245 949 3307 si
974 3242 1158 3329 praedictos
1187 3263 1245 3305 sex
1266 3239 1405 3306 florenos
1428 3261 1492 3303 non
1515 3236 1652 3304 solverit
1674 3239 1758 3302 infra

329 3349 455 3425 tempus
479 3351 711 3426 praenotatum.

348 3529 729 3591 46.ouo1seos1rroun
753 3541 886 3590 amusan
908 3543 1016 3592 lurra
1040 3543 1216 3590 orantum*
1239 3539 1379 3588 usroms
1403 3537 1524 3586 rioms
1547 3536 1727 3586 cotenon.

290 3681 321 3737 25
414 3673 540 3738 Eodem
568 3696 651 3737 anno
673 3673 865 3738 duodecima
893 3673 945 3738 die
967 3675 1107 3760 Augusti
1136 3673 1321 3738 conclusum
1348 3671 1408 3734 fuit
1430 3667 1654 3751 concorditer,'
1672 3669 1758 3756 quod

331 3774 536 3859 praepositus
560 3795 619 3858 pro
643 3783 787 3859 ternpore
809 3775 952 3838 existens
974 3783 1121 3838 teneatur
1142 3795 1254 3859 regere
1275 3793 1421 3835 mensam
1450 3767 1490 3831 dc
1518 3771 1701 3852 quantitate
1730 3779 1762 3833 et

331 3871 485 3957 qualitate
514 3871 706 3936 ferculorum
733 3873 826 3936 iuxta
854 3871 1015 3938 dictamen
1041 3875 1173 3938 maioris
1201 3873 1304 3959 partis
1333 3869 1470 3953 collegii.
1513 3866 1605 3931 idern
1629 3871 1692 3933 erit
1721 3869 1761 3933 de

330 3969 536 4034 cerevisiario
558 3969 665 4055 qrtcad
686 3971 816 4036 modum
836 3971 1033 4060 respiciendi
1053 3974 1252 4037 cerevisiam.

392 4159 440 4218 47.
462 4171 508 4217 oa
532 4171 712 4220 statamus
732 4173 834 4220 oa'ms
857 4175 923 4220 ran
941 4173 1143 4220 neraan'reu
1165 4169 1367 4219 corbucion
1390 4167 1436 4216 nn
1458 4165 1553 4213 novo
1574 4155 1702 4216 tarna¹

291 4261 324 4316 30
848 4274 1014 4322 asumma
1034 4271 1247 4320 nn'roeums.

415 4401 495 4465 Item
523 4413 686 4486 statutum,
716 4405 803 4491 quod
831 4407 968 4492 pecunia
990 4405 1067 4468 data
1089 4405 1121 4467 in
1149 4404 1319 4489 propinant
1339 4399 1482 4465 familiae
1503 4421 1563 4485 per
1584 4399 1761 4464 intrantem

333 4500 505 4586 collegium
527 4501 567 4566 de
590 4526 673 4568 novo
695 4505 756 4570 boc
778 4505 873 4570 modo
902 4503 1125 4584 distribuatur,
1153 4501 1240 4588 quod
1269 4511 1462 4587 procurator
1490 4499 1612 4564 babeat
1642 4499 1762 4564 medie·

332 4611 431 4666 tatem
457 4601 567 4684 totius,
595 4607 751 4668 tertianus
773 4626 851 4669 vero
880 4603 999 4668 babeat
1020 4607 1039 4668 2
1061 4623 1204 4687 grossos,
1232 4601 1397 4666 residuum
1425 4607 1532 4664 autern
1560 4597 1657 4663 detur
1683 4621 1762 4664 coco

330 4711 385 4765 aut
407 4722 512 4766 cocae.

409 5016 626 5075 tGeschrieban
649 5016 723 5071 steht
746 5019 800 5087 uel,
822 5020 877 5074 und
902 5018 946 5073 die
971 5033 1059 5088 ganza
1082 5015 1274 5073 Uebcrschrift
1299 5016 1335 5068 ist
1360 5015 1402 5070 als
1428 5033 1490 5070 aum
1515 5017 1761 5090 voraufgehendcn

330 5101 412 5158 Setae
430 5102 548 5174 gsbdrig
564 5101 722 5158 behnndelt.
