3762 6074
512 507 607 564 Ftnfte
625 504 889 573 sacramencum,
907 523 969 563 rom
987 505 1071 563 Jahre
1092 504 1162 564 1507.
1504 507 1560 578 511

134 692 369 778 proprietatem
390 701 422 757 et
442 693 654 778 usufructum,
683 696 718 759 in
741 693 877 780 singulis
898 695 1000 758 eciam
1023 691 1176 780 agendis,
1215 692 1429 778 disponendis
1455 692 1562 757 fruen-

134 791 251 879 disque
270 801 464 878 potestatem
485 793 616 875 habeat,
635 796 670 858 in
693 793 809 881 quibus
830 816 896 857 non
917 803 984 858 tam
1005 791 1351 857 baccalauriandornm
1374 813 1472 878 quam
1495 813 1561 856 ma-

133 891 377 975 gistrandorum
399 891 518 958 debent
539 892 698 958 celebrari
721 893 882 974 examina,
904 895 951 957 ita
972 901 1081 956 tamen
1100 902 1135 955 nt
1154 891 1217 956 duo
1234 892 1341 977 grossi
1364 913 1424 978 pro
1445 891 1517 956 loco
1541 913 1561 954 a

134 990 251 1075 quovis
273 990 494 1075 promovendo
517 995 680 1079 praestari
704 991 789 1056 soliti
819 993 898 1056 fisco
927 992 1033 1056 dictae
1060 989 1225 1056 facultatis
1253 993 1318 1054 sint
1338 991 1562 1077 appropriati3

134 1090 167 1152 in
190 1090 238 1152 eis
261 1091 364 1153 eciam
384 1101 508 1156 ceteros
528 1115 603 1157 suos
630 1115 690 1179 pro
718 1091 822 1156 libera
848 1091 1013 1156 voluntate
1041 1089 1160 1156 habeat
1188 1101 1290 1155 actus.
1334 1088 1425 1169 Quas
1454 1090 1556 1154 eciam
1587 1102 1603 1154 5

134 1187 249 1253 dornoe
272 1210 357 1252 nunc
380 1199 412 1252 et
431 1191 466 1253 in
483 1191 635 1274 futurum,
658 1213 847 1279 quacunque
861 1189 971 1256 oblata
985 1189 1198 1272 condictione,
1216 1191 1294 1269 (nuo
1307 1189 1561 1269 contradicente)

134 1285 222 1350 nullo
246 1297 344 1374 pacto
364 1289 610 1355 commutandas
633 1291 712 1373 fore,
735 1291 795 1356 sub
818 1291 953 1376 periurii
983 1311 1087 1376 poena
1108 1291 1235 1371 statuit,
1265 1311 1330 1352 non
1361 1287 1564 1354 obstantibus

134 1386 382 1473 quibuscunque
403 1388 498 1452 factis
520 1389 571 1454 vel
594 1391 627 1453 in
648 1391 790 1454 futurum
811 1387 926 1453 fiendis
949 1390 1121 1454 contrariis
1140 1387 1450 1470 machinacionibus,
1488 1410 1561 1474 pre·

136 1483 230 1550 cibus
251 1485 306 1550 vel
327 1485 500 1569 mandatis,
522 1487 693 1572 conclusis,
715 1488 865 1572 decretis,
888 1486 1187 1571 reformacionibus,
1210 1487 1340 1574 scriptis
1354 1487 1404 1552 vel
1419 1490 1559 1552 statutis.

648 1610 737 1673 1520.
764 1605 832 1672 Soli
857 1605 919 1670 deo
943 1604 1055 1671 honor.
1575 1617 1607 1671 10

217 1974 289 2048 Ans
304 1977 352 2037 Bt.
374 1977 431 2034 ΙΙ·
452 1979 551 2036 steten
573 1977 621 2035 dic
641 1976 708 2035 ἄνοι’
720 1979 886 2054 solyenden
910 1978 993 2048 Eide,
1021 1977 1068 2035 die
1089 1977 1165 2034 wotl
1186 1978 1276 2035 selca
1297 1977 1335 2036 im
1356 1978 1453 2036 Jatre
1476 1979 1554 2042 1499

141 2073 381 2149 eiapesctrieten
402 2079 526 2136 worden
548 2069 621 2160 (cpi.
642 2077 714 2134 oben
735 2077 765 2136 S.
780 2079 850 2156 446,
868 2079 926 2152 19).

351 2243 378 2302 l.
404 2256 635 2304 IURAMENTUM
663 2255 968 2303 EXAMINANDORUM
989 2254 1058 2303 PRO
1081 2253 1357 2304 BACOALARIATU.

457 2375 547 2438 letig
565 2375 811 2424 iibereinstirnmeud
831 2376 877 2424 mit
895 2373 953 2433 XV,
974 2375 1004 2424 14
1032 2372 1074 2437 (S.
1091 2373 1150 2437 484,
1169 2371 1223 2437 24).

389 2526 418 2588 2.
440 2539 671 2588 mnnnan'run
693 2537 983 2588 'rsnrrsunosun
1003 2537 1071 2586 suo
1094 2536 1317 2586 naursnnmo.

489 2658 580 2722 vetlig
597 2659 844 2710 tibersinstimmend
867 2658 913 2708 mit
931 2657 1003 2719 xtv,
1022 2657 1054 2706 18
1073 2655 1111 2720 (S.
1124 2656 1183 2722 478,
1200 2657 1237 2722 3).

182 2807 211 2868 3.
242 2819 475 2869 warnestun
503 2823 769 2872 TEMPTATORUM
790 2824 836 2870 ΕΤ
859 2821 1167 2870 ΕΧΑΜΙΝΑΝΒΟΒΗΜ
1188 2823 1258 2871 PRO
1280 2812 1527 2874 MAGISTERIO.¹

220 2935 294 3022 Ego
317 2937 365 3000 .N.
382 2937 469 3019 iuro,
491 2938 578 3024 qnod
599 2961 659 3003 nec
682 2940 808 3004 actione
830 2961 890 3003 nec
912 2937 1054 3021 ulcione,
1076 2960 1136 3002 nec
1157 2960 1218 3024 per
1233 2961 1284 3003 me
1304 2963 1366 3006 nec
1380 2963 1440 3027 per
1455 2941 1564 3026 aliurn,

136 3036 262 3102 directe
282 3035 333 3100 vel
355 3036 524 3119 indirecte,
547 3037 647 3103 verbo
669 3037 721 3102 vel
740 3039 826 3102 facto
856 3036 908 3102 vel
936 3039 1050 3122 quovis
1080 3037 1145 3101 alio
1174 3036 1271 3103 modo
1299 3038 1397 3104 velim
1419 3063 1471 3106 me
1492 3045 1560 3106 vin-

137 3136 260 3218 dicare,
303 3137 329 3199 si
351 3134 394 3199 ad
415 3158 551 3200 examen
577 3159 643 3202 non
672 3137 828 3201 admittar
855 3135 907 3200 vel
938 3137 1041 3200 eciam
1076 3145 1152 3222 post
1178 3158 1315 3200 examen
1342 3140 1470 3222 reiciar,
1500 3142 1604 3208 sabao

139 3256 248 3320 poena
269 3235 424 3321 periurii,
460 3235 547 3322 quod
570 3237 805 3301 contrafaciens
826 3237 899 3321 ipsc
920 3236 1006 3300 facto
1043 3237 1190 3318 incurro,
1227 3245 1261 3300 et
1281 3247 1407 3302 centum
1429 3239 1564 3305 floreno·

136 3357 225 3417 rum,
269 3355 403 3420 quorum
430 3334 586 3400 medietas
613 3335 708 3400 cedat
735 3334 799 3418 illi,
842 3357 938 3421 quern
966 3336 1014 3399 sic
1033 3334 1179 3415 offendo,
1220 3334 1286 3401 alia
1308 3357 1386 3402 vero
1407 3337 1565 3404 medietas

137 3434 234 3500 cedat
253 3434 412 3500 facultati.
463 3433 519 3499 Sic
540 3458 592 3501 me
613 3435 692 3500 deus
715 3434 848 3499 adiuvet
870 3444 901 3498 et
924 3445 1037 3499 sancta
1056 3433 1109 3498 dei
1129 3434 1315 3522 ewangelia

224 3806 283 3863 Die
304 3807 541 3864 ncctsteltendea
563 3807 743 3864 Formalare
766 3807 867 3865 stelen
888 3813 950 3882 aas
964 3809 1012 3865 Bl.
1033 3809 1080 3866 1⁸.
1125 3807 1183 3866 Dic
1204 3815 1302 3866 ersten
1325 3811 1343 3871 5
1366 3810 1603 3886 cataprecbentb

136 3907 194 3963 dan
217 3905 247 3962 in
269 3907 332 3962 dem
355 3914 454 3962 ersten
474 3905 710 3964 Statatenbande
730 3923 821 3964 norme
844 3907 1071 3982 eiaqctrapenea
1093 3901 1130 3990 (a.
1140 3907 1211 3964 oben
1225 3907 1255 3965 S.
1267 3909 1328 3970 430
1340 3904 1416 3993 sp),
1440 3911 1492 3969 mit
1514 3913 1563 3969 dc-

136 4025 196 4062 nca
218 4003 261 4061 sie
275 4005 385 4079 jedocfa
406 4005 486 4064 nictu
510 4005 611 4064 irretirer
633 4006 767 4064 wiirtlicfs
786 4005 928 4079 stirmnen,
950 4007 997 4066 elie
1015 4009 1139 4084 iibriqca
1161 4006 1235 4080 drei,
1257 4009 1354 4080 6-8,
1375 4010 1482 4088 finden
1504 4011 1567 4069 sict

136 4124 198 4162 aar
219 4103 292 4163 bier.

352 4272 377 4331 l·
405 4281 525 4330 FORMA
546 4282 614 4330 PRO
638 4282 813 4330 anemone
838 4283 1073 4330 STATU'PORUM
1093 4283 1161 4330 PER
1181 4284 1357 4336 DECANUM.

220 4395 357 4463 Mandat
384 4398 548 4463 facultatis
576 4400 701 4463 arcium
731 4398 871 4462 decanus
894 4397 1043 4464 omnibus
1066 4409 1097 4463 et
1117 4399 1254 4485 singulis
1275 4401 1309 4464 in
1332 4403 1457 4468 artibus
1489 4412 1607 4489 pro-³⁰

136 4499 262 4563 moveri
283 4497 475 4580 volentibus,
499 4507 657 4584 qnatenus
679 4521 752 4563 cras
773 4498 855 4563 hora
875 4515 924 4562 xu
947 4500 981 4562 in
1002 4497 1136 4563 lectorio
1159 4497 1398 4566 ordinariarum
1420 4502 1563 4589 disputa·

228 4769 239 4817 l
260 4762 396 4817 Daneben
415 4760 489 4816 steht
507 4779 561 4816 von
580 4761 703 4830 andater,
719 4761 791 4817 doch
809 4760 881 4815 noch
900 4759 1215 4832 gleichzeitigen-Hand:
1235 4761 1317 4825 Quod
1333 4765 1420 4819 eciam
1437 4765 1567 4820 iurabant

131 4854 201 4920 port
217 4863 327 4901 mames
343 4848 453 4916 dempta
470 4847 525 4900 ista
544 4845 669 4900 clamis
690 4847 749 4914 „ad
768 4863 879 4900 examen
894 4863 949 4899 noa
966 4845 1121 4899 admtuar‘.
1156 4846 1190 4898 In
1207 4845 1256 4899 der
1271 4847 1484 4904 Schwurformel
1503 4849 1565 4905 sind

135 4930 267 5003 angleicb
285 4929 330 4984 die
351 4931 449 4985 Worte
466 4931 507 4984 ad
522 4947 632 4984 aarum
653 4930 695 4984 bis
714 4931 758 4985 vel
776 4931 863 4984 eer‘am
878 4931 942 4984 incl.
964 4929 1028 4984 roth
1051 4929 1261 4988 untcrstricben.
1301 4931 1362 4988 Nur
1394 4948 1430 4986 an
1459 4930 1564 4988 diesem

137 5017 208 5072 Orte
226 5016 264 5069 iat
280 5015 354 5076 diese
373 5015 483 5070 Formel
500 5013 649 5069 besonders
667 5013 835 5084 hingcsetzt3
863 5014 901 5068 sie
921 5013 1032 5076 stimmt,
1048 5013 1099 5068 wie
1117 5029 1182 5069 man
1200 5013 1286 5084 steht,
1316 5015 1402 5086 vbllig
1419 5032 1454 5069 an
1473 5015 1521 5072 Νι.
1540 5023 1565 5088 2,

134 5117 199 5168 nur,
216 5098 281 5152 dass
300 5103 369 5152 statt
386 5107 546 5170 tesnptomen
562 5105 667 5169 geset-zt
684 5099 721 5152 ist
738 5116 856 5152 ararites.
894 5097 957 5152 Wie
975 5115 1025 5151 aus
1043 5095 1120 5165 XIV,
1142 5101 1171 5151 1⁸
1190 5097 1362 5168 hervorgeht,
1380 5107 1502 5153 mussteu
1520 5101 1565 5156 die

134 5183 348 5256 Magistranden
367 5184 395 5238 in
413 5183 462 5238 der
481 5182 556 5237 'l'bat
573 5182 687 5237 dreimal
704 5182 776 5236 nach
792 5183 882 5236 dieser
899 5181 1007 5237 Formsl
1027 5182 1062 5254 (2,
1080 5186 1116 5236 3ι
1134 5187 1188 5235 und
1208 5181 1254 5254 3¹³)
1271 5181 1420 5239 sehwiiren.
