3748 6070
561 377 656 428 Zweite
674 379 939 441 statutenredactlon,
958 337 1012 428 von
1032 379 1205 431 tiso-1465.
1539 387 1599 451 343

171 557 229 624 vel
251 557 359 645 aliquo
380 579 490 624 eorum
510 559 608 626 firerit
627 579 687 647 per
707 558 896 625 facultatem
917 561 1041 626 arcium
1064 561 1286 649 dispensatum
1311 564 1454 651 satisque
1478 565 1600 632 factum

172 681 239 747 pro
260 679 308 742 eo,
332 658 419 744 quod
439 661 562 746 petitur
583 661 676 726 iuxta
697 661 865 747 antiquam
886 669 999 725 texam
1020 661 1127 726 eidem
1146 660 1305 728 facultati.

865 961 932 1030 86.¹

316 1099 343 1159 l.
366 1111 414 1158 DE
433 1110 640 1160 HONESTATE
660 1111 911 1161 molsrsonon
931 1112 968 1160 nt
986 1111 1069 1160 VITA
1088 1113 1134 1160 ET
1159 1109 1453 1160 CONVERSACIONE.

759 1231 819 1294 Vgl.
841 1246 865 1281 a.
882 1230 920 1280 St.
938 1231 979 1296 27,
997 1229 1020 1282 3.
1624 1239 1641 1295 5

254 1343 347 1426 Item,
374 1344 403 1408 si
433 1343 475 1409 de
507 1343 616 1432 aliquo
648 1345 804 1430 magistro
832 1355 1032 1433 compertum
1059 1345 1170 1428 fuerit,
1198 1344 1286 1430 quod
1317 1346 1351 1410 in
1377 1345 1512 1412 comodo
1540 1369 1599 1413 suo

171 1441 338 1531 publicam
359 1445 562 1510 meretricem
583 1441 733 1510 habuerit
755 1443 807 1510 vel
825 1445 858 1509 in
879 1443 979 1510 bursa
999 1444 1050 1510 vel
1072 1444 1138 1510 alia
1158 1441 1244 1531 [osb]
1266 1443 1363 1510 domo
1386 1468 1443 1510 seu
1462 1444 1596 1510 domun-

173 1542 249 1608 cula
276 1565 333 1608 seu
361 1542 497 1609 comodo
524 1545 686 1609 meretrici
716 1543 866 1631 publicae
893 1546 945 1610 vel
973 1542 1197 1610 meretricibus
1223 1543 1361 1630 publicis
1389 1556 1598 1611 conversatus

171 1643 279 1724 fuerit,
306 1643 358 1708 vel
385 1645 419 1707 in
446 1641 676 1709 collacionibus
698 1654 755 1710 aut
775 1643 932 1729 prandiis,
961 1643 1017 1710 ubi
1044 1643 1141 1708 talem
1168 1641 1221 1707 vel
1248 1641 1329 1708 tales
1356 1666 1427 1709 esse
1457 1647 1599 1726 sciverit,

171 1742 279 1825 fuerit,
301 1742 353 1808 vcl
373 1745 407 1807 in
428 1741 633 1808 habitacione
654 1765 714 1808 sua
734 1741 947 1808 concubinam
968 1743 1098 1830 publice
1118 1744 1266 1824 tenuerit,
1286 1743 1338 1808 vel
1360 1741 1467 1809 locum
1487 1754 1641 1832 suspe10

172 1850 270 1924 ctum,
293 1841 444 1907 videlicet
469 1840 693 1929 prostibulum,
720 1841 901 1906 visitaverit
928 1852 984 1906 aut
1012 1843 1040 1907 si
1066 1842 1108 1907 de
1134 1841 1195 1907 hoo
1222 1851 1391 1928 suspectus
1419 1867 1454 1908 se
1481 1866 1600 1930 expur-

171 1961 253 2026 gare
273 1942 464 2029 nequiverit,
492 1940 545 2007 vel
574 1941 615 2006 de
641 1940 702 2006 hoc
724 1943 890 2006 convictus
910 1942 1016 2025 fuerit,
1043 1941 1118 2006 talis
1139 1942 1182 2006 sit
1202 1940 1333 2007 inabilia
1355 1942 1398 2007 ad
1419 1953 1509 2008 actus
1530 1965 1599 2009 sco-

171 2039 304 2107 lasticos
336 2040 552 2106 exercendum
585 2050 616 2105 ct
645 2039 688 2105 ad
721 2039 861 2125 aliquem
893 2039 946 2107 vel
977 2039 1104 2128 aliquos
1136 2041 1393 2127 promovendum
1425 2041 1467 2107 ad
1501 2063 1600 2107 unum

172 2161 308 2224 aunum3
339 2163 401 2205 nec
424 2140 467 2206 ad
487 2139 656 2206 consilium
676 2139 850 2222 facultatis,
879 2142 908 2205 si
936 2139 977 2206 de
1004 2141 1089 2206 sacto
1118 2143 1151 2205 in
1180 2163 1218 2207 eo
1244 2163 1308 2207 non
1338 2141 1443 2222 fuerit,
1473 2143 1537 2206 nisi
1565 2164 1599 2207 se

172 2241 352 2304 correxerit
373 2248 406 2306 et
424 2239 570 2306 facultati
593 2261 691 2327 super
712 2238 774 2304 hoc
796 2238 1006 2304 sufficientem
1028 2240 1196 2306 emendam
1217 2241 1340 2323 fecerit,
1362 2250 1555 2306 assumatur.
1610 2251 1640 2306 15

525 2411 555 2470 2.
577 2425 624 2472 nn
644 2423 806 2474 sounsro
827 2425 958 2474 ussus
979 2423 1240 2474 usmernonuu.

756 2541 817 2605 νει,
838 2557 863 2593 a.
882 2541 919 2593 sc
939 2541 979 2606 nv,
998 2543 1021 2593 t.

254 2657 337 2724 Item
366 2655 473 2721 nullus
503 2657 733 2742 magistrorum
765 2663 874 2743 portet
906 2655 1040 2744 pallium
1073 2680 1114 2722 ex
1146 2666 1282 2744 utroque
1316 2657 1417 2723 latere
1449 2657 1500 2724 vel
1535 2681 1597 2723 uno

172 2768 322 2846 apertum
346 2780 418 2822 curn
438 2755 549 2843 iopula
570 2755 620 2820 vel
642 2754 804 2838 tunicella,
834 2779 916 2844 quae
942 2780 1008 2822 non
1034 2758 1238 2845 protenditur
1264 2757 1349 2822 ultra
1375 2781 1492 2844 genua.
1534 2757 1600 2838 Qui

171 2859 201 2922 si
223 2859 423 2924 contrarium
441 2857 564 2938 fecerit,
589 2878 648 2943 per
669 2865 734 2920 tres
755 2878 882 2922 menses
907 2854 950 2921 ab
971 2857 1098 2924 actibus
1125 2856 1303 2923 scolasticis
1331 2867 1362 2923 et
1386 2857 1641 2945 promocioni·20

171 2957 235 3023 bus
257 2955 413 3022 faciendis
435 2957 478 3019 sit
499 2977 685 3042 suspensus.

219 3129 249 3190 3·
278 3140 325 3187 DE
346 3138 508 3188 HONESTO
530 3138 659 3188 HABITU
680 3137 971 3186 BAGGALARIOBUM
991 3137 1036 3186 ΕΤ
1060 3137 1261 3188 SlttPLIOIUM
1282 3141 1555 3192 SUPPOSITORUM.

757 3255 817 3318 vgl.
839 3269 864 3304 a.
885 3254 922 3306 st
940 3255 982 3313 2¹1,
1000 3257 1025 3308 4.

253 3375 336 3440 Item
356 3371 463 3438 nullus
485 3369 688 3436 baccalarius
711 3377 767 3434 aut
788 3368 927 3456 simplex
949 3369 1081 3435 studens
1110 3373 1144 3435 in
1172 3371 1298 3437 artibus
1329 3383 1435 3459 portet
1464 3373 1598 3460 pallium

173 3497 215 3540 ex
236 3483 371 3562 utroque
392 3471 492 3538 latere
513 3469 565 3535 vel
587 3493 651 3536 uno
673 3479 821 3558 apertum
843 3491 916 3533 cum
937 3469 1048 3556 iopula
1068 3469 1120 3535 vel
1141 3471 1302 3554 tunicella,
1334 3493 1416 3559 quae
1437 3497 1501 3538 non
1523 3483 1638 3562 pro-25

174 3572 315 3640 tenditur
341 3569 427 3637 ultra
458 3593 572 3658 genua
614 3569 679 3651 Qui
710 3571 737 3634 si
767 3568 964 3635 contrarium
996 3569 1118 3653 fecerit,
1151 3571 1185 3634 in
1217 3570 1352 3637 dimidio
1383 3570 1505 3638 floreno
1538 3597 1598 3662 per

173 3673 330 3740 decanum
350 3668 514 3737 facultatis
536 3671 660 3734 arcium
681 3672 842 3758 puniatur.
872 3667 937 3750 Qui
959 3669 987 3734 si
1008 3691 1043 3733 se
1056 3673 1253 3758 opposuerit,
1276 3671 1319 3737 ad
1331 3670 1500 3738 ulteriores
1522 3697 1596 3762 pro·

174 3774 336 3838 mociones
357 3772 392 3836 in
413 3771 536 3837 artibus
556 3793 620 3836 non
645 3769 843 3836 admittatur.

673 4073 722 4138 87.
757 4089 838 4137 Vom
864 4086 970 4138 Jahre
997 4087 1103 4140 1449ss

305 4221 365 4282 QUI
386 4221 541 4270 POSSUNT
563 4221 645 4271 ESSE
667 4219 901 4271 PBOMOTORES
922 4219 1237 4270 PROMOVENDORUM
1258 4223 1294 4270 IN
1315 4221 1472 4272 ARTIBUS·
1604 4215 1639 4272 30

252 4339 334 4404 Item
352 4337 458 4424 quivis
480 4336 781 4424 promovendorum,
802 4335 1036 4401 nonobstante
1057 4359 1247 4422 quacunque
1269 4339 1502 4421 commissione,
1525 4341 1593 4404 sive

175 4438 318 4525 generali
338 4438 407 4502 sive
427 4437 570 4524 speciali,
593 4436 689 4502 debet
710 4435 829 4522 eligere
848 4436 1038 4522 magistrum
1054 4445 1129 4501 actu
1147 4445 1312 4522 regentem
1327 4437 1368 4503 dc
1383 4461 1442 4502 sua
1459 4439 1594 4504 nacione

261 4639 271 4690 1
292 4633 356 4690 Von
373 4635 488 4689 anderes
505 4635 595 4690 Hand.
630 4635 669 4690 Es
687 4636 723 4690 ist
748 4633 909 4703 auffallend,
932 4633 997 4688 dass
1014 4633 1058 4688 die
1076 4633 1223 4706 folgenden
1242 4641 1257 4691 3
1275 4635 1437 4692 Beschliisse
1454 4641 1511 4690 erat
1523 4637 1596 4705 jetzt

176 4719 354 4792 eingctragen
372 4719 441 4780 sind.
458 4719 495 4774 da
513 4720 553 4774 eie
570 4719 642 4774 doch
659 4719 747 4775 echon
763 4736 824 4774 vor
843 4719 893 4774 der
908 4733 997 4772 neuen
1014 4715 1286 4777 Statutenredaction
1303 4719 1477 4776 beschlossen
1495 4736 1594 4775 waren.

175 4803 236 4877 vgl.
257 4803 313 4860 alte
330 4803 458 4859 Statuten
476 4809 517 4874 27,
533 4807 547 4857 3
566 4821 592 4858 u.
611 4807 636 4872 l,
655 4803 725 4858 oben
743 4801 772 4859 S.
792 4807 841 4860 319
858 4801 897 4874 fg.

260 4895 276 4945 2
293 4889 357 4944 Von
374 4889 491 4944 anderer
509 4887 603 4956 Hand,
620 4885 847 4943 vahrschcinlich
864 4887 914 4942 der
930 4885 979 4942 des
994 4884 1102 4940 lohann
1122 4885 1302 4956 Swertmann,
1322 4886 1371 4941 der
1394 4889 1480 4942 ittae
1496 4887 1594 4942 Decan

177 4989 238 5028 war.
275 4973 334 5027 Der
350 4972 410 5028 hier
428 4971 609 5028 anbefohlene
627 4971 726 5026 Modus
748 4973 823 5044 zeigt
843 4970 902 5028 sich
927 4971 978 5026 seit
996 4973 1081 5026 istob
1104 4970 1131 5024 in
1153 4973 1202 5028 der
1218 4969 1349 5028 Matrikel
1368 4969 1493 5026 vrirklich
1512 4971 1594 5030 beob-

177 5057 277 5113 achtet
312 5057 408 5116 Dabar
425 5055 497 5113 habe
512 5056 558 5112 ich
576 5056 630 5111 den
648 5055 796 5112 Beschluss
813 5057 844 5112 in
860 5055 918 5111 dies
934 5053 1004 5110 Jahr
1021 5061 1134 5127 gesetzt
