3768 6072
603 465 654 514 Dis
671 461 790 514 Smtntsn
809 477 863 512 von
885 461 1065 514 rtet-1537.
1489 461 1552 526 239

130 649 273 737 perforet
299 647 353 712 vel
381 646 543 728 destruat,
575 667 679 734 neque
706 647 816 732 ignem
843 643 896 709 vel
929 643 1034 709 focum
1066 644 1100 708 in
1128 643 1264 710 comodo
1293 665 1357 710 non
1384 638 1556 708 surbellato

136 749 235 814 faciat
257 747 309 813 vel
332 749 448 834 erigat,
469 744 529 810 sub
551 767 656 832 poena
679 743 805 810 dimidii
826 743 940 809 floreni
960 753 1016 806 aut
1034 743 1161 826 maiori,
1184 742 1288 809 eidem
1307 764 1366 829 per
1388 740 1559 826 collegium

132 846 307 913 dictanda¹

209 954 238 1014 5.
269 946 351 1010 Item
372 943 479 1009 nullus
501 953 646 1030 tempore
668 944 828 1008 serotinae
858 941 1090 1028 disputationis
1112 950 1337 1028 opponentem,
1358 942 1556 1029 responden-

129 1055 201 1129 tem,
233 1053 424 1131 arguentem
454 1052 510 1108 aut
542 1063 763 1130 quemcunque
795 1041 895 1106 alium
926 1051 1064 1127 protunc
1094 1050 1298 1127 praesentem
1328 1051 1360 1106 et
1384 1043 1552 1128 potissime
1577 1055 1594 1108 5

131 1154 355 1211 conventorum
377 1141 576 1231 strepitibus,
610 1141 856 1228 pulsationibus,
890 1137 1086 1206 clamoribus
1117 1151 1174 1205 cut
1204 1139 1447 1228 quibuscunque
1478 1141 1552 1206 aliis

131 1244 282 1309 molestiis
304 1243 357 1308 001
378 1240 606 1307 vexationibus
626 1241 783 1328 impediat
802 1263 860 1305 seu
879 1237 1057 1326 perturbet,
1085 1239 1144 1304 sub
1166 1261 1271 1326 poena
1295 1243 1436 1328 quinque
1461 1263 1552 1328 gros·

132 1365 235 1407 sorum
257 1340 525 1408 irremissibiliter
548 1341 844 1428 persolvendorum.

209 1447 239 1507 6.
259 1441 344 1506 Item
366 1439 502 1528 quilibet
521 1461 646 1504 moram
667 1439 790 1522 habens
811 1440 845 1503 in
867 1439 928 1503 hoc
949 1437 1085 1522 collegio
1107 1447 1163 1502 aut
1186 1447 1279 1504 extra
1299 1439 1411 1506 volens
1429 1443 1552 1506 intrare

135 1542 305 1608 serotinam
330 1538 580 1627 disputationem
603 1538 699 1604 debet
720 1561 791 1604 esse
811 1537 983 1623 obligatus,
1011 1549 1047 1602 ut
1077 1541 1264 1604 conventori
1289 1539 1342 1605 vel
1372 1540 1549 1607 collectori·
1562 1550 1593 1607 10

132 1640 188 1705 bus
209 1639 252 1704 ad
273 1639 336 1706 hoo
357 1638 519 1726 deputatis
547 1661 663 1704 nomeu
696 1661 788 1704 suum
816 1640 850 1702 in
878 1638 1008 1724 scriptis
1035 1636 1159 1720 tradat,
1189 1638 1249 1704 sub
1276 1661 1381 1727 poena
1410 1641 1551 1728 quinque

131 1761 327 1826 grossorum.

211 1845 240 1904 7.
269 1837 354 1902 Item
382 1835 487 1901 nullus
517 1846 591 1901 ante
620 1836 671 1902 vel
703 1846 777 1924 post
805 1835 1057 1923 disputationem
1080 1831 1165 1922 [lib]
1189 1837 1362 1902 serotinam
1394 1840 1428 1903 in
1457 1838 1552 1904 stuba

133 1937 367 2004 communitatis
390 1934 548 2002 clamores
571 1934 742 2002 horribiles
765 1945 821 2000 aut
843 1934 955 2022 pulsus
977 1933 1123 2000 insolitos
1145 1936 1246 2002 faciat
1266 1935 1318 2002 vel
1343 1936 1484 2024 aliquem
1509 1938 1551 2004 ad

132 2037 232 2102 soleas
254 2037 368 2119 ducat,
395 2058 456 2101 nec
477 2034 559 2100 inibi
582 2057 789 2122 quoscunque
815 2033 909 2100 ludos
934 2057 998 2100 non
1021 2033 1231 2100 scholasticos
1252 2047 1418 2120 exerceat,
1446 2049 1593 2126 neque15

130 2158 217 2201 arma
238 2157 296 2200 seu
317 2135 436 2200 lutinas
449 2135 502 2200 vel
524 2157 732 2222 quaeeunque
745 2133 810 2199 alia
828 2133 996 2198 musicalia
1016 2135 1229 2200 instrumenta
1249 2144 1305 2200 aut
1327 2137 1424 2201 etiam
1443 2138 1552 2204 nivem

130 2235 258 2300 hiemali
280 2245 436 2321 tempore,
457 2232 540 2300 elios
559 2255 631 2298 cum
650 2233 877 2304 iamdictamm
897 2255 1005 2298 rerum
1026 2231 1131 2297 abusu
1151 2235 1185 2298 in
1206 2235 1312 2301 studio
1334 2235 1551 2323 impediendo,

129 2333 169 2399 ad
197 2333 334 2400 eandem
366 2332 495 2399 stubam
526 2335 678 2420 importet
700 2332 752 2398 vel
778 2354 986 2421 quoscunque
1017 2331 1097 2398 alios
1127 2354 1279 2398 excessus
1309 2334 1430 2400 ibidem
1458 2358 1549 2401 exer·

129 2456 199 2499 cere
233 2441 436 2521 praesumat,
473 2431 534 2498 sub
566 2455 673 2520 poena
705 2431 815 2498 decem
852 2453 1039 2518 grossorum
1072 2432 1337 2498 irremissibiliter
1366 2435 1550 2520 persolven-

129 2533 251 2600 dorum.
1558 2545 1592 2602 20

207 2635 236 2698 8.
266 2632 349 2696 Item
371 2631 477 2697 nullus
499 2633 755 2718 conspirationes
777 2641 834 2696 aut
855 2630 1080 2697 conventicula
1100 2631 1208 2714 fatiat,
1231 2656 1272 2698 ex
1294 2634 1411 2720 quibus
1433 2638 1466 2700 in
1487 2636 1550 2702 col-

127 2729 209 2816 legio
225 2729 419 2814 discordiae,
435 2731 662 2813 dissensiones,
682 2732 884 2813 offensiones,
905 2730 1043 2797 insultus
1066 2741 1122 2794 aut
1140 2753 1359 2818 quaecumque
1381 2733 1446 2800 alia
1466 2739 1550 2823 peri-

128 2830 197 2895 cula
218 2831 351 2896 evenire
371 2832 512 2918 possint,
534 2830 593 2895 sub
615 2853 721 2918 poena
742 2831 841 2896 medii
862 2830 992 2914 floreni3
1020 2853 1080 2895 nec
1101 2829 1199 2896 alium
1220 2830 1432 2918 corporaliter
1453 2837 1549 2902 offen·

128 2929 190 3013 dat,
213 2927 274 2994 sub
299 2951 404 3016 poena
424 2931 549 3014 maiori,
572 2930 634 2996 sibi
656 2954 715 3018 per
737 2929 905 3015 collegium
927 2929 1089 2998 dictanda.

207 3054 236 3115 9.
269 3047 352 3112 Item
379 3046 485 3112 nullus
515 3045 554 3111 de
586 3047 639 3112 die
670 3055 726 3112 ant
755 3056 847 3111 noete
876 3047 1027 3132 proiioiat
1059 3048 1216 3112 stramina
1245 3047 1296 3113 vel
1325 3049 1477 3135 pulveres
1508 3051 1592 3120 deas

127 3147 276 3212 fenestris
300 3148 378 3229 suis,
407 3145 464 3212 sed
487 3168 525 3210 ea
545 3146 597 3212 vel
619 3169 673 3211 eos
696 3145 844 3232 deportet
871 3153 927 3208 aut
953 3143 1119 3232 deportari
1144 3146 1238 3211 fatiat
1266 3147 1309 3212 ad
1329 3148 1434 3215 locum
1463 3155 1550 3218 circa

128 3249 340 3336 posteriorem
362 3247 541 3334 coquinam,
566 3269 626 3332 pro
649 3243 832 3310 huiusmodi
851 3242 948 3307 rebus
970 3241 1252 3332 repo[16⁸]nendis
1267 3245 1466 3335 deputatum,
1489 3253 1548 3318 sub

128 3369 232 3434 poena
254 3346 366 3412 decem
388 3360 429 3430 pt.
453 3344 720 3412 irremissibiliter
740 3342 1037 3432 persolvendorum.

210 3471 258 3531 10.
283 3462 363 3528 Item
385 3461 521 3550 quilibet
541 3461 735 3543 studentum,
759 3459 799 3526 de
820 3482 905 3526 novo
928 3481 1082 3546 praesens
1106 3457 1276 3544 collegium
1299 3463 1405 3529 animo
1427 3464 1548 3533 ibidem

128 3563 233 3628 standi
255 3574 288 3628 et
306 3563 379 3626 iura
399 3561 577 3626 borealium
597 3559 732 3626 satiandi
754 3559 949 3642 subintrans,
970 3567 1115 3646 tempore
1137 3561 1186 3624 sui
1207 3561 1356 3627 introitus
1378 3585 1438 3650 pro
1458 3577 1591 3635 utcu-30

129 3661 241 3730 silibus
263 3664 420 3753 coquinae
442 3660 619 3726 bursalium
641 3669 672 3724 et
693 3659 862 3724 structuris
884 3658 1027 3724 eiusdem
1046 3661 1233 3724 conventori
1254 3684 1354 3726 unum
1372 3678 1410 3749 pp.
1429 3687 1548 3733 novum

129 3761 314 3848 persolvere
341 3759 445 3826 debet.
487 3759 590 3842 Quem
619 3759 706 3824 idem
733 3768 907 3824 conventor
935 3759 1122 3846 praeposito
1150 3757 1277 3846 collegii
1310 3783 1371 3848 pro
1405 3774 1549 3852 tempore

129 3861 280 3926 existenti
302 3858 535 3924 reservandum
558 3871 589 3924 et
610 3861 644 3924 in
660 3858 766 3926 dictos
781 3881 857 3922 usus
878 3856 1126 3944 expendendum
1147 3869 1356 3945 praesentare
1377 3863 1547 3950 tenebitur,

128 3970 222 4046 prout
242 3961 278 4024 in
299 3958 440 4044 quodam
461 3959 612 4024 concluso
632 3957 760 4044 collegii
781 3957 878 4022 latius
902 3959 1081 4022 continetur
1101 3967 1133 4022 ct
1155 3969 1204 4023 est
1225 3981 1424 4046 expressum.

211 4083 257 4144 11.
287 4073 384 4140 Ultra
411 4076 519 4142 omnia
545 4077 750 4162 praescripta
777 4073 948 4160 collegium
973 4071 1072 4140 babet
1099 4073 1273 4142 arbitrario
1299 4079 1415 4164 punire
1435 4093 1588 4151 omnestt
1665 4121 1672 4138 ·

127 4185 159 4242 et
180 4173 327 4262 singulos
350 4197 503 4242 excessus
525 4176 560 4240 in
581 4173 715 4262 collegio
736 4181 951 4262 perpetratos,
981 4171 1161 4260 dequibus
1188 4176 1223 4240 in
1247 4180 1461 4266 praescriptis
1483 4192 1547 4248 010·

127 4277 202 4342 tutis
224 4297 290 4342 non
313 4284 363 4340 est
382 4284 522 4358 cautum,
544 4273 718 4341 secundum
739 4274 949 4362 quantitatem
971 4282 1003 4337 et
1023 4271 1212 4360 qualitatem
1231 4275 1387 4362 ipsorum.

210 4397 257 4460 12.
280 4391 419 4478 Insuper
434 4390 545 4456 salvae
556 4413 725 4457 remanere
740 4391 858 4458 debent
876 4409 988 4454 omnes
1009 4391 1161 4476 antiquae
1182 4394 1429 4462 consuetudines
1451 4408 1548 4485 atque

127 4490 305 4557 bursalium
325 4491 407 4576 iure,
439 4491 474 4555 in
503 4491 576 4557 aliis
605 4490 712 4556 bursis
740 4500 773 4556 et
801 4487 946 4574 collegiis
975 4488 1018 4554 ab
1044 4490 1177 4576 antiquo
1208 4514 1336 4580 semper
1363 4495 1546 4582 observata,

126 4593 292 4678 signanter
314 4587 654 4679 qu0[16b]sdpoenas
677 4588 858 4671 solvendas,
885 4585 1037 4654 videlicet
1062 4587 1149 4675 quod
1169 4613 1234 4656 non
1255 4615 1421 4680 opponens
1442 4597 1590 4666 solvatto

125 4689 206 4757 duos
233 4713 376 4778 grossos,
404 4713 470 4756 non
497 4689 698 4777 respondens
719 4711 818 4754 unum
843 4710 1001 4776 grossum,
1029 4709 1094 4754 non
1124 4711 1264 4776 arguens
1286 4701 1352 4758 tres
1373 4694 1456 4779 den,
1482 4720 1546 4764 non

126 4789 300 4856 latiniacus
322 4813 420 4857 unum
441 4787 580 4874 obelum,
607 4800 639 4855 et
659 4789 791 4856 bursam
816 4811 883 4854 non
908 4809 1031 4876 ponens
1057 4789 1185 4855 sivein
1210 4791 1272 4858 boc
1295 4793 1431 4880 collegio
1458 4819 1545 4863 men·

126 5063 221 5214 mles!
241 5057 299 5112 Am
317 5056 427 5112 Bende:
456 5056 532 5110 Idem
552 5057 587 5111 de
606 5055 819 5126 epponecurte
840 5055 941 5125 ianitor
961 5057 1092 5111 corbem
1114 5055 1146 5109 or
1168 5056 1292 5111 0100οὣ00
1310 5075 1367 5128 pro
1384 5063 1546 5131 superous

200 5140 301 5210 1010100,
320 5145 392 5198 1511.
