3788 6078
343 442 404 504 552
850 439 901 488 Die
922 436 1106 503 theologiaebe
1127 437 1254 488 Bacatttt.

343 621 452 688 missis
472 621 609 707 incipiat
630 619 779 708 primum.
823 619 859 688 Si
880 621 950 686 vult
970 621 1070 702 alius,
1093 617 1253 685 secundus
1275 617 1429 706 incipiat,
1457 640 1531 684 cum
1559 618 1664 704 priori
1692 641 1755 682 sen·

342 721 514 802 tanciario,
537 729 572 784 ut
591 721 696 807 prius,
726 719 962 804 concurrendo,
998 718 1081 786 alter
1100 741 1178 786 vero
1200 716 1362 784 admissus
1384 727 1536 804 expectet
1558 717 1602 782 ad
1622 717 1756 784 futurum

341 843 470 887 annum.

386 996 433 1056 10.
460 1004 507 1051 na
534 1001 697 1050 rannone
727 1001 891 1052 sacreum
912 1003 1114 1052 Parammon
1136 1000 1404 1052 mansuescas
1426 1000 1494 1048 van
1516 1001 1554 1048 1u
1575 999 1721 1050 censura

299 1132 315 1186 5
425 1116 596 1182 Admissus
616 1115 658 1182 ad
680 1139 809 1182 cursum
831 1118 882 1183 vel
905 1119 949 1184 ad
972 1120 1152 1184 sentencias
1175 1127 1301 1184 tenetur
1322 1117 1430 1182 facere
1452 1117 1653 1204 principium
1674 1139 1756 1182 suum
1861 1187 1862 1192 γ

341 1221 424 1284 inter
444 1219 527 1281 festa
548 1217 652 1280 sancti
674 1215 843 1303 Lamperti
867 1227 900 1282 et
921 1219 1024 1284 sancti
1047 1217 1135 1283 Galli
1164 1228 1237 1306 post
1264 1217 1495 1282 admissionem
1518 1217 1670 1304 proxime
1689 1239 1757 1282 ven·

342 1335 425 1398 tura,
448 1313 498 1380 vel
520 1315 561 1378 ad
582 1316 688 1380 minus
710 1313 807 1380 debet
826 1339 846 1382 a
866 1318 899 1382 fa
908 1314 939 1404 [9
950 1314 976 1405 ⁸]
987 1316 1104 1382 cultate
1127 1317 1272 1404 spacium
1293 1326 1325 1381 et
1346 1314 1515 1380 licenciam
1527 1316 1757 1403 temporialon·

340 1418 439 1505 gioria
462 1415 625 1501 optinere3
649 1413 730 1478 alias
751 1416 866 1502 perdet
890 1439 983 1482 suum
1013 1415 1129 1482 locum.
1170 1417 1252 1482 Item
1278 1417 1312 1482 in
1339 1415 1501 1502 principio
1532 1413 1648 1499 studii,
1680 1415 1758 1502 qnod

341 1527 390 1581 est
410 1515 588 1600 Lamperti,
611 1514 786 1602 incipiente
805 1538 868 1581 uno
890 1517 1119 1602 maffl'strorum
1142 1515 1260 1602 legere,
1283 1537 1365 1579 unus
1388 1513 1636 1596 sentenciarius,
1658 1516 1686 1579 si
1707 1514 1757 1578 ali·

302 1617 415 1701 loquis
437 1614 542 1695 fuerit,
563 1613 663 1677 faciat
683 1636 776 1679 suum
798 1615 1013 1701 principium3
1051 1623 1084 1679 et
1112 1617 1146 1680 in
1174 1615 1287 1680 eadem
1316 1615 1498 1700 septimana
1525 1613 1629 1676 faciat
1648 1615 1757 1699 prinei-

340 1716 429 1802 pium
451 1735 556 1778 novus
577 1736 699 1795 cursor,
721 1715 748 1778 si
771 1713 889 1803 aliquis
910 1715 1015 1778 fuerit.
1057 1715 1100 1780 Et
1123 1714 1205 1778 alter
1225 1715 1458 1778 sentenciarius
1481 1711 1631 1776 similiter
1652 1711 1708 1776 liat
1727 1713 1756 1776 in

342 1812 485 1878 secunda
507 1823 539 1876 et
560 1813 662 1877 tercia
685 1814 876 1900 septimana,
898 1815 925 1878 si
949 1812 1059 1901 plures
1081 1835 1230 1879 cursores
1254 1811 1305 1876 vel
1327 1812 1534 1877 sentenciarii
1552 1811 1692 1894 fuerint,
1717 1813 1757 1876 ita
1861 1807 1862 1846 l

341 1925 447 1978 tamen
470 1911 557 2000 quod
578 1912 612 1975 in
633 1911 745 1977 eadem
769 1913 951 1999 septimana
970 1936 1033 1978 non
1055 1913 1134 1978 fiant
1155 1912 1247 2003 plura
1271 1933 1367 1999 quam
1390 1909 1454 1977 duo
1476 1911 1650 1998 principia

564 2117 609 2177 11.
636 2129 682 2176 nn
709 2128 810 2178 noc1s
829 2129 874 2176 ar
898 2129 1029 2177 onoma
1050 2129 1346 2178 naccinamoaun
1367 2128 1473 2176 mres
1496 2129 1545 2176 sn.

301 2275 331 2329 15
424 2261 563 2326 Faciene
585 2263 779 2349 principium
803 2264 836 2328 in
859 2263 1039 2328 sentencias
1061 2262 1238 2348 praecedat
1260 2261 1342 2328 alios
1364 2259 1587 2342 baccalarics,
1610 2261 1668 2346 qui
1688 2285 1757 2326 non·

340 2362 417 2427 dum
437 2362 583 2426 fecerunt
604 2362 799 2448 principium
822 2363 856 2426 in
884 2360 1024 2426 easdem.
1066 2362 1147 2427 Item
1176 2362 1299 2426 faciens
1326 2359 1474 2426 ordinate
1502 2360 1703 2446 principium
1730 2364 1758 2425 in

340 2461 476 2526 tercium
498 2458 654 2526 librorum
678 2461 912 2525 sentenciarum
935 2463 977 2526 sit
998 2473 1030 2526 et
1050 2471 1217 2549 reputetur
1233 2457 1437 2525 baccalarius
1460 2461 1493 2522 in
1517 2458 1686 2546 theologia
1707 2484 1760 2548 pro

341 2561 529 2645 magisterio
551 2559 735 2623 formatus.¹
769 2559 849 2624 Item
872 2561 994 2624 faciens
1014 2561 1211 2649 principium
1233 2561 1266 2624 in
1287 2561 1423 2624 tercium
1445 2557 1564 2622 librum
1587 2561 1760 2624 sentencia·

340 2682 410 2723 rum
432 2655 608 2743 praecedat
630 2659 890 2740 sentenciarium,
912 2661 967 2746 qui
987 2658 1131 2725 nondum
1153 2660 1275 2746 incepit
1295 2659 1449 2741 tercium,
1480 2657 1557 2722 licet
1585 2659 1691 2724 eciam
1711 2659 1759 2724 ille

300 2757 577 2822 tosontenciarius
599 2757 689 2842 prius
710 2755 753 2821 ad
783 2760 963 2822 sentencias
989 2758 1086 2823 fuerit
1113 2767 1354 2847 praesentatus,
1396 2767 1463 2822 tam
1494 2755 1551 2820 diu
1580 2755 1686 2823 donec
1714 2757 1761 2823 ille

342 2855 575 2920 sentenciarius
596 2855 696 2920 faciat
716 2857 911 2943 principium
933 2857 966 2920 in
989 2857 1106 2940 terci03
1129 2856 1161 2945 [9
1170 2855 1195 2944 ¹³]
1224 2879 1286 2943 quo
1314 2857 1400 2922 facto
1428 2857 1518 2942 prius
1540 2869 1760 2942 praesentabis

341 2955 461 3020 habeat
480 2953 584 3018 locum
607 2977 699 3018 suum
722 2954 899 3020 secundum
921 2959 1237 3041 praesentacionem,
1269 2954 1444 3022 dummodo
1465 2955 1557 3044 prius
1579 2969 1760 3040 praesenta·

341 3065 393 3119 tus
416 3055 619 3118 continuaret
639 3055 727 3118 facta
751 3077 819 3136 sua,
841 3053 893 3118 vel
915 3053 955 3118 de
976 3055 1134 3120 dilacione
1154 3055 1275 3120 habeat
1289 3055 1457 3120 licenciam
1471 3053 1648 3121 facultatis.
1676 3056 1759 3137 Item,

339 3152 516 3242 praedictis
536 3175 602 3218 non
624 3151 838 3234 obstantibus,
862 3154 1048 3240 specialiter
1074 3155 1259 3222 ordinatum
1280 3165 1348 3237 est,
1376 3155 1463 3243 quod
1491 3154 1606 3220 doctor
1635 3155 1759 3222 alterius

297 3251 516 3334 ztfacultatis,
536 3251 579 3316 ad
605 3274 734 3316 cursum
755 3251 806 3317 vel
829 3251 871 3317 ad
893 3255 1073 3319 sentencias
1096 3255 1268 3336 admissus,
1289 3253 1410 3318 habeat
1428 3253 1533 3320 locum
1557 3265 1634 3320 ante
1656 3279 1759 3322 omnes

340 3352 543 3418 baccalarica
566 3349 646 3416 alios
667 3351 830 3418 facultatis
852 3351 1071 3438 theologicae,
1113 3353 1172 3419 sed
1201 3356 1228 3418 si
1256 3353 1354 3418 fuerit
1377 3351 1494 3442 aliquia
1518 3355 1760 3436 contenderim,

340 3453 448 3518 senior
468 3474 522 3532 eo,
560 3472 631 3514 eum
655 3473 693 3516 eo
719 3473 930 3534 concurrens,
973 3451 1048 3517 talis
1077 3453 1110 3518 in
1140 3452 1346 3542 promocicne
1368 3452 1410 3517 ad
1435 3452 1640 3519 doctoratum
1662 3454 1761 3520 eidem

338 3561 546 3638 proponatur.

676 3721 724 3782 12.
743 3733 790 3781 nn
814 3733 983 3782 secuero
1005 3735 1041 3783 m
1063 3734 1143 3783 nara
1164 3735 1428 3786 umvansmsra.

298 3875 332 3931 ³0
427 3863 516 3930 Alibi
539 3875 715 3952 promotus,
745 3875 917 3950 antequam
940 3869 1128 3955 recipiatur,
1155 3865 1241 3932 iuret
1267 3877 1388 3934 statuta
1416 3891 1550 3934 servare
1577 3881 1609 3936 et
1637 3869 1760 3952 bursas,

339 3987 420 4050 quas
441 3965 495 4028 hic
516 3988 579 4031 non
602 3963 705 4047 solvit,
729 3963 835 4030 adhuc
857 3964 982 4031 solvere
1005 3976 1037 4032 et
1057 3966 1123 4032 alia
1143 3967 1261 4049 facere,
1284 3990 1366 4054 quae
1387 3977 1464 4033 sunt
1484 3991 1544 4056 per
1565 3973 1692 4035 noviter
1713 3993 1760 4034 re

340 4063 526 4152 cipiendum
546 4065 706 4149 facienda,
729 4087 768 4130 ac
791 4067 818 4130 si
839 4065 952 4130 luisset
984 4068 1018 4130 in
1046 4067 1259 4130 universitate
1287 4077 1400 4132 nostra
1427 4068 1470 4132 ad
1497 4067 1595 4134 talem
1623 4069 1759 4156 gradum
1861 4119 1862 4152 ,

339 4173 520 4252 promotus3
542 4165 619 4229 item
643 4163 769 4231 badello
793 4163 989 4232 satisfacere.

881 4335 929 4398 13.
951 4347 998 4395 nn
1014 4347 1218 4398 cantemas.

297 4489 330 4544 ³5
430 4477 593 4544 Statutum
606 4489 638 4543 et
649 4479 833 4545 ordinatum
856 4489 913 4563 est,
936 4481 1022 4566 quod
1044 4482 1085 4546 de
1105 4479 1249 4567 quolibet
1270 4481 1393 4565 ordine,
1415 4483 1621 4550 universitati
1634 4493 1760 4549 nostrae
1861 4493 1862 4496 ’

339 4583 548 4665 incorporato
570 4577 622 4642 vel
649 4578 904 4667 incorporando,
949 4580 1051 4646 solum
1080 4603 1163 4645 unus
1190 4581 1362 4667 religiosus
1389 4578 1474 4670 [10⁸]
1494 4585 1600 4670 possit
1620 4605 1691 4650 esse
1710 4605 1761 4647 re
1861 4573 1862 4654 l

339 4700 420 4765 gens
433 4680 461 4760 ‘²3
484 4687 516 4742 et
538 4674 624 4763 quod
646 4677 732 4743 solus
753 4677 807 4744 ille
830 4679 871 4743 sit
894 4678 935 4744 de
956 4679 1090 4745 consilio
1111 4681 1285 4765 facultatis,
1308 4683 1364 4770 qui
1384 4693 1462 4746 tunc
1476 4681 1639 4748 admissus
1661 4691 1692 4748 et
1710 4705 1760 4748 re
1861 4681 1862 4708 ³

341 4787 454 4864 ceptus
474 4777 571 4842 fixerit
591 4799 651 4862 per
672 4776 824 4860 eandem;
853 4787 884 4842 et
904 4777 992 4865 quod
1011 4777 1065 4844 ille
1087 4781 1130 4844 sit
1149 4781 1256 4846 iunior
1278 4803 1320 4846 ex
1342 4779 1470 4864 ordine,
1500 4782 1529 4846 si
1555 4781 1706 4864 voluerit,
1725 4795 1760 4848 et

384 5013 392 5063 l
414 5011 469 5062 Am
486 5009 583 5063 Raude
603 5008 778 5063 morabitur
789 5015 934 5080 formatur
950 5013 1019 5082 quia

381 5097 396 5148 2
415 5093 470 5148 Am
487 5093 584 5149 Raude
597 5100 711 5164 praeter
728 5112 809 5148 uuam
826 5095 984 5166 retipr'oawu
1001 5115 1056 5152 noa
1070 5103 1161 5166 patrat
1176 5115 1233 5153 aare
1245 5103 1396 5170 proferres·
1411 5115 1513 5169 rapam.
