3788 6078
354 518 415 580 570
867 513 917 564 Die
936 512 1120 580 theologiscbe
1138 512 1264 565 sanstus

356 720 429 764 rum
450 695 530 762 liant
551 697 620 762 sine
639 693 821 762 ambitiosis
844 695 1072 762 certaminibus
1095 692 1232 760 candide
1248 701 1281 759 et
1302 691 1441 780 placide,
1462 715 1540 760 nam
1553 692 1643 760 hune
1656 702 1773 760 coetum

354 796 569 882 theologicum
590 797 731 860 maxime
752 795 845 860 decet
866 817 936 860 esse
958 795 1226 876 aristocraticum,
1255 793 1380 880 gloriae
1408 792 1471 876 dei,
1498 793 1658 858 ecelesiae
1685 793 1774 858 saluti

354 905 387 964 et
407 895 630 984 tranquillitati
652 917 728 961 vere
749 905 840 960 etex
861 896 968 960 animo
989 895 1191 960 servientem.

922 1093 1207 1144 DISPUTATIONES.

315 1222 332 1278 5
966 1214 1072 1278 Caput
1088 1214 1164 1266 1111.

437 1330 613 1416 Disputcnt
634 1330 732 1394 etiam
754 1329 816 1394 hoc
838 1329 950 1395 ordine
972 1328 1121 1394 doctores
1141 1328 1333 1415 theologiae,
1360 1337 1396 1392 ut
1421 1325 1558 1413 singulis
1587 1327 1666 1392 anni
1693 1349 1775 1390 men-

356 1428 444 1494 sibus
466 1450 530 1493 una
549 1428 607 1493 fiat
628 1427 759 1515 publica
780 1428 967 1516 disputatio,
994 1427 1265 1516 quemadmodum
1292 1428 1448 1493 hactenus
1471 1428 1684 1492 constitutum
1702 1427 1776 1506 fuit,

356 1538 389 1593 et
420 1537 586 1593 sumantur
615 1530 770 1594 materiae
798 1527 1014 1614 theologicae,
1046 1528 1140 1593 utiles
1169 1527 1212 1592 ad
1242 1526 1435 1592 erudiendos
1464 1526 1642 1592 auditores.
1685 1527 1776 1612 Ipsae

354 1651 432 1692 vero
460 1628 616 1693 materiae
645 1629 835 1715 priusquam
865 1637 1097 1716 proponantur,
1130 1627 1339 1693 ostendantur
1366 1626 1488 1692 decano
1516 1626 1613 1691 huius
1643 1625 1775 1712 collegii,

321 1737 353 1793 10
362 1729 417 1812 qui
439 1729 465 1792 si
487 1727 565 1814 quid
586 1725 793 1815 improbabit,
815 1726 925 1792 iubeat
947 1729 1077 1813 corrigi.
1112 1727 1147 1793 si
1169 1729 1241 1812 quis
1261 1735 1369 1792 autem
1388 1725 1441 1790 vel
1461 1747 1525 1791 non
1547 1725 1709 1808 ostendat,
1731 1725 1777 1790 vel

358 1829 465 1893 iussus
494 1849 559 1893 non
589 1829 748 1912 corrigat,
780 1837 887 1892 rector
916 1837 947 1892 et
976 1826 1117 1892 decanus
1146 1825 1279 1892 iubeant
1307 1826 1431 1891 differri
1464 1824 1720 1913 disputationem
1747 1827 1776 1890 in

358 1924 447 1992 aliud
470 1935 608 2014 tempus,
630 1937 662 1992 et
683 1929 920 2014 propositiones
943 1929 1034 2014 prius
1055 1928 1089 1991 in
1109 1937 1175 1993 toto
1195 1927 1330 2013 collegio
1350 1928 1585 1992 examinentur.

436 2043 603 2126 Volumus,
625 2044 711 2107 etin
733 2043 1001 2108 extraordinariis
1023 2042 1306 2131 disputationibus,
1334 2067 1418 2131 quae
1446 2065 1505 2131 per
1533 2043 1682 2130 singulas
1704 2043 1776 2108 heb·

357 2141 513 2209 domades
539 2143 634 2226 fiunt,
660 2165 722 2230 par
749 2142 890 2208 studium
912 2152 944 2208 et
966 2141 1166 2228 diligentiam
1186 2142 1342 2230 impendi,
1365 2165 1429 2228 qua
1454 2153 1523 2208 tota
1549 2145 1583 2207 iu
1606 2165 1643 2208 re
1665 2152 1697 2208 et
1718 2141 1777 2207 dis-

316 2251 346 2308 15
357 2242 492 2331 putandi
515 2244 640 2308 ratione
662 2243 690 2308 si
716 2242 795 2328 quid
822 2244 928 2306 inesse
949 2244 1021 2308 vitii
1050 2253 1270 2328 cognoscetur,
1298 2243 1418 2328 poterit
1446 2241 1562 2307 dehinc
1590 2243 1776 2308 conmodius

353 2343 514 2408 constitui.

438 2441 565 2508 Placuit
590 2452 696 2507 autem
726 2441 777 2506 his
804 2441 1003 2529 temporibus
1032 2464 1096 2507 non
1129 2440 1217 2505 leves
1245 2439 1288 2505 ob
1318 2463 1434 2506 calmas
1464 2439 1705 2528 disputationes
1734 2441 1777 2504 sic

356 2541 518 2624 ordinare,
547 2551 583 2606 ut
604 2543 702 2606 etiam
724 2541 893 2629 discipulis
920 2540 1093 2626 theologici
1115 2540 1215 2604 studii
1239 2549 1384 2627 potestas
1413 2539 1505 2606 fieret
1534 2539 1575 2605 de
1598 2542 1775 2628 propositis

354 2641 505 2707 thematis
527 2640 711 2728 quaerendi.
753 2641 798 2706 Iis
825 2642 925 2726 igitur
946 2642 1166 2724 argumentari
1187 2639 1370 2705 volentibus
1396 2639 1486 2705 locus
1516 2651 1590 2705 ante
1615 2641 1668 2706 vel
1697 2643 1778 2705 intra

315 2741 532 2828 20magistros
554 2739 684 2805 dabitur
704 2761 724 2805 a
746 2739 953 2827 praesidente
974 2739 1188 2826 disputationi
1211 2738 1501 2804 extraordinariae.
1538 2739 1614 2820 Quo
1635 2741 1778 2805 instituto

356 2839 444 2927 quod
465 2839 549 2906 forte
570 2839 717 2926 praemia
742 2837 934 2924 quibusdam
957 2839 1123 2926 magistris
1151 2837 1308 2904 decedere
1335 2849 1481 2926 possent,
1510 2861 1613 2927 opera
1641 2837 1779 2920 dabitur,

355 2950 391 3006 ut
412 2939 521 3025 eliqua
542 2939 668 3004 ratione
690 2937 746 3005 illa
764 2939 909 3006 decessio
933 2949 1168 3026 compensetur.

441 3071 503 3161 [Bl.
525 3070 577 3159 3⁸]
607 3073 783 3138 Praeterea
803 3074 837 3137 iu
859 3070 1132 3159 disputationibus
1160 3070 1335 3137 ordinariis
1365 3071 1426 3138 hoc
1454 3071 1652 3154 servabitur,
1678 3084 1727 3154 ut,
1756 3073 1780 3136 si

355 3172 545 3260 magnitudo
567 3175 694 3260 negocii
715 3175 847 3258 exigere
871 3171 1029 3254 videatur,
1058 3194 1125 3237 non
1147 3172 1249 3237 solum
1272 3181 1347 3237 ante
1375 3171 1433 3236 sed
1460 3171 1560 3236 etiam
1588 3183 1665 3258 post
1690 3175 1780 3238 meri·

315 3273 443 3339 ttdicm
472 3271 706 3359 disputationes
735 3272 823 3337 fiant.
864 3271 948 3336 Tum
976 3283 1081 3336 autem
1109 3271 1297 3356 magnitudo
1325 3271 1453 3358 negocii
1482 3271 1608 3356 exiget,
1640 3295 1715 3336 cum
1743 3269 1780 3336 ad

356 3375 517 3439 rationum
543 3394 673 3438 suarum
703 3372 952 3458 explicationem
980 3393 1044 3436 nou
1072 3370 1222 3436 omuibus
1252 3370 1341 3436 locus
1370 3392 1442 3436 esse
1471 3373 1601 3458 poterit.
1643 3371 1693 3436 Ne
1713 3372 1780 3456 quis

357 3475 456 3560 igitur
488 3473 689 3556 excludatur,
726 3495 854 3560 quoque
886 3471 1072 3556 diligentius
1103 3471 1213 3536 omnia
1242 3471 1457 3560 excutiantur,
1488 3471 1678 3536 intermissa
1710 3481 1780 3534 ante

358 3574 525 3640 meridiem
545 3572 722 3660 disputatio
745 3582 821 3660 post
841 3581 1017 3658 repetatur.

808 3771 1006 3820 DOGMATUM
1027 3771 1322 3820 cortraovausun.

316 3899 350 3956 30
978 3890 1094 3954 Caput
1118 3891 1151 3939 V.

441 4005 476 4072 si
506 4005 657 4072 inciderit
685 4005 907 4071 controversia
934 4002 974 4068 de
996 4004 1148 4090 dogmate
1170 4003 1398 4084 ecclesiastico,
1428 4014 1459 4068 et
1488 4025 1572 4068 unus
1592 4003 1645 4069 vel
1676 4004 1779 4093 plures

359 4105 564 4172 concordiam
584 4105 751 4172 doctrinae
773 4103 966 4170 conturbare
988 4103 1193 4185 videbuntur,
1214 4101 1354 4167 decanus
1376 4124 1449 4167 eam
1469 4125 1539 4167 rem
1559 4103 1604 4167 ad
1626 4115 1778 4169 rectorem

361 4216 394 4272 et
415 4204 583 4270 consilium
605 4207 704 4270 totius
731 4205 952 4269 universitatis
981 4205 1110 4269 referat.
1152 4200 1202 4266 Ac
1228 4203 1434 4284 universitas,
1463 4204 1491 4266 si
1518 4201 1708 4288 magnitudo
1736 4203 1778 4268 rei
1876 4203 1877 4260 l

360 4305 551 4398 postulabit,
579 4305 721 4391 principi
749 4302 959 4390 significabit,
990 4315 1021 4369 et
1048 4305 1199 4390 princeps
1222 4301 1452 4367 cumconsilio
1476 4301 1779 4390 academiaeeligat
1876 4385 1877 4388 Ἴ

319 4405 483 4476 35iudices
511 4403 659 4486 idoneos,
688 4403 744 4490 qui
771 4413 872 4468 totam
904 4404 1156 4468 controversiam
1187 4400 1358 4486 diligenter
1388 4401 1575 4466 examinent
1604 4412 1636 4466 et
1664 4401 1778 4467 iudicio

362 4529 419 4574 suo
440 4525 537 4568 veras
560 4505 735 4568 sententias
757 4505 928 4590 perspicue
950 4500 1133 4590 approbent
1153 4511 1186 4566 et
1206 4500 1306 4565 salsas
1327 4501 1497 4587 perspicue
1518 4500 1680 4568 damnent

443 4622 556 4703 Porro,
585 4619 796 4685 etiamsinon
817 4617 980 4684 videbitur
1006 4616 1176 4682 referenda
1205 4616 1248 4682 ad
1277 4617 1467 4704 principem,
1496 4627 1606 4684 tamen
1627 4621 1778 4684 universi·
1876 4655 1877 4690 l

360 4733 412 4790 tas
441 4744 497 4788 suo
526 4718 660 4784 oonsilio
689 4717 813 4784 iudices
842 4717 975 4783 idoneos
1004 4723 1045 4781 e‘x
1075 4714 1223 4804 pluribus
1250 4715 1459 4782 facultatibus
1489 4716 1605 4804 eligat,
1635 4721 1690 4806 qui
1717 4741 1777 4783 rem
1876 4715 1877 4788 l

362 4823 532 4911 diligenter
568 4828 765 4905 cognoscant
794 4826 826 4882 et
859 4819 965 4882 serant
1001 4818 1184 4881 sententias.
1225 4817 1410 4882 Damnatae
1446 4819 1684 4906 propositiones
1720 4839 1777 4882 nou
1876 4813 1877 4890 Ῑ

320 4921 584 5000 todefendantur,
615 4926 646 4981 et
673 4918 701 4980 si
729 4919 800 5001 quis
830 4918 1063 4982 contumaciter
1089 4915 1256 4998 defendat,
1286 4917 1494 4982 coherceatur
1524 4919 1696 4984 severitate
1716 4915 1776 4998 tali,
1876 4929 1877 5000 t

360 5046 401 5089 ne
422 5021 525 5087 malas
547 5019 714 5106 opiniones
735 5015 835 5080 latius
858 5038 1014 5102 spargere
1035 5017 1148 5102 possit.
1876 5005 1877 5020 ¹
