3794 6060
632 391 684 442 Die
700 389 881 442 Reformation
899 405 961 440 rom
973 390 1055 442 anre
1071 395 1143 443 tut.
1569 392 1607 456 13

182 593 370 657 suspensus.
412 569 457 636 Et
476 591 536 657 per
554 568 617 636 hoc
636 591 819 656 cassamus,
840 573 1006 638 irritamus
1033 593 1143 638 omnes
1165 571 1410 659 impetrationes
1431 570 1472 638 de
1494 569 1606 638 eodem

181 671 246 734 iam
266 670 385 753 factas,
407 692 489 756 quas
509 669 627 737 nullius
647 669 775 736 roboris
797 694 868 738 osse
889 672 1035 738 volumus
1056 683 1112 738 aut
1131 673 1295 737 momenti.

261 769 346 836 Item
367 772 521 856 quoniam
535 771 656 838 multae
676 769 906 857 displicenoiae
921 781 952 836 et
973 771 1046 838 lites
1062 794 1104 837 ex
1121 769 1351 859 promovendis
1369 769 1562 836 baccalariis
1575 778 1608 834 et

182 869 348 954 magistris
364 879 456 936 ortae
471 881 545 936 suut
565 881 597 936 et
612 872 691 938 oriri
712 880 846 957 possent
862 871 1058 954 infuturum,
1078 870 1221 939 volentes
1243 869 1316 936 illas
1329 872 1500 956 aequitatis
1522 892 1607 938 com-

182 967 301 1054 pendio
323 991 550 1056 compensare:
580 970 702 1038 idcirco
730 971 900 1034 statuimus
928 979 961 1036 et
981 969 1184 1054 ordinamus,
1215 969 1302 1056 quod
1323 969 1459 1056 quilibet
1478 971 1512 1035 in
1532 971 1607 1058 ipsa
1631 981 1648 1036 5

183 1067 335 1134 facultate
357 1071 597 1157 promovendus
618 1072 652 1136 iu
673 1069 892 1136 baccalarium
919 1068 971 1136 vel
992 1072 1184 1156 magistrum
1213 1069 1349 1136 liberam
1369 1067 1510 1158 eligendi
1532 1093 1605 1158 pro·

183 1177 341 1234 motorcm
363 1169 429 1236 sibi
446 1181 574 1258 gratum
598 1168 718 1236 habeat
738 1179 947 1256 potestatem,
973 1168 1116 1235 habilem
1136 1179 1244 1236 tamen
1271 1178 1303 1234 et
1324 1193 1344 1234 a
1366 1168 1520 1235 facultate
1541 1191 1606 1234 non

183 1288 376 1352 suspensum
400 1281 456 1336 aut
477 1269 652 1352 exclusum,
676 1271 728 1334 cui
750 1267 1019 1335 baccalariandus
1042 1267 1133 1351 duos,
1154 1268 1395 1354 magistrandus
1417 1280 1554 1355 quatuor
1574 1267 1606 1334 fl.

183 1369 254 1432 auri
275 1365 318 1434 de
340 1368 431 1436 Reno
453 1393 513 1457 pro
536 1369 659 1436 honore
682 1367 855 1434 cathedrae
876 1379 909 1434 et
929 1391 994 1434 non
1015 1367 1100 1436 ultra
1118 1367 1350 1456 praesentabit,
1370 1369 1434 1434 nisi
1455 1368 1514 1436 hos
1532 1393 1606 1458 pro·

183 1466 361 1534 movendos
386 1469 540 1536 notabilis
565 1478 741 1556 paupertas
773 1479 960 1552 excusaret,
996 1491 1060 1554 quo
1093 1491 1171 1534 casu
1202 1467 1372 1556 privilegio
1403 1471 1605 1557 paupertatis
1617 1479 1649 1536 10

183 1564 328 1650 gaudent
350 1578 383 1632 et
402 1569 599 1636 relevantur.
640 1569 693 1634 De
713 1569 860 1654 pecuniis
884 1591 962 1634 vcro
986 1569 1035 1634 sic
1056 1570 1272 1656 praesentatis
1301 1577 1467 1656 promotor
1487 1567 1605 1634 medie·

183 1674 292 1750 tatem,
314 1671 465 1755 magistri
481 1669 522 1736 de
537 1667 671 1736 consilio
691 1666 856 1734 facultatis
869 1669 1004 1734 terciam
1026 1679 1059 1733 et
1080 1667 1195 1754 reliqui
1216 1669 1365 1756 magistri
1386 1669 1606 1734 universitatis

183 1777 332 1850 quartam
354 1779 481 1854 partem
508 1768 551 1834 ad
579 1765 836 1834 distribuendum
863 1767 946 1832 inter
974 1789 1009 1832 se
1035 1769 1193 1855 recipient
1211 1776 1244 1832 et
1263 1767 1441 1850 habebunt,
1471 1789 1606 1853 quorum

183 1865 389 1932 collectorem
411 1879 444 1934 et
464 1867 640 1934 divisorem
663 1865 821 1932 decanum
840 1889 900 1952 pro
923 1877 1067 1954 tempore
1089 1870 1281 1934 existentem
1303 1866 1504 1954 deputamus.

267 1964 356 2046 Qruia
377 1981 485 2034 autem
505 1967 681 2055 disputatio
704 1964 887 2048 ordinaria,
918 1989 1000 2054 quae
1021 1969 1056 2032 in
1078 1967 1139 2032 hac
1159 1966 1312 2034 facultate
1339 1966 1434 2034 solita
1455 1978 1504 2034 est
1524 1968 1604 2052 fieri,
1618 1977 1648 2034 1⁵

184 2065 323 2150 gloriam
344 2089 410 2133 non
430 2066 593 2134 modicam
612 2067 816 2149 fructumque
836 2064 971 2132 multum
993 2067 1125 2149 afferre,
1153 2065 1327 2132 dummodo
1352 2090 1412 2156 per
1432 2069 1606 2156 magistros

185 2165 357 2252 diligenter
379 2167 505 2232 visitari
528 2165 709 2246 consuevit,
730 2163 873 2230 induxit:
895 2165 1031 2252 ideoque
1049 2165 1249 2250 mandamus,
1272 2163 1442 2234 statuimus
1457 2177 1488 2232 et
1508 2170 1606 2256 impe·

184 2288 311 2349 ramus,
346 2266 433 2352 quod
460 2267 595 2353 quilibet
626 2272 781 2359 magister
812 2269 906 2334 huius
933 2264 1096 2332 facultatis
1123 2275 1197 2330 ante
1223 2264 1388 2332 biennium
1415 2266 1607 2353 completum

183 2375 260 2452 post
288 2368 358 2432 eius
386 2369 628 2453 promocionem
653 2370 788 2456 singulis
816 2364 1095 2456 disputacionibus
1122 2365 1312 2449 ordinariis,
1341 2375 1415 2454 post
1441 2364 1606 2432 biennium

184 2487 262 2532 vero
284 2467 419 2532 alternis
441 2467 715 2556 disputationibus
735 2467 919 2536 huiusmodi
940 2477 971 2532 et
992 2474 1067 2554 post
1081 2464 1271 2532 decennium
1289 2465 1386 2532 semel
1406 2468 1441 2530 in
1461 2464 1648 2552 quolibetw

186 2588 305 2648 mense,
326 2568 391 2632 uisi
413 2566 568 2652 valitudo,
589 2569 759 2636 infirmitas
782 2580 838 2635 aut
858 2568 923 2634 alia
945 2569 1032 2633 iusta
1053 2575 1086 2630 et
1105 2564 1314 2632 racionabilis
1337 2589 1529 2632 causacum
1550 2589 1605 2634 ex·

185 2677 284 2748 cusat,
307 2665 522 2752 personaliter
537 2667 633 2735 debet
647 2671 803 2734 interesse
825 2680 857 2734 et
872 2689 1021 2754 arguere,
1042 2667 1071 2732 si
1088 2676 1214 2753 tempus
1237 2665 1389 2732 stlocum
1408 2665 1531 2732 habere
1550 2689 1606 2754 po·

184 2767 269 2831 terit
312 2765 350 2830 si
367 2767 439 2852 quis
461 2776 578 2851 autem,
600 2783 826 2855 praeterquam
847 2771 881 2834 in
901 2765 1030 2834 casibus
1052 2767 1252 2852 praemissis,
1272 2765 1456 2832 huiusmodi
1478 2765 1606 2833 ordina-

185 2867 254 2930 riae
276 2865 494 2952 disputacioni
508 2869 532 2950 ¹,
559 2870 682 2934 tociens
704 2870 856 2954 quociens
878 2867 940 2933 hoo
960 2865 1149 2952 neglexerit,
1169 2888 1308 2952 poenam
1319 2877 1456 2952 quatuor
1477 2889 1607 2954 grosso-

186 2987 257 3030 rum
276 2987 437 3032 novorum
458 2967 603 3032 incurrat
629 2969 701 3054 ipso
723 2969 825 3050 facto,
856 2989 951 3054 quam
972 2965 1113 3032 decanus
1136 2963 1195 3032 sub
1223 2987 1329 3052 poena
1352 2967 1500 3054 praestiti
1519 2968 1647 3032 iura-25

185 3064 284 3130 menti
305 3063 348 3130 ab
370 3065 484 3131 eodem
505 3067 636 3153 exigere
660 3077 818 3132 teneatsu.
860 3067 904 3132 Et
931 3067 958 3131 si
986 3067 1058 3152 quis
1085 3066 1314 3150 magistrorum
1334 3087 1473 3152 poenam
1498 3065 1605 3132 huius-

186 3162 272 3230 modi
295 3165 562 3252 parvipenderet
582 3175 616 3230 et
634 3167 838 3253 frequencius
861 3164 975 3231 abesse
996 3163 1109 3246 vellet,
1130 3161 1226 3228 debet
1246 3187 1305 3250 per
1327 3164 1484 3231 decanum
1506 3166 1607 3232 refor-

186 3262 365 3330 matoribus
393 3263 528 3346 deferri,
558 3266 613 3350 qui
639 3264 737 3331 talem
766 3265 829 3330 sibi
859 3273 978 3330 extunc
1004 3284 1142 3349 poenam
1168 3262 1331 3349 infligant,
1360 3264 1487 3351 qualem
1514 3267 1607 3334 iuxta

187 3362 410 3450 negligenciae
433 3385 510 3430 suae
531 3365 659 3452 culpam
680 3363 822 3430 viderint
843 3361 1008 3450 expedire.

266 3463 350 3530 Item
370 3469 525 3528 statutum
546 3465 727 3548 antiquum,
750 3486 812 3550 quo
837 3473 968 3530 cavetur
986 3460 1027 3526 de
1045 3461 1224 3543 exerciciis,
1247 3462 1439 3530 innovamus
1460 3474 1492 3530 et
1510 3475 1648 3552 prae-³⁰

188 3561 336 3650 cipiendo
365 3563 552 3645 statuimus,
585 3563 671 3650 quod
695 3563 801 3629 nullus
835 3564 1065 3649 magistrorum
1098 3559 1268 3647 disputans
1297 3561 1445 3629 decatero
1472 3565 1606 3653 incipiet

188 3663 382 3728 exercicium
402 3661 624 3748 vespertinum
650 3673 725 3729 ante
751 3662 866 3728 horam
886 3665 1038 3744 terciam,
1067 3659 1125 3726 sed
1146 3658 1188 3725 ab
1217 3660 1274 3726 illa
1299 3685 1400 3750 usque
1426 3663 1470 3730 ad
1490 3664 1605 3730 horam

189 3767 334 3850 quintam
353 3759 570 3828 continuabit:
599 3770 631 3826 et
652 3784 694 3828 ne
718 3761 900 3850 disputanti
919 3771 1045 3849 tempus
1072 3769 1274 3847 praetactum
1303 3785 1361 3850 per
1383 3763 1448 3828 alia
1471 3763 1604 3853 impedi-

188 3873 296 3928 menta
306 3860 528 3944 subtrahatur,
551 3863 767 3949 praecipimus
785 3872 817 3927 et
833 3861 1035 3943 mandamus,
1056 3861 1282 3948 nequisquam
1299 3872 1527 3930 conventorum
1549 3887 1606 3932 seu

188 3963 448 4050 praepositorum
469 3959 677 4047 collegiorum
701 3973 757 4028 aut
779 3962 950 4028 bursarum
979 3959 1021 4025 ad
1045 3983 1157 4025 cenam
1177 3959 1301 4047 pulsari
1321 3972 1354 4026 ct
1372 3962 1507 4029 eandem
1530 3963 1645 4030 fieriu

189 4063 286 4128 faciat
307 4071 382 4126 ante
402 4059 518 4126 horam
538 4062 681 4146 quintam
704 4062 876 4146 signatam.
919 4059 955 4126 si
975 4063 1047 4146 quis
1069 4083 1147 4126 vero
1162 4062 1358 4128 contrarium
1377 4062 1508 4148 faceret,
1530 4087 1604 4152 poe·

189 4184 262 4228 nam
283 4171 421 4248 quatuor
447 4182 634 4246 grossorum
660 4181 818 4226 novorum
841 4159 964 4226 decano
994 4159 1156 4228 facultatis
1184 4182 1245 4246 pro
1275 4161 1419 4246 qualibet
1446 4165 1517 4230 vice
1543 4163 1604 4230 sol·

189 4283 263 4328 rere
284 4270 442 4328 teneatur.

268 4363 351 4428 Item
372 4383 446 4426 cum
466 4359 583 4426 nedum
604 4357 725 4424 bonum
751 4368 783 4424 et
803 4358 991 4443 iocundum,
1019 4361 1117 4424 immo
1140 4359 1242 4425 eciam
1262 4359 1432 4426 honestum
1454 4363 1496 4428 sit
1514 4363 1604 4430 habi·

190 4471 257 4528 tare
278 4464 313 4527 in
332 4485 440 4544 unum,
460 4459 533 4524 ideo
555 4459 783 4546 praecipimus,
804 4481 846 4524 ne
868 4461 1018 4546 magistri
1039 4456 1202 4524 facultatis
1226 4470 1412 4547 praetactae
1433 4461 1646 4549 singulari-⁴0

190 4573 237 4626 tar
256 4561 375 4648 singuli
395 4563 430 4626 in
454 4558 611 4646 praefatis
640 4555 788 4623 domibus
816 4556 975 4641 habitent,
1008 4557 1066 4624 aed
1090 4557 1124 4624 in
1150 4557 1293 4644 collegiis
1321 4570 1377 4624 aut
1397 4559 1505 4626 bursis
1532 4585 1604 4630 cum

191 4662 353 4748 magistris
376 4659 557 4726 senioribus
582 4667 639 4723 aut
661 4655 773 4722 saltem
796 4668 862 4723 tres
890 4657 941 4723 vel
963 4667 1100 4746 quatuor
1122 4659 1200 4742 sint,
1230 4667 1264 4724 ut
1286 4660 1331 4724 sic
1354 4658 1395 4724 ab
1416 4659 1479 4725 hiis
1499 4659 1605 4726 bonae

192 4762 274 4826 vitae
295 4761 513 4826 testimonium
534 4767 592 4823 aut
614 4757 867 4822 conversationis
895 4758 1078 4824 fructuosae
1107 4758 1284 4845 profectum
1310 4758 1508 4826 salubritatis
1530 4783 1604 4846 pos·

194 4863 254 4926 sint
279 4869 458 4948 reportare.
500 4857 536 4922 Si
563 4879 639 4922 vero
669 4854 786 4942 aliquis
814 4857 958 4942 ipsorum
988 4856 1075 4922 solus
1103 4857 1225 4943 absque
1253 4857 1326 4922 aliis
1354 4859 1536 4944 magistris,
1569 4871 1605 4926 ut

258 5079 268 5129 l
288 5073 357 5128 Hier
374 5071 482 5127 scheint
499 5079 584 5128 etwas
601 5089 637 5128 au
657 5070 757 5142 feblen,
775 5077 846 5126 etwa
862 5072 987 5128 awaus
1002 5073 1157 5144 coemerit.
