3768 6072
447 477 498 526 Dia
515 477 633 529 Statuten
650 479 697 528 der
715 493 825 542 grauun
844 480 954 544 Collega
973 495 1034 531 rom
1052 481 1134 532 Jahro
1156 482 1227 538 1416.
1490 491 1547 552 177

586 661 613 724 3.
636 677 866 727 tununenrun
887 680 1101 730 rasarosrru

207 775 304 861 „Ego
326 774 371 840 .N.
395 776 474 857 iuro,
496 777 651 862 pecunias
674 774 812 864 collegii,
842 779 869 844 si
891 801 974 866 quae
996 779 1174 846 adraanus
1196 803 1284 846 meas
1306 783 1447 864 veniunt,
1467 782 1551 848 velle

128 874 263 940 fideliter
275 873 471 961 dispensare,
494 875 721 963 aequalitatem
744 899 807 962 quo
828 877 871 942 ad
891 881 1066 964 magistros
1082 879 1258 944 observare
1279 881 1328 956 (in
1344 879 1399 947 illo
1419 881 1551 966 scilicet,

129 975 211 1064 quod
241 973 360 1040 nullius
389 995 563 1061 personam
591 977 740 1062 magistri
770 974 810 1041 dc
839 976 974 1064 collegio
997 1001 1076 1065 prae
1105 977 1168 1045 alio
1191 979 1264 1044 volo
1286 993 1466 1068 acceptare,
1496 983 1552 1046 sed

129 1086 293 1162 tamquam
309 1095 447 1162 persona
462 1076 640 1140 communis
661 1077 695 1139 in
713 1075 808 1140 factis
829 1075 957 1164 collegii
968 1077 1042 1143 volo
1064 1077 1307 1154 administrare)
1330 1091 1361 1144 et
1382 1080 1424 1146 ad
1446 1084 1548 1146 cuius·
1576 1093 1593 1146 5

127 1196 250 1260 cunque
272 1174 420 1260 magistri
443 1173 483 1238 de
501 1172 636 1260 collegio
652 1176 911 1262 requisicionem,
935 1178 1187 1264 quotiescunque
1207 1201 1265 1266 per
1282 1203 1355 1244 eum
1376 1183 1552 1268 requisitus

126 1274 223 1356 fuero,
245 1271 330 1338 velle
353 1271 523 1358 collegium
545 1273 632 1338 int'ra
656 1272 741 1338 diem
764 1274 944 1340 naturalem
967 1298 1156 1360 convocare,
1182 1276 1301 1342 bonum
1330 1278 1457 1367 collegii
1477 1304 1550 1369 pro·

127 1394 247 1454 curare,
277 1379 397 1436 statuta
421 1381 452 1436 et
475 1372 657 1456 statuenda,
685 1376 895 1461 respicientia
919 1383 1038 1439 statum
1065 1377 1255 1463 praepositi,
1283 1377 1418 1444 firmiter
1440 1379 1550 1446 obser·

127 1493 209 1554 vare,
239 1472 287 1536 ita
307 1471 392 1558 quod
413 1470 477 1536 levi
506 1470 713 1558 negligentia,
741 1497 823 1562 quae
850 1497 916 1540 non
941 1475 978 1540 lit
1004 1497 1045 1539 ex
1073 1480 1251 1563 proposito,
1280 1480 1457 1564 periurium
1487 1503 1550 1545 non

126 1571 320 1636 incurram.“
1560 1589 1591 1644 10

266 1696 295 1755 4·
318 1705 574 1754 conruosssssro
596 1706 847 1755 nno1sru01tun
868 1707 1043 1756 recinant
1064 1709 1280 1759 PRAEPOSITO
1302 1711 1409 1760 NOVO.

204 1805 299 1886 Item,
320 1804 405 1870 facto
429 1805 609 1870 iuramento
633 1807 823 1893 praepositi,
847 1805 983 1892 quilibet
1002 1809 1158 1894 magister
1169 1811 1341 1896 promittat
1349 1814 1547 1899 praeposito,

126 1903 206 1990 quod
235 1903 314 1969 velit
345 1903 387 1968 ad
426 1906 688 1970 convocationem
718 1907 820 1992 ipsius
856 1907 1035 1992 praepositi
1064 1908 1174 1973 venire
1203 1931 1241 1974 ac
1269 1931 1392 1996 poenas
1423 1910 1548 1977 solvere

126 2015 177 2068 aut
200 2025 235 2068 se
258 2005 372 2089 poenis
395 2004 583 2069 submittere
609 2005 644 2069 in
672 2014 783 2069 tenore
812 2007 1053 2072 convocationis
1081 2008 1246 2094 expressis
1273 2017 1306 2074 et
1333 2012 1548 2078 reverentiam

126 2112 231 2167 tenere
253 2125 333 2188 erga
359 2106 581 2190 praepositum
609 2105 644 2168 in
670 2127 782 2170 mensa
811 2104 945 2192 collegii,
973 2107 1007 2170 in
1034 2107 1325 2174 convocacionibus
1353 2116 1386 2172 st
1413 2110 1447 2174 in
1475 2110 1548 2177 aliis
1560 2123 1590 2179 u

125 2203 214 2267 lactis
236 2201 366 2286 collegii
394 2212 425 2267 et
452 2202 591 2268 fideliter
619 2205 806 2290 praeposito
829 2205 982 2271 assistere
1010 2206 1060 2270 in¹
1087 2207 1138 2289 iis,
1166 2228 1249 2291 quae
1275 2205 1393 2274 bonum
1421 2209 1549 2298 collegii

125 2310 326 2367 concernunt

433 2425 460 2485 5.
483 2437 529 2484 un
553 2435 716 2486 rnnronn
741 2436 1023 2488 coururarrorns
1045 2439 1259 2490 rasurosrrr.

205 2533 351 2616 Quilibet
371 2536 577 2622 praepositus
598 2535 760 2602 tenebitur
784 2537 832 2602 bis
861 2538 969 2605 facere
998 2541 1158 2606 rationem
1179 2538 1220 2604 de
1242 2540 1401 2626 expositis
1423 2553 1456 2606 et
1476 2565 1547 2628 per·

127 2636 223 2721 captis
245 2657 322 2699 suae
345 2637 601 2722 praepositurae,
622 2637 669 2701 ita
694 2636 780 2724 quod
796 2638 882 2703 infra
894 2639 1035 2726 primurn
1050 2637 1590 2727 mensem,imme‹liatesequen-20

128 2743 187 2797 tem
207 2735 347 2820 primum
369 2733 510 2799 medium
534 2757 653 2801 annum
675 2759 753 2801 suae
778 2738 1037 2824 praepositurae,
1060 2738 1158 2805 semel
1186 2748 1218 2804 et
1243 2741 1406 2826 inprime
1428 2763 1547 2826 mense,

127 2833 306 2898 immediate
335 2843 487 2921 sequente
508 2835 604 2900 finem
632 2857 710 2900 suae
737 2837 994 2924 praepositurae,
1023 2838 1184 2904 tenebitur
1206 2840 1412 2905 summariter
1440 2841 1547 2907 facere

127 2933 287 3016 rationem,
310 2933 369 2999 sub
390 2956 496 3021 poena
518 2935 612 3000 unius
635 2939 826 3022 sexagenas.

355 3091 382 3150 6.
403 3101 450 3148 DE
472 3101 669 3150 RELA'I'IONE
691 3103 941 3170 Exposlrossult
960 3105 1133 3154 FACIENDA
1155 3107 1339 3157 contacto.

202 3218 283 3282 ltem
313 3217 565 3304 quotiescunque
594 3219 801 3306 praepositus
826 3221 924 3284 tuerit
950 3221 1124 3307 requisitus
1149 3243 1208 3307 per
1234 3224 1389 3288 maiorem
1419 3235 1588 3313 parterntt

129 3315 247 3402 collegii
268 3326 484 3402 praesentem,
506 3339 669 3383 summare
691 3319 906 3403 septimanam
928 3341 1034 3401 unam,
1057 3317 1138 3384 duas
1161 3320 1212 3385 vel
1234 3333 1300 3386 tres
1322 3323 1492 3408 tenebitur,
1516 3335 1547 3390 et

129 3413 240 3481 dictam
269 3437 429 3482 summam
455 3417 505 3482 vel
533 3439 675 3482 summas
703 3416 838 3503 collegio
866 3418 952 3484 infra
978 3418 1191 3504 septimanam
1219 3443 1297 3485 suae
1325 3425 1545 3511 requisitionis

128 3513 279 3580 tenebitur
298 3515 455 3601 indicare,
477 3517 537 3584 sub
558 3539 663 3605 poena
683 3517 810 3584 medias
834 3539 1026 3604 sexagenae.

508 3692 535 3752 7.
558 3703 604 3750 ΒΕ
625 3703 698 3752 NON
719 3701 886 3751 AUGENDO
909 3703 1037 3753 PRETIO
1059 3631 1261 3752 F'Alsslrlffli.0

201 3816 281 3882 Item
304 3819 509 3906 praepositus
530 3819 666 3905 propria
686 3821 860 3885 autoritate
881 3828 913 3884 et
935 3820 1004 3885 sine
1026 3843 1185 3886 consensu
1206 3820 1334 3908 collegii
1355 3845 1419 3887 non
1447 3823 1588 3889 huberto

130 3918 256 3998 pretium
280 3915 417 3981 alicuius
440 3915 481 3980 de
507 3917 629 3982 familia
651 3917 780 4004 collegii
809 3928 1030 4005 augmentare,
1058 3920 1116 3986 sed
1135 3921 1208 3985 visa
1232 3922 1419 3987 rationabili
1447 3945 1546 3990 eausa

129 4011 218 4080 habet
238 4018 378 4102 pretium
400 4015 537 4082 alicuius
558 4017 640 4082 bene
661 4016 848 4084 diminuere.

438 4174 467 4236 8.
490 4187 537 4233 os
560 4187 727 4236 snururrs
748 4185 991 4236 ramesensis
1012 4189 1035 4235 s
1055 4187 1281 4236 rasarosrro.

203 4300 282 4366 Item
304 4302 511 4390 praepositus
531 4302 692 4369 tenebitur
713 4303 800 4369 infra
820 4323 963 4366 mensem
992 4325 1069 4366 suae
1096 4303 1341 4389 praepositurae
1368 4305 1546 4393 perlegisse

129 4401 228 4465 omnia
250 4411 372 4467 statuta
393 4399 520 4488 collegii
549 4402 610 4468 sub
631 4424 738 4491 poena
762 4403 857 4468 unius
887 4421 1081 4490 sexagenas,
1108 4411 1140 4466 at
1167 4401 1301 4489 quilibet
1326 4401 1367 4468 de
1394 4427 1478 4470 novo
1498 4407 1544 4470 in·
1554 4416 1587 4471 ³5

129 4505 212 4565 trans
229 4501 316 4566 infra
338 4501 475 4568 eundem
498 4503 669 4568 terminum
690 4502 851 4568 tenebitur
873 4497 916 4566 ad
938 4501 1026 4568 idern
1047 4499 1241 4566 subendam
1264 4525 1378 4590 poena.

604 4658 632 4720 a
655 4669 860 4719 rasaroslrr
881 4667 1091 4716 nnorsrnuu.

206 4768 287 4834 Item
310 4769 445 4856 quilibet
471 4771 678 4857 praepositus
699 4770 815 4855 quovis
841 4767 894 4833 die
916 4789 995 4834 suas
1017 4768 1264 4853 praepositurae
1291 4777 1419 4834 tenetur
1439 4767 1548 4831 faeere

128 4866 183 4932 sibi
203 4869 331 4956 singula
358 4869 401 4934 ad
422 4871 605 4956 registrum,
631 4891 713 4957 quae
735 4892 797 4956 per
817 4888 891 4931 eum
915 4867 1030 4932 eodem
1055 4865 1108 4930 die
1133 4877 1228 4934 erunt
1249 4869 1410 4956 exposita,
1433 4877 1465 4928 et
1483 4865 1548 4928 tale

127 4969 290 5052 registrum
308 4980 436 5035 tenetur
457 4979 666 5056 praesentare
688 4991 745 5033 suo
769 4971 958 5034 successori.
1557 4974 1591 5028 to

131 5103 159 5110 ι...

205 5160 212 5206 l
233 5153 262 5206 iu
278 5152 356 5208 fehlt,

191 5254 407 5294 srsrurnnsucn
425 5254 482 5290 naa
499 5253 573 5293 nstv.
591 5254 712 5293 tanaro.
