3758 6072
375 549 435 613 tua
864 547 915 598 ora
931 546 1150 612 philosophicus
1167 546 1294 600 sanas

374 728 629 816 disputationum
653 727 891 794 ordinariarum
911 734 976 792 aad
1004 727 1229 817 complentium
1252 735 1388 811 auqelapt
1409 737 1532 793 wardan
1554 737 1623 812 (aql.
1650 737 1776 797 Urbuadt
1857 779 1858 820 ,

376 833 502 898 Quellea
522 832 552 893 S.
575 831 651 904 858,
680 852 724 890 wo
750 832 916 906 fdlscltlicd
940 832 1040 897 148912
1061 834 1227 910 aapeqeben
1250 833 1320 906 ast),
1356 853 1389 892 so
1419 837 1532 909 ditrsen
1558 835 1615 893 wir
1642 837 1716 896 moll
1737 839 1778 896 mit

374 931 538 991 Sicterbeit
559 933 731 1007 bedaupten,
753 931 923 991 desedisse
943 934 1121 992 Bescdlr'r'sse
1142 933 1190 991 ins
1210 933 1480 992 dommersemester
1503 936 1582 999 1488
1601 937 1710 1009 fallea.

635 1119 682 1180 10.
705 1107 766 1198 [Bl.
782 1109 855 1197 23²]
882 1130 930 1176 nn
951 1129 1051 1178 nono
1071 1129 1226 1178 nassum
1246 1129 1292 1178 ar
1313 1129 1534 1179 nmrorarmr

329 1253 346 1308 5
457 1243 618 1309 Statutum
648 1253 712 1326 est,
734 1265 845 1309 omnes
874 1246 1048 1330 magistros
1076 1244 1184 1332 legere
1212 1245 1330 1312 debere
1357 1247 1390 1312 in
1416 1245 1531 1311 habitu
1557 1245 1777 1331 magistraliet
1857 1291 1858 1310 2

370 1345 481 1408 mittra
502 1345 570 1408 sive
592 1345 714 1430 pirreto
737 1353 810 1408 curn
833 1345 996 1431 scapulari
1018 1345 1190 1431 diligenter
1216 1355 1247 1412 et
1276 1347 1438 1411 fructuose
1466 1347 1554 1411 omni
1579 1345 1633 1410 die
1660 1343 1778 1432 legibili,
1857 1383 1858 1392 .

372 1442 546 1507 secundum
575 1442 798 1508 distinctiones
828 1467 886 1531 per
912 1444 1097 1510 facultatem
1125 1454 1279 1529 statutas,
1302 1447 1372 1510 sine
1394 1445 1468 1511 dolo
1491 1455 1522 1509 et
1543 1445 1676 1528 fraude,
1695 1443 1779 1509 nichil

370 1552 479 1607 textus
501 1541 586 1608 soliti
607 1542 673 1628 legi
695 1543 842 1608 omittere
864 1553 896 1607 et
916 1567 980 1610 non
1002 1543 1081 1609 alibi
1103 1567 1200 1630 quam
1221 1546 1255 1610 in
1277 1544 1408 1632 publico
1429 1543 1512 1610 loco.
1553 1543 1646 1610 Idem
1673 1544 1780 1633 placuit
1857 1543 1858 1624 ᾗ

370 1640 412 1705 do
433 1641 675 1724 exercentibus,
697 1640 784 1729 quod
813 1643 899 1707 omni
921 1641 974 1707 die
1001 1642 1126 1728 legibili
1154 1643 1325 1731 diligenter
1347 1654 1379 1708 et
1398 1665 1458 1731 per
1478 1644 1611 1709 modum
1634 1645 1779 1709 examinis
1857 1657 1858 1702 t

330 1749 362 1806 10
373 1739 538 1828 disputent
545 1791 554 1824 ,
576 1739 697 1806 nullam
725 1743 945 1828 quaestionem
977 1741 1106 1807 solitam
1128 1742 1289 1830 disputari
1317 1743 1509 1826 omittendo,
1531 1753 1564 1808 et
1592 1743 1779 1810 similiterin
1857 1821 1858 1824 Ἴ

371 1838 441 1905 loco
464 1839 594 1927 publico
615 1843 650 1905 in
673 1849 815 1922 aestate,
837 1843 871 1905 in
896 1839 1001 1906 hieme
1022 1864 1100 1907 vero
1127 1843 1162 1907 in
1188 1841 1322 1909 lectorio
1344 1843 1396 1908 vel
1425 1841 1521 1908 stuba
1543 1844 1779 1924 communitatis,

369 1941 432 2004 nisi
455 1939 604 2005 dominus
632 1939 774 2004 decanus
803 1963 869 2005 una
896 1964 967 2006 cum
993 1941 1174 2007 senioribus
1200 1953 1335 2030 propter
1364 1944 1560 2030 paucitatem
1588 1941 1780 2006 audiencium

373 2049 431 2104 aut
449 2038 513 2105 loci
534 2039 833 2104 inconvenienciam
853 2039 905 2104 vel
933 2039 1031 2106 aliam
1057 2041 1283 2107 rationabilem
1313 2064 1444 2107 causam
1473 2042 1727 2129 dispensaverit,
1753 2051 1780 2104 ut

369 2141 440 2224 quis
472 2141 506 2204 in
532 2161 591 2204 sua
617 2137 822 2204 habitacione
849 2138 1017 2226 disputare
1045 2142 1157 2228 possit.
1200 2140 1348 2222 Quodsi
1371 2143 1443 2230 quis
1470 2143 1702 2228 magistrorum
1727 2163 1780 2205 non
1857 2143 1858 2204 J

331 2247 360 2302 15
372 2240 459 2304 omni
481 2237 534 2304 die
554 2236 678 2326 legibili
699 2237 788 2326 legat
810 2249 865 2304 aut
885 2249 1044 2324 exerceat,
1067 2239 1154 2326 quod
1175 2241 1362 2306 visitatores
1383 2241 1514 2326 signare
1535 2251 1694 2322 terrentur,
1715 2264 1779 2328 quo
1857 2231 1858 2310 ?

369 2338 452 2402 tiens
474 2339 542 2403 sine
564 2337 744 2404 excusabili
767 2359 865 2402 causa
885 2338 1080 2424 neglexerit,
1108 2341 1230 2404 tociens
1261 2339 1301 2404 de
1330 2362 1387 2403 suo
1415 2339 1535 2404 salario
1565 2339 1703 2406 facultas
1728 2339 1778 2404 sibi

368 2447 513 2501 reservet
541 2437 623 2503 duos
648 2459 780 2524 grossos
808 2437 891 2502 inter
918 2439 1095 2524 magistros
1124 2438 1250 2504 consilii
1277 2439 1440 2504 facrdtatis
1460 2437 1714 2505 distribuendos.
1751 2437 1778 2504 Si

370 2537 542 2623 quievero
569 2537 768 2602 infructuose
794 2537 864 2601 sino
889 2539 1023 2624 proprio
1052 2545 1144 2601 textu
1167 2547 1199 2603 et
1219 2560 1284 2602 rron
1305 2537 1481 2603 secundum
1513 2538 1732 2604 distinctiones
1754 2549 1778 2602 et

370 2635 591 2702 ordinationes
620 2633 785 2702 facultatis
812 2635 927 2722 legerit
954 2635 1006 2701 vel
1037 2637 1221 2701 exercuerit
1247 2647 1294 2720 et,
1323 2660 1382 2724 per
1412 2639 1598 2703 visitatores
1625 2639 1778 2702 caritative

327 2735 471 2800 tosemel
494 2745 550 2801 aut
570 2734 621 2800 bis
644 2735 800 2817 monitus,
825 2757 859 2800 se
880 2735 1053 2800 emendare
1075 2758 1140 2800 non
1162 2738 1341 2818 curaverit,
1363 2745 1441 2801 trmc
1459 2735 1579 2802 debent
1600 2735 1662 2802 hoc
1682 2738 1777 2801 visita·

368 2844 456 2900 tores
478 2843 624 2921 tempore
650 2832 886 2900 distributionis
915 2845 1027 2919 pastus
1056 2834 1203 2900 facultati
1232 2858 1414 2923 proponere
1435 2847 1468 2901 et
1488 2835 1628 2902 facultas
1657 2835 1777 2902 eundern

370 2957 477 3022 poena
499 2934 720 3020 suspensionis
740 2943 795 2999 ant
816 2933 882 2998 alia
904 2933 1077 3000 arbitraria
1103 2937 1227 3022 punire.

758 3122 805 3182 tl.
827 3135 874 3181 ua
896 3133 1077 3182 omraanrr
1099 3135 1199 3184 rrooo
1219 3133 1399 3184 suprascr.

450 3249 613 3315 Statutum
636 3261 700 3332 est,
729 3271 840 3315 omnes
863 3248 1060 3337 complentes
1089 3273 1149 3337 pro
1177 3248 1283 3336 gradu
1307 3248 1415 3335 aliquo
1441 3251 1475 3314 in
1503 3247 1630 3314 artibus
1653 3248 1779 3314 atercis
1857 3255 1858 3314 i

325 3347 506 3416 2tlecticne
527 3349 579 3415 vel
606 3350 767 3415 exercicio
789 3359 821 3414 et
843 3348 997 3434 deinceps
1026 3351 1113 3414 omni
1139 3349 1192 3414 die
1219 3347 1343 3434 legibili
1365 3370 1438 3412 cum
1459 3357 1561 3430 textu,
1589 3359 1627 3413 ut
1653 3349 1687 3412 in
1710 3347 1778 3411 anti·

368 3453 440 3538 quis
462 3451 591 3516 statutis
613 3447 806 3532 declaratur,
833 3451 989 3514 interesse
1010 3448 1138 3531 debere,
1162 3447 1221 3513 sub
1243 3470 1350 3534 poena
1371 3447 1497 3512 dimidii
1518 3449 1637 3533 grossi,
1660 3449 1779 3526 tociens,

367 3552 515 3638 quotiens
546 3571 639 3614 secus
671 3559 892 3635 perpetratum
923 3547 1034 3630 fuerit,
1066 3545 1333 3613 irremissibiliter
1361 3555 1507 3633 tempore
1537 3547 1779 3635 dispensacionis

366 3648 582 3736 persolvendi.

828 3785 875 3845 12.
898 3797 944 3844 oa
967 3796 1067 3846 rrooo
1088 3795 1333 3846 susurronis.

326 3923 361 3980 30
454 3913 519 3978 Pro
548 3911 643 3978 firma
672 3921 703 3976 et
732 3909 842 3976 stabili
870 3910 1133 3998 praecedentium
1164 3911 1354 3976 executione
1383 3914 1496 3978 statuit
1526 3911 1680 3996 facultas,
1708 3909 1781 4001 quod
1857 3922 1858 3986 l

370 4013 457 4079 omni
485 4015 663 4078 mutatione
693 4011 853 4099 eligantur
882 4034 924 4076 ex
953 4011 1107 4076 facultate
1135 4022 1201 4077 tres
1231 4021 1397 4076 taxatores
1427 4010 1512 4078 ultra
1543 4012 1709 4096 decanum,
1737 4011 1780 4098 qui
1857 4007 1858 4084 l

368 4112 465 4177 debet
486 4134 556 4177 esse
577 4121 722 4201 quartus,
743 4121 776 4176 et
795 4121 933 4199 quatuor
949 4113 1134 4177 visitatores
1154 4112 1224 4176 sive
1244 4121 1444 4194 executores,
1465 4121 1531 4176 tres
1554 4111 1780 4201 dispensatores

367 4235 433 4277 una
454 4235 526 4277 cum
547 4211 680 4293 decano,
702 4212 757 4298 qni
779 4232 838 4297 per
858 4219 924 4275 tres
948 4219 1004 4276 aut
1026 4219 1164 4299 quatuor
1187 4208 1257 4275 dies
1282 4221 1357 4275 ante
1379 4209 1656 4298 dispensationem
1676 4210 1780 4299 princi·
1857 4230 1858 4284 r

369 4311 475 4400 palem
498 4310 670 4397 diligenter
689 4312 855 4399 inquirant
877 4309 917 4374 de
940 4310 1090 4376 omnibus
1113 4308 1301 4392 defectibus,
1331 4309 1511 4397 dequibus
1534 4311 1687 4398 specialis
1707 4331 1781 4376 men·
1857 4351 1858 4356 κ

327 4411 415 4476 sorio
435 4409 506 4474 ficri
527 4433 590 4475 norr
611 4419 717 4497 potest
736 4411 771 4475 in
791 4408 935 4496 generali
956 4409 1211 4496 dispensacione.
1233 4407 1319 4497 [leb]
1355 4409 1400 4474 Et
1421 4410 1455 4474 in
1476 4409 1663 4476 huiusmodi
1683 4409 1782 4475 labore
1857 4387 1858 4474 l

370 4520 402 4576 et
417 4507 592 4595 diligencia
613 4508 749 4594 quilibet
762 4509 1023 4596 dispensatorum
1037 4508 1133 4573 debet
1151 4507 1273 4574 habere
1287 4531 1385 4573 unum
1406 4509 1565 4575 florenum
1588 4510 1636 4576 rh.
1657 4531 1677 4576 a
1695 4505 1782 4574 facul·

370 4617 447 4674 tate.
487 4607 533 4673 Et
554 4609 596 4672 sit
622 4631 704 4672 unus
732 4611 907 4696 inscriptor
935 4632 995 4696 pro
1018 4607 1234 4674 continuando
1261 4608 1345 4673 libro
1375 4609 1444 4674 sive
1472 4611 1615 4694 registro
1636 4607 1782 4696 complen-

368 4711 449 4776 tium
473 4717 505 4774 et
524 4707 731 4774 inscribendo
754 4731 865 4773 omnes
887 4707 1083 4794 complentes
1108 4730 1179 4772 cum
1212 4709 1280 4773 suis
1309 4707 1487 4773 defectibus
1515 4719 1548 4773 et
1576 4707 1781 4796 negligendis.

367 4809 498 4876 Debent
521 4817 629 4874 autem
652 4811 698 4872 sio
726 4807 773 4872 illi
801 4807 940 4895 praefati
961 4806 1115 4873 officiales
1137 4807 1223 4894 eligi,
1247 4816 1292 4889 ut,
1321 4809 1376 4892 qui
1404 4807 1503 4872 habet
1522 4831 1621 4874 unum
1644 4807 1782 4885 officium,
1857 4843 1858 4862 2

327 4909 505 4975 loalterum
527 4905 648 4972 habere
669 4927 734 4970 non
756 4909 876 4994 possit,
897 4915 933 4971 ut
954 4907 1001 4970 sic
1022 4917 1054 4970 et
1076 4928 1175 4972 onera
1197 4917 1229 4972 et
1251 4907 1467 4972 emolumenta
1488 4908 1668 4996 aequaliter
1687 4905 1781 4971 distri·
1856 4864 1858 4952 l

371 5007 511 5074 buantur
544 5017 576 5072 et
608 5027 646 5070 eo
678 5003 870 5090 diligencius
903 5017 1111 5090 exequantur.
1151 5007 1268 5072 Posset
1302 5008 1388 5071 enim
1419 5008 1623 5093 contingere,
1656 5006 1780 5094 aliquem
1857 4985 1858 5029 l

368 5109 496 5194 pigrum
519 5107 614 5194 plura
635 5103 742 5170 officia
762 5104 882 5170 habere
903 5115 934 5170 et
952 5103 1074 5169 nullum
1094 5107 1221 5194 exequi,
1243 5117 1276 5172 et
1297 5109 1344 5172 sic
1363 5106 1495 5172 caderet
1516 5106 1677 5174 ordinatio
1693 5101 1780 5171 sacrd-

369 5207 454 5271 tatis.
495 5205 626 5272 Debent
646 5215 754 5272 umen
777 5204 934 5292 clavigeri
955 5204 1032 5291 eligi
1053 5227 1112 5294 per
1133 5208 1280 5274 ustiones
1302 5207 1397 5274 iuxta
1418 5206 1589 5296 antiquum
1607 5206 1738 5274 modum.
