3758 6072
490 465 574 517 Dritte
592 467 858 533 Statutenredsetion,
875 483 929 519 von
949 467 1147 520 mlh-1490.
1463 471 1524 536 403

97 656 165 714 tate
181 649 307 714 arcium
325 647 367 712 sit
388 645 549 743 exclusus.
590 649 733 716 Tenetur
754 651 856 715 eciam
876 648 1014 715 facultas
1036 648 1083 714 illi
1103 647 1155 714 vel
1178 648 1252 732 illis,
1275 652 1328 736 qui
1353 651 1400 714 sic
1419 651 1520 736 impe-

95 751 174 814 titur
190 757 249 812 ant
263 747 473 834 impetuntur,
495 747 684 814 molestatur
699 758 755 814 aut
771 747 993 832 molestantur,
1005 748 1137 813 realiter
1152 772 1225 814 cum
1243 750 1359 814 effectu
1373 751 1525 814 assistere

98 857 138 930 et,
161 849 191 912 si
207 869 292 934 opus
306 847 412 929 fuerit,
435 849 539 912 eciam
552 847 613 912 sub
631 851 785 936 expensis
800 847 964 912 facultatis
983 849 1127 936 propriis
1151 847 1288 913 eundem
1310 847 1362 912 vel
1385 848 1525 931 eosdem,

97 948 202 1012 eciam
233 969 253 1010 a
284 944 544 1034 quibuscunque,
572 948 648 1012 totis
678 947 803 1014 viribus
832 947 1000 1012 defensare
1029 957 1076 1030 et,
1106 957 1260 1035 qnantum
1290 949 1325 1012 in
1353 971 1391 1012 eo
1420 947 1526 1031 tirerit,

99 1067 294 1112 assecurare
315 1067 458 1111 necnon
480 1045 622 1112 totaliter
643 1046 829 1134 exbrigare.
1551 1058 1567 1112 5

578 1219 626 1280 16.
653 1230 701 1277 nn
723 1230 878 1278 axsnma
901 1215 1051 1278 nonun¹

181 1345 267 1410 Item
281 1344 417 1430 quilibet
430 1345 660 1430 magistrorum
676 1344 718 1412 ds
732 1345 866 1412 consilio
877 1345 1050 1428 facriltatis,
1068 1369 1127 1433 per
1141 1343 1299 1410 decanum
1320 1347 1354 1410 in
1375 1347 1525 1411 examine

96 1467 226 1510 morum
246 1445 434 1528 requisitus,
456 1452 582 1510 tenetur
603 1444 749 1510 revelare
771 1467 923 1510 excessus
944 1444 1104 1510 notabiles
1126 1453 1159 1508 et
1178 1445 1429 1510 insufficiencias
1449 1467 1523 1532 pro-

100 1542 348 1626 movendorum,
371 1545 400 1608 si
422 1541 485 1608 sibi
506 1555 665 1627 constant,
688 1545 748 1610 sub
769 1567 826 1610 suo
847 1545 1037 1626 iuramento,
1057 1546 1112 1632 qui
1133 1545 1166 1607 in
1188 1545 1406 1610 confusionem
1427 1543 1526 1608 facul

99 1645 178 1708 tatis
200 1663 339 1728 vergere
362 1653 504 1729 possent
1539 1653 1570 1709 10

167 1833 217 1893 17.
251 1841 462 1890 suessanae
484 1843 566 1892 anor
592 1845 734 1894 onnam
755 1843 1011 1894 nsa1sunsru1s
1030 1843 1120 1892 soar
1142 1809 1283 1892 uxsnnn
1306 1842 1469 1891 rannone

615 1943 835 1994 sumserorus
856 1943 1019 1992 irsoaun.

124 2060 351 2125 Iuramentum
373 2060 479 2144 primo
500 2057 628 2144 legatur
648 2059 689 2125 de
709 2058 901 2126 obediencia
922 2070 953 2124 et
974 2060 1162 2124 reverencia
1184 2065 1216 2122 et
1237 2057 1411 2144 posthaec
1433 2057 1511 2123 alia:

182 2207 280 2293 „Ego
308 2208 356 2271 .N.
385 2209 456 2274 iuro
486 2207 580 2276 vobis
611 2208 735 2276 decano
765 2220 796 2275 et
824 2211 941 2276 vestris
973 2207 1213 2274 successoribus
1249 2209 1473 2274 reverenciam
1499 2216 1531 2274 et

100 2306 324 2375 obedientiam
343 2306 495 2373 inlicitis
519 2319 551 2373 et
570 2308 733 2393 honestis,
756 2321 788 2376 et
809 2333 940 2375 servare
963 2319 1083 2373 statuta
1104 2317 1136 2373 et
1158 2307 1331 2373 statuenda
1350 2330 1409 2394 pro
1432 2331 1529 2394 posse
1542 2318 1572 2372 15

100 2419 133 2473 et
152 2428 271 2490 nosse,
294 2415 326 2470 et
348 2429 526 2494 procurare
554 2408 676 2474 bonum
704 2410 878 2475 facultatis.
928 2408 984 2474 Sic
1011 2429 1061 2472 me
1087 2407 1167 2472 deus
1196 2407 1329 2472 adiuvet
1356 2415 1389 2471 et
1417 2417 1530 2474 sanda

99 2507 153 2572 dei
183 2505 418 2592 evangelia.“²

186 2605 288 2692 „ltem
308 2627 368 2692 ego
389 2605 478 2688 iuro,
500 2605 587 2694 quod
616 2607 702 2672 infra
729 2631 849 2672 annum
871 2629 892 2672 a
912 2607 976 2672 fine
998 2606 1175 2688 examinis,
1197 2607 1225 2671 si
1247 2605 1410 2672 admissus
1431 2607 1533 2690 fuero,

101 2707 135 2770 in
158 2707 225 2771 ista
247 2705 460 2770 universitate
480 2707 516 2769 in
538 2704 662 2771 artibus
684 2708 829 2794 incipere
849 2707 963 2790 velim,
984 2709 1049 2772 nisi
1068 2707 1240 2772 terminum
1264 2728 1285 2770 a
1304 2705 1458 2772 facultate
1479 2705 1534 2772 ob·

102 2807 233 2872 tinuero
255 2802 466 2890 longiorem.“
1542 2813 1576 2870 20

188 2903 304 2987 „Item,
327 2904 414 2992 quod
432 2927 496 2969 non
513 2904 612 2970 velim
627 2907 771 2992 incipere
789 2908 822 2972 in
839 2905 975 2989 artibus,
997 2907 1060 2969 nisi
1082 2905 1183 2991 petito
1205 2906 1318 2970 favore
1339 2928 1360 2970 a
1380 2904 1535 2970 laenate

105 3003 232 3068 arcium
258 3013 291 3067 et
312 3003 474 3068 obtent0.“

187 3101 310 3186 „ltem,
333 3102 420 3190 quod
441 3103 527 3168 iufra
555 3103 750 3192 quindenam
778 3127 799 3167 a
827 3103 891 3168 fine
918 3104 1080 3168 examinis
1109 3101 1206 3169 velim
1234 3102 1360 3168 solvere
1387 3103 1535 3168 facultati

105 3201 190 3266 duos
213 3199 354 3266 florenos
377 3225 549 3290 rynenses,
578 3204 641 3268 nisi
669 3226 690 3268 a
714 3202 868 3268 facultate
897 3202 1066 3268 obtinuero
1095 3223 1207 3267 eorrrm
1236 3201 1457 3266 dimissionem
1483 3203 1535 3268 vel

104 3299 297 3366 dilationem
317 3301 361 3366 ad
380 3304 553 3368 terminum
574 3302 784 3388 longiorem.“
1543 3310 1576 3366 25

190 3400 308 3486 „Item,
331 3401 417 3489 quod
437 3403 535 3467 velim
557 3400 682 3466 solvere
703 3423 802 3466 unum
825 3399 981 3464 florenum
1004 3421 1065 3486 pro
1087 3397 1165 3463 fisco
1186 3400 1439 3464 universitatis.“

189 3501 308 3586 „Item,
330 3499 417 3588 quod
438 3523 502 3566 non
523 3500 623 3566 velim
645 3503 789 3588 incipere
812 3501 875 3564 nisi
897 3500 1022 3586 signeto
1044 3497 1156 3564 habito
1179 3521 1199 3562 a
1219 3499 1375 3564 decano.“

193 3600 256 3690 [ul.
282 3597 352 3686 13²]
382 3601 500 3683 „Item,
523 3600 610 3688 quod
631 3623 696 3665 non
717 3599 814 3664 velim
835 3623 855 3664 a
876 3599 1192 3664 recommendatione
1218 3597 1462 3664 licenciatorum
1484 3622 1535 3664 me

109 3702 304 3784 absentare,
325 3699 389 3764 nisi
411 3699 637 3765 rationabilem
666 3699 810 3764 habuero
839 3720 989 3781 causam,
1012 3721 1108 3785 qnam
1128 3697 1276 3763 facultati
1299 3721 1480 3786 proponam
1503 3711 1535 3764 et
1573 3723 1575 3728 ’

110 3803 261 3867 favorem
283 3798 456 3863 absenciae
476 3799 639 3864 obtineam
659 3799 700 3863 ab
722 3799 865 3863 eadem.“
1544 3807 1579 3864 ³0

195 3935 354 3995 Hiernaclt
376 3935 415 3993 ist
428 3941 499 4010 sast
521 3937 568 3994 die
588 3956 683 4014 panse
702 3936 780 3994 Seite
801 3937 861 3992 laer
879 3936 1036 4012 palaream
1058 3943 1149 3993 antea
1170 3935 1260 3993 ieisst
1282 3955 1312 3994 es
1333 3935 1451 3994 writer:

192 4047 287 4135 „Ego
310 4047 357 4114 .N.
377 4049 459 4132 iuro,
481 4048 569 4137 quod
590 4071 649 4136 per
669 4048 749 4114 duos
770 4071 873 4113 annos
894 4049 929 4111 in
943 4051 1008 4113 ista
1024 4047 1236 4113 universitate
1253 4048 1360 4134 legam
1376 4057 1409 4112 et
1426 4046 1537 4134 dispu-

108 4147 198 4232 tabo,
219 4147 283 4212 nisi
303 4170 429 4212 mecum
452 4169 549 4236 super
569 4147 633 4214 hoe
651 4150 750 4214 fuerit
769 4147 1026 4234 dispensatum.“

191 4247 310 4332 „Item,
332 4245 419 4336 quod
442 4257 563 4312 statuta
583 4256 615 4312 et
637 4247 823 4330 statuenda,
845 4269 928 4334 quae
950 4255 1025 4311 sunt
1054 4269 1114 4332 pro
1139 4244 1226 4312 bono
1252 4247 1473 4312 universitatis
1500 4269 1539 4312 ac

106 4347 274 4414 facultatis
297 4348 432 4430 arcium,
453 4345 552 4412 velim
570 4347 706 4413 firmiter
728 4347 935 4414 observare.“
1545 4355 1578 4410 3⁵

188 4447 308 4534 „Item,
330 4445 417 4532 quod
438 4448 536 4510 istum
559 4446 699 4533 gradum
720 4449 754 4512 in
774 4445 864 4511 nulla
884 4444 949 4510 alia
970 4446 1183 4510 universitate
1204 4448 1395 4511 resumam.“

189 4547 296 4633 „Item
303 4595 313 4630 ,
334 4545 420 4635 quod
442 4545 565 4610 bonum
586 4545 682 4612 huius
703 4547 924 4612 universitatis
953 4553 985 4610 et
1011 4543 1176 4610 facultatis
1203 4548 1338 4630 arcium,
1367 4545 1409 4611 ad
1429 4569 1536 4633 quem-

109 4669 237 4734 ermque
260 4655 378 4711 statum
401 4644 573 4729 devenero,
594 4645 692 4710 velim
712 4646 920 4734 procurare.“

192 4767 253 4826 Die
272 4785 367 4844 panae
387 4765 548 4826 Ritclrseite
570 4768 621 4826 des
645 4769 763 4826 Blattes
785 4765 824 4824 ist
845 4767 907 4824 laer
924 4763 1078 4842 pellicien

197 4986 208 5037 l
228 4978 423 5118 Vonvaquerer
434 4979 521 5035 Hand
533 4981 570 5035 ist
582 4978 703 5036 schwara
717 4979 904 5053 hinzngefiigt
915 4980 956 5034 cd
964 4977 1148 5048 emensam,
1164 4978 1190 5033 d.
1209 4978 1228 5032 i.
1245 4980 1340 5048 wad
1354 4979 1537 5051 tarpeaim,
1582 5013 1586 5018 -

108 5067 164 5140 vgl.
184 5071 274 5122 unwu
362 5103 369 5132 ‚
387 5068 427 5120 11.

192 5155 209 5206 2
227 5147 365 5204 Daneben
377 5163 422 5202 am
432 5147 544 5202 Raude:
564 5147 739 5203 ὒαεσαῑανίω
750 5148 866 5204 derisa
874 5146 1063 5202 namara
1071 5145 1117 5201 tic
1130 5147 1305 5202 mondus
1320 5163 1409 5274 coquos
1425 5148 1537 5203 aerea

1300 5238 1340 5300 26
