3794 6066
706 427 826 476 Libellus
841 427 999 478 formulario.
1506 430 1564 494 133

143 613 205 674 102.
229 601 291 693 [Βί.
311 603 384 694 49⁸]
417 625 535 673 sonus
557 623 713 672 manant
733 622 872 672 acarna
893 625 1122 676 smuaroauu
1141 627 1186 676 ac
1206 627 1364 676 monna
1384 624 1566 674 nae1ruuu

245 723 489 773 mosenurmu
509 723 716 772 nnna'ronns
737 723 805 770 rsa
824 723 989 774 noumnu
1009 725 1199 775 sacrorum
1220 725 1455 776 suouunesna

218 853 305 920 Onm
334 856 510 921 secundum
536 853 840 920 iurisconsultorum
868 857 1059 922 sententiam
1086 859 1130 940 is,
1159 859 1214 944 qui
1242 857 1363 923 illicitis
1384 856 1567 944 insignibus

137 965 192 1019 aut
211 953 361 1019 vestibus
382 978 439 1020 suo
460 955 558 1020 statui
578 955 711 1018 minime
728 954 980 1040 congruentibus
997 957 1107 1038 utitur,
1129 959 1253 1022 crimen
1269 955 1345 1022 falsi
1361 956 1461 1042 (quod
1474 955 1564 1041 leges

137 1077 196 1142 pro
231 1053 370 1119 admissi
401 1054 557 1142 qualitate
587 1054 782 1140 gravissime
809 1054 1008 1140 puniendum
1035 1063 1238 1134 censuerunt)
1269 1058 1470 1122 committere
1498 1063 1589 1120 noni

138 1153 339 1240 ambigatur,
369 1163 400 1218 et
425 1153 582 1218 birretum
607 1151 737 1218 habitus
767 1154 808 1217 sit
834 1174 900 1218 non
932 1153 1062 1242 quidem
1091 1154 1286 1221 scholarium
1316 1177 1430 1220 verum
1454 1156 1564 1242 potius

138 1253 309 1318 doctorum
330 1251 506 1317 conditioni
526 1254 686 1336 statuique
709 1273 900 1337 congruens,
922 1250 1069 1341 ideoque,
1092 1275 1133 1318 ne
1156 1254 1319 1320 scholares
1341 1253 1436 1320 huius
1459 1253 1565 1319 almae

137 1351 370 1433 universitatis,
392 1351 516 1416 birreta
537 1353 604 1416 suis
625 1349 762 1414 statibus
783 1349 872 1415 haud
892 1354 1104 1438 congruentia
1118 1352 1307 1437 deferentes,
1330 1375 1469 1440 poenam
1487 1352 1563 1418 falsi

137 1461 167 1514 et
192 1453 362 1536 signanter
388 1471 528 1537 poenam
556 1450 684 1530 statuti,
714 1448 911 1514 birretorum
943 1473 982 1516 ac
1010 1450 1147 1518 aliorum
1175 1451 1393 1541 quorumlibet
1411 1452 1561 1517 indecen-

137 1551 214 1614 tium
241 1548 413 1614 habituum
439 1547 636 1614 delationem
662 1547 880 1634 prohibentis,
908 1550 1072 1634 incidant,
1099 1551 1147 1616 .N.
1170 1550 1210 1616 de
1230 1552 1277 1617 .N.
1297 1560 1403 1616 rector
1425 1550 1603 1616 mandath

138 1649 285 1716 omnibus
308 1657 341 1713 et
362 1647 498 1733 singulis
518 1647 713 1713 baccalariis
736 1657 767 1712 et
789 1648 991 1715 studentibus
1013 1651 1236 1716 universitatis
1258 1649 1419 1734 eiusdem,
1454 1658 1565 1738 quate-

137 1771 194 1813 nus
225 1747 334 1813 nullus
370 1748 517 1833 ipsorum
549 1746 703 1832 deinceps
732 1746 889 1812 birretum
920 1771 976 1814 seu
998 1771 1222 1838 quemcunque
1243 1749 1341 1815 alium
1363 1749 1565 1816 indecentem

137 1848 282 1913 habitum
313 1845 444 1933 publice
474 1845 600 1910 deferre
629 1855 825 1932 praesumat.
868 1845 935 1912 Sub
957 1871 1063 1936 poena
1085 1871 1125 1914 .x.
1150 1871 1338 1935 grossorum
1357 1849 1565 1913 universitati

136 1948 268 2030 tociens,
288 1946 437 2032 quotiens
455 1945 652 2010 contrarium
673 1944 781 2011 facere
796 1949 1063 2034 praesumpserit,
1086 1947 1355 2014 irremissibiliter
1376 1945 1563 2035 persolven-

138 2045 261 2111 dorum.
301 2043 428 2109 Datum
450 2053 509 2108 etc.
1445 2091 1451 2100 ·
1574 2055 1605 2110 15

219 2248 288 2312 103.
319 2246 476 2306 Hieraacls
498 2266 564 2304 war
585 2247 719 2306 daasclbs
740 2248 873 2306 Mandat
894 2248 1044 2308 aochmala
1067 2247 1302 2326 abpeschriebea,
1323 2247 1460 2306 wdrtlich
1479 2247 1564 2306 iiber·

137 2347 340 2406 einstimmead
361 2339 437 2429 (aar
456 2347 528 2404 dass
548 2355 621 2404 elatt
644 2342 947 2408 iurisconsultorum
958 2348 1148 2424 aeschriebca
1166 2348 1204 2406 ist
1219 2343 1479 2430 iurisperitorum
1501 2347 1565 2404 und

138 2449 189 2505 der
217 2446 341 2504 Scitam
366 2465 426 2503 aaa
454 2444 709 2528 praesumpserit
736 2465 777 2504 aa
797 2441 910 2525 fehlt);
941 2447 1092 2506 Iohannes
1121 2447 1219 2506 Fabri
1246 2447 1340 2505 strich
1367 2447 1462 2505 daher
1488 2444 1567 2504 dices

136 2546 233 2604 awdtc
254 2544 424 2618 Adschrist,
453 2545 501 2604 Bt.
520 2543 595 2616 491’,
617 2546 712 2604 durch
740 2545 804 2603 aad
825 2543 938 2603 scarico
970 2545 1021 2604 mit
1046 2547 1148 2605 rather
1180 2547 1266 2604 Tiate
1292 2548 1342 2607 Bl.
1366 2547 1425 2608 49⁸
1454 2553 1566 2602 antea:

136 2639 281 2728 Sequens
303 2639 409 2704 forma
429 2649 525 2705 vacat
547 2648 578 2704 et
599 2637 783 2726 superfluit,
813 2661 886 2704 cum
914 2640 949 2704 in
977 2641 1092 2706 effectu
1114 2642 1156 2707 sit
1177 2640 1292 2707 eadem
1314 2662 1389 2706 cum
1413 2640 1609 2729 proximem

137 2737 356 2827 praecedenti.

149 2996 214 3056 104.
250 3005 392 3054 course
414 3003 661 3053 nsenerauras
683 3003 752 3052 aur
776 3003 890 3053 secun
911 3005 1132 3054 narnienses
1154 3005 1332 3056 rassoass
1352 3003 1556 3054 semensas

682 3103 751 3150 aar
772 3103 1018 3162 Paoscnrrrss.

217 3237 272 3302 Ex
296 3235 522 3302 commissione
542 3234 677 3299 illustris
699 3233 858 3321 principis
881 3245 913 3300 et
934 3236 1054 3300 domini
1068 3245 1128 3299 etc.
1142 3235 1190 3301 .N.
1201 3245 1308 3301 rector
1318 3233 1453 3302 mandat
1468 3236 1568 3302 omni·

135 3338 196 3403 bus
218 3347 253 3402 et
275 3320 413 3422 singulis
435 3335 655 3399 universitatis
678 3331 822 3398 eiusdem
844 3337 1038 3420 suppositis,
1061 3334 1240 3399 districtius
1262 3333 1458 3418 inhibendo,
1490 3342 1610 3420 qua-25

136 3449 228 3502 tenus
258 3433 383 3499 nullum
409 3435 554 3520 ipsorum
583 3431 670 3520 [50⁸]
699 3455 874 3519 personam
898 3432 949 3498 vel
979 3455 1147 3520 personas,
1173 3442 1308 3520 propter
1332 3455 1390 3497 sua
1412 3432 1569 3498 demerita

138 3548 168 3603 et
187 3557 344 3604 excessus
367 3531 410 3597 ab
431 3532 492 3597 hoc
513 3531 633 3618 oppido
655 3532 707 3598 vel
729 3531 859 3598 aliunde
880 3535 1098 3620 proscriptam
1119 3531 1171 3598 vel
1192 3534 1413 3620 proscriptas,
1443 3533 1566 3618 relega·

137 3647 201 3702 tam
223 3634 277 3700 vel
300 3632 480 3718 relegatas,
504 3655 560 3696 seu
582 3654 654 3697 eum
674 3632 726 3696 vel
749 3655 821 3716 eos,
848 3656 941 3721 quem
964 3631 1017 3698 vel
1038 3655 1119 3720 quos
1141 3633 1281 3720 praefati
1304 3631 1427 3697 domini
1448 3631 1567 3718 princi-

136 3739 187 3824 pis
208 3733 469 3819 indignationem
491 3733 666 3796 incurrisse
689 3733 886 3816 constiterit,
909 3734 1127 3820 cuiuscunque
1151 3731 1364 3815 conditionis,
1396 3754 1494 3797 sexus
1515 3729 1568 3794 vel

138 3845 240 3902 status
260 3833 359 3897 fuerit
378 3843 435 3896 aut
453 3831 588 3912 scierint,
610 3832 753 3918 hospitio
774 3833 936 3919 recipere,
963 3855 1076 3896 mensa
1096 3833 1222 3914 fovere,
1254 3830 1450 3913 conducere,
1480 3837 1610 3894 asso-30

139 3938 224 4001 ciere
251 3943 309 3998 aut
336 3932 370 3996 in
399 3929 601 3995 habitatione
631 3953 739 3995 secum
768 3940 878 3996 tenere
899 3931 952 3996 vel
974 3930 1077 3995 eidem
1102 3940 1158 3995 aut
1180 3930 1302 3995 eisdem
1323 3927 1566 4014 quomodolibet

138 4033 328 4100 conversari
350 4039 548 4116 praesumat.
591 4029 659 4094 Sub
681 4035 788 4116 poena
810 4053 852 4094 ar.
873 4030 984 4095 floren.
1005 4040 1061 4094 aut
1075 4029 1273 4095 exclusionis
1287 4028 1328 4127 ab
1346 4030 1567 4093 universitate.

140 4135 262 4200 Datum
284 4140 344 4198 etc.

441 4333 507 4396 105.
538 4343 720 4394 mrmsrro
743 4344 812 4393 rao
833 4345 924 4392 anna
946 4341 1270 4392 nooromunoauu.

221 4479 308 4548 Ores
328 4479 363 4544 in
385 4479 546 4566 principio
568 4477 668 4542 horae
691 4501 730 4542 .n.
753 4477 801 4542 .N.
819 4476 859 4541 de
872 4475 929 4558 .N.,
942 4475 1058 4539 artium
1072 4475 1238 4560 magister,
1258 4471 1439 4538 medicinae
1454 4470 1568 4536 doctor
1576 4480 1609 4535 35

139 4581 348 4666 eiusdemque
368 4577 531 4644 facultatis
553 4574 707 4657 decanus,
728 4575 853 4641 tenebit
873 4573 982 4640 aulam
1003 4595 1064 4659 pro
1085 4571 1320 4660 spectabilibus
1343 4580 1375 4637 et
1397 4579 1565 4658 praestan·

138 4679 222 4746 tibus
245 4679 343 4760 viris,
366 4677 495 4742 domino
516 4679 565 4743 .N.
589 4686 621 4741 et
642 4675 772 4742 domino
794 4675 860 4756 .N.,
881 4675 1001 4738 artium
1022 4673 1188 4758 magistris
1211 4683 1242 4738 et
1263 4670 1437 4738 licentiatis
1459 4670 1493 4732 in
1514 4689 1568 4732 ea·

140 4779 213 4844 dem
234 4776 419 4843 medicinae
439 4776 603 4842 facultate.

725 4873 764 4938 In
786 4872 923 4938 ccclesia
944 4871 1048 4935 sancti
1070 4868 1207 4934 Nicolsi.
