3794 6066
688 453 808 510 Libellus
829 455 988 512 immolaris.
1499 455 1553 525 131

129 659 216 719 mus,
247 635 390 722 ideoque
416 634 501 725 [461‘]
529 639 719 722 affectuose,
744 649 900 726 quantam
923 661 1111 726 possumus,
1140 663 1198 706 vos
1227 661 1337 704 omnes
1359 649 1392 703 et
1412 638 1556 725 singulos

129 757 286 822 rogamus
311 745 345 800 et
365 737 584 820 exhortamur,
605 751 762 823 quatenus
783 739 920 804 eundem
941 742 1132 824 magistrum
1153 739 1330 803 Iohannem
1349 747 1417 802 tam
1436 740 1469 802 in
1482 759 1557 802 eun·

130 835 170 900 do
190 855 294 924 quam
319 838 417 900 etiam
437 838 471 900 in
491 835 656 902 redeundo
676 847 807 902 nostrae
829 837 1110 924 contemplationis
1124 839 1242 904 intuitu
1256 840 1399 924 gratiose
1411 837 1558 923 recipere

130 945 160 998 ct
179 933 370 1000 humaniter
388 943 591 1021 pertrectare
613 935 738 1020 sibique
757 935 791 1000 in
811 935 1064 1002 adversitatibus
1085 947 1116 1001 et
1135 935 1383 1002 necessitatibus
1406 937 1473 1000 suis
1490 937 1559 1023 qui·

130 1033 324 1118 buseunqne
351 1033 574 1098 favorabiliter
601 1036 753 1099 assistere
777 1057 904 1100 necnon
931 1045 1041 1100 vestra
1063 1036 1219 1118 dominia,
1247 1045 1368 1118 terras,
1397 1036 1583 1116 civitates,5

132 1130 273 1219 oppida,
297 1141 422 1215 castra,
441 1131 555 1216 villas,
577 1155 712 1220 passus,
733 1143 862 1220 portus,
885 1146 1014 1221 pontes,
1043 1133 1225 1217 districtus,
1252 1133 1416 1197 territoria
1438 1143 1470 1197 et
1494 1131 1559 1197 alia

132 1229 203 1296 loca
225 1253 302 1294 cum
325 1231 432 1317 equis,
453 1231 551 1296 rebus
573 1242 605 1296 et
624 1231 719 1296 bonis
742 1233 888 1298 eiusdem
909 1235 978 1298 sine
998 1233 1146 1320 pedagii,
1170 1233 1265 1315 datii,
1288 1233 1450 1318 passagii,
1471 1231 1559 1296 theo-

130 1329 225 1412 lonii,
256 1339 385 1412 mutae,
415 1329 563 1416 gabellae
590 1339 647 1395 aut
673 1333 891 1420 cuiuscunque
919 1331 1051 1396 alterius
1077 1335 1184 1396 oneris
1204 1332 1256 1396 vel
1279 1331 1480 1417 gravaminis
1504 1351 1559 1394 ex·

130 1432 258 1494 actione
281 1428 402 1512 libere,
425 1451 536 1494 secure
558 1441 590 1495 ct
612 1431 681 1495 sine
700 1429 932 1516 impedimento
953 1431 1017 1514 ire,
1050 1439 1137 1494 stare
1158 1441 1190 1495 ct
1211 1431 1253 1496 ad
1275 1453 1333 1496 nos
1356 1430 1462 1494 redire
1486 1451 1558 1514 per·

130 1531 258 1594 mittere
293 1525 436 1612 sibique,
463 1531 610 1616 quotiens
640 1529 794 1616 expedire
814 1527 994 1612 videbitur,
1022 1527 1063 1593 de
1091 1527 1181 1594 salvo
1209 1541 1241 1593 et
1263 1551 1375 1593 securo
1397 1527 1557 1593 conductu
1570 1537 1601 1591 10

132 1637 293 1714 oportune
315 1626 488 1713 providere
509 1628 627 1693 velitis.
669 1628 708 1692 In
736 1650 799 1715 quo
827 1627 921 1694 nobis
944 1627 1210 1714 complacentiam
1232 1625 1427 1692 exhibebitis
1450 1627 1558 1710 singu-

130 1725 248 1809 larem,
284 1724 448 1811 condigna
480 1725 706 1792 vicissitudine
733 1745 813 1791 casu
840 1747 875 1791 se
902 1727 1055 1792 offerente
1082 1725 1404 1816 recompensandam.
1452 1725 1560 1789 Datae

132 1825 262 1912 Lipcnk
285 1833 467 1888 rectoratus
488 1829 590 1891 nostri
614 1825 674 1890 sub
695 1825 801 1911 sigillo
821 1835 881 1890 etc.
1558 1815 1563 1826 ’

444 1995 493 2057 98.
527 2007 629 2056 corn
651 2008 878 2056 siracusanus
901 2007 1242 2057 cumocxsrxnuruu.

213 2119 289 2208 Ego
321 2119 371 2185 .N.
399 2121 439 2186 de
468 2121 517 2187 .N.
544 2145 743 2210 recognosco
770 2123 833 2190 hac
854 2146 927 2188 mea
948 2145 1046 2188 mauu
1067 2125 1219 2211 propris,
1247 2146 1299 2188 me
1320 2123 1405 2188 iusto
1427 2133 1460 2188 et
1480 2121 1557 2208 legi·
1571 2131 1601 2185 tt

137 2223 213 2288 timo
235 2219 330 2286 titulo
351 2217 490 2308 obligari
510 2219 758 2288 commendabili
780 2225 852 2288 viro
874 2221 1004 2287 domino
1019 2219 1078 2304 .N.,
1100 2223 1218 2286 artium
1239 2223 1406 2308 magistro,
1428 2244 1488 2307 pro
1505 2243 1560 2284 ex·

134 2323 244 2410 peusis
267 2330 301 2386 et
321 2317 395 2384 aliis
418 2318 647 2403 accomodatis,
670 2343 709 2384 ac
730 2322 897 2406 signanter
917 2320 960 2385 ad
976 2318 1116 2406 gradum
1130 2319 1370 2385 baccalariatus
1387 2322 1422 2384 in
1435 2317 1558 2383 artibus

134 2425 167 2486 in
187 2429 342 2510 prompto
364 2421 532 2502 mutuatis,
554 2443 592 2484 .n.
614 2419 724 2484 floren.
744 2421 778 2483 in
800 2441 896 2501 auro,
922 2415 1005 2506 [47⁸]
1030 2443 1109 2508 quos
1132 2419 1289 2508 polliceor
1310 2443 1361 2484 mo
1384 2419 1452 2484 sine
1471 2419 1559 2483 omni

135 2521 340 2608 exceptione,
372 2515 542 2600 dilatione,
583 2516 701 2582 damno
733 2529 780 2582 et¹
795 2521 946 2606 expensis
978 2529 1033 2583 aut
1067 2541 1257 2608 quacunque
1290 2519 1560 2604 tergiversatione

134 2619 283 2706 praelato
305 2619 464 2703 magistro
487 2627 543 2681 aut
564 2617 668 2700 alteri,
688 2617 751 2682 hoo
772 2617 1024 2704 chirographum
1037 2641 1143 2684 meum
1159 2619 1315 2701 offerenti,
1338 2639 1437 2704 super
1449 2617 1603 2703 proxi-20

135 2721 194 2783 mis
216 2716 372 2782 nundinis
394 2714 602 2804 paschalibus
623 2716 755 2781 realiter
778 2726 809 2781 et
831 2739 904 2782 cum
917 2718 1115 2804 gratitudine
1127 2717 1366 2805 persoluturum
1380 2716 1440 2781 sub
1456 2738 1561 2803 poena

136 2819 271 2904 periurii
292 2826 326 2880 et
346 2839 387 2880 .x.
401 2815 481 2898 flor,
501 2816 706 2880 universitati
727 2817 891 2901 praesenti
913 2817 982 2881 sine
996 2817 1252 2882 contradictione
1265 2815 1560 2905 persolvendorum.

137 2913 264 2996 Quodsi
290 2917 326 2980 in
355 2913 512 2980 solutione
533 2923 722 3001 praetactae
743 2938 888 2981 summae
908 2915 1077 3001 negligens
1098 2925 1282 3003 compertus
1304 2917 1394 2981 lucro
1416 2924 1447 2979 et
1467 2937 1561 3002 prae-

134 3013 219 3081 fatus
249 3015 408 3101 magister
436 3013 483 3078 .N.
511 3036 572 3100 per
599 3035 634 3076 se
661 3011 714 3078 vel
741 3036 801 3101 per
831 3013 929 3078 alium
956 3015 1127 3079 occasione
1155 3037 1247 3079 meae
1269 3014 1487 3100 negligentiae
1510 3012 1562 3077 vel

135 3139 198 3180 non
219 3113 391 3180 solutionis
415 3111 540 3198 aliquas
561 3133 721 3199 expensas
743 3111 860 3177 litteris
883 3122 938 3176 aut
957 3115 1078 3177 nuntiis
1099 3113 1228 3196 fecerit,
1250 3113 1357 3198 obligo
1379 3135 1432 3177 me
1451 3113 1602 3176 huius-25

135 3213 222 3279 modi
253 3231 417 3299 expensas
446 3233 518 3275 cnm
539 3210 714 3298 principali
736 3233 863 3276 summa
884 3221 1054 3298 praetacta
1076 3213 1144 3276 sine
1167 3213 1253 3276 omni
1276 3214 1465 3298 exceptione
1487 3211 1561 3276 effe-

136 3311 287 3378 ctualiter
316 3309 504 3376 soluturum.
543 3309 581 3374 In
610 3307 726 3396 quibus
752 3309 900 3374 omnibus
927 3320 958 3374 et
981 3308 1117 3395 singulis
1144 3311 1333 3396 praemissis
1359 3311 1507 3374 renuntio
1529 3319 1562 3372 et

135 3413 264 3498 resigno
286 3410 375 3474 omni
396 3409 459 3473 iuri
480 3417 511 3472 et
531 3409 741 3492 immunitati,
763 3407 945 3496 privilegiis
969 3431 1007 3472 ac
1029 3407 1289 3492 defensionibus,
1319 3419 1387 3472 tarn
1409 3410 1561 3496 spiritua-

135 3508 219 3574 libus
244 3529 343 3594 quam
366 3505 596 3590 saecularibus,
618 3529 699 3594 quas
718 3531 870 3596 umquam
894 3507 1016 3572 habere
1039 3507 1091 3572 vel
1111 3510 1288 3597 impetrare
1301 3531 1433 3595 possum
1447 3521 1479 3572 ct
1493 3508 1562 3594 qui-

136 3607 196 3674 bus
218 3616 276 3672 aut
297 3605 339 3670 de
357 3608 427 3670 iure
448 3617 504 3670 aut
524 3606 565 3672 de
585 3606 672 3672 facto
695 3617 807 3673 contra
828 3607 909 3672 haec
931 3609 1136 3695 praescripta
1158 3611 1242 3674 tueri
1265 3607 1409 3674 valerem
1430 3617 1486 3672 aut
1506 3606 1605 3670 de-30

137 3705 243 3788 leudi,
272 3704 455 3790 habeatque
485 3715 763 3792 praememoratus
793 3708 950 3794 magister
971 3717 1027 3771 aut
1049 3709 1242 3797 quicumque
1262 3708 1355 3789 alius,
1376 3705 1438 3772 hoo
1459 3707 1562 3771 chiro-

138 3805 301 3893 graphum
323 3823 431 3868 meum
460 3804 607 3888 offerens,
638 3808 738 3870 etiarn
767 3808 837 3871 sine
859 3806 992 3892 speciali
1015 3807 1168 3873 mandato
1191 3807 1325 3874 eandem
1349 3809 1508 3870 actionem
1529 3807 1562 3869 in

138 3915 290 3991 parentes
320 3901 374 3966 vel
405 3902 540 3967 heredes
572 3927 678 3988 meos,
712 3927 791 3992 quos
820 3925 931 3970 omnes
959 3915 992 3970 et
1018 3907 1161 3993 singulos
1189 3907 1336 3973 similiter
1357 3904 1431 3970 volo
1454 3915 1565 3970 tenore

140 4003 361 4091 praesentium
387 4003 563 4067 secundum
592 4003 722 4068 modum
750 4001 834 4089 [lib]
863 4013 895 4068 ct
913 4005 1051 4070 formam
1072 4009 1293 4093 praescriptos
1315 4005 1359 4070 ad
1380 4002 1565 4070 huiusmodi

140 4101 332 4170 solutionem
362 4099 502 4187 obligari
527 4111 624 4189 atque
653 4104 839 4188 constringi.
881 4103 919 4167 ln
946 4126 1081 4191 quorum
1110 4103 1217 4188 fidem,
1245 4103 1346 4168 robur
1369 4127 1408 4169 ao
1430 4103 1564 4169 evidens
1573 4111 1607 4166 35

140 4201 361 4268 testimonium
387 4221 542 4287 praesens
572 4223 678 4266 meum
709 4201 961 4288 chirographum
988 4201 1093 4268 almae
1122 4205 1344 4268 universitatis
1374 4203 1565 4290 Liparensis

140 4310 321 4366 rectoratus
343 4297 448 4385 sigillo
471 4301 663 4366 communiri
683 4299 846 4366 humiliter
868 4302 971 4389 petivi
993 4322 1032 4365 ac
1052 4303 1234 4390 impetravi.
1275 4301 1384 4368 Datae
1406 4323 1490 4368 anno
1507 4300 1563 4366 do-

140 4400 216 4466 mini
236 4409 298 4464 etc.

311 4567 363 4629 aa
394 4581 514 4630 rosus
535 4579 676 4630 amram
697 4581 745 4631 nn
766 4582 903 4632 suanno
925 4583 1043 4632 arras
1063 4581 1155 4632 noca
1176 4583 1392 4634 arenosam.

222 4695 292 4762 Nos
313 4693 362 4761 .N.
384 4705 442 4762 etc.
464 4706 572 4762 rector
600 4707 711 4762 tenore
733 4699 952 4784 praesentium
973 4697 1103 4785 publice
1124 4697 1328 4786 indulgemus
1341 4703 1367 4783 ¹,
1389 4709 1425 4764 ut
1447 4699 1607 4763 disere-so

141 4803 192 4862 tus
214 4795 265 4862 .N.
290 4795 332 4859 de
354 4795 412 4880 .N.,
432 4794 539 4860 dictae
558 4807 689 4862 nostrae
712 4799 934 4864 universitatis
956 4797 1146 4880 membrum,
1165 4809 1259 4864 extra
1281 4799 1418 4884 collegia
1440 4809 1471 4862 et
1492 4797 1564 4862 bur-

144 4916 196 4962 sas
223 4893 427 4982 approbatas
454 4897 550 4960 certis
577 4893 826 4962 rationabilibus
853 4920 894 4962 ex
916 4897 1033 4980 causis,
1056 4919 1165 4962 coram
1187 4898 1280 4964 uobis
1302 4897 1488 4985 propositis,
1511 4895 1566 4960 ab·

208 5113 220 5164 l
242 5109 297 5163 Aur
318 5108 428 5164 Raude:
439 5113 579 5180 sonuum.

1355 5199 1397 5262 9*
