3788 6078
336 467 397 536 588
849 475 900 530 uta
918 478 1104 532 nonensem
1121 477 1249 530 nanas.

423 657 469 722 16.
493 653 575 719 Item
602 655 635 722 in
664 657 866 725 examinibus
893 660 1055 726 facultatis
1081 660 1263 727 medicinae
1290 683 1349 748 pro
1372 657 1587 726 licenciatura
1607 657 1659 725 vel
1684 659 1748 725 bac·

336 750 497 918 fflpraitqtru
526 755 680 822 admissio
710 768 742 822 et
767 759 904 826 reieeoio
930 760 1066 827 alicuius
1095 759 1271 826 secundum
1299 759 1517 847 pluralitatem
1544 781 1659 826 vocum
1685 781 1749 825 con·

424 959 469 1019 17.
487 905 575 1019 'Item
602 977 706 1043 neque
731 956 892 1025 licenciati
918 959 1082 1025 faetrltatis
1105 959 1285 1026 medicinae
1306 979 1410 1046 neque
1429 957 1609 1024 baccalarii
1631 959 1750 1025 medici·

295 1057 312 1114 5
337 1072 399 1115 nae
421 1049 539 1118 debent
558 1075 629 1120 esse
651 1078 723 1122 cum
744 1058 877 1125 consilio
898 1059 1063 1124 facultatis
1083 1057 1273 1124 medicinae.

424 1175 470 1237 18.
497 1167 578 1234 Item
610 1171 745 1256 quilibet
774 1175 987 1241 assumendus
1018 1175 1060 1240 ad
1092 1174 1278 1242 facultatem
1308 1173 1489 1240 medicinae
1516 1195 1557 1239 ac
1584 1174 1687 1240 eciam
1714 1173 1750 1240 ad

338 1267 506 1334 eonsilium
526 1269 691 1336 facultatis
711 1273 796 1338 eius¹
816 1274 937 1340 iurabit
959 1275 1081 1342 decano
1100 1275 1264 1340 facultatis
1282 1273 1477 1340 medicinae:
1505 1271 1600 1358 „Ego
1622 1274 1671 1338 .N.
1689 1275 1751 1340 iuro

335 1365 429 1431 vobis
451 1366 574 1434 decano
596 1379 628 1434 et
649 1373 766 1437 vestris
789 1373 1031 1440 successoribus
1053 1375 1273 1439 reverenciam
1296 1383 1328 1438 et
1355 1371 1579 1438 obedienciam
1605 1373 1639 1437 in
1664 1372 1751 1438 licitis

337 1473 369 1530 et
388 1463 541 1552 honestis,
569 1480 602 1534 et
629 1493 761 1536 servare
790 1483 911 1538 statuta
939 1485 970 1538 et
998 1474 1179 1556 statuenda,
1206 1495 1290 1560 qnae
1316 1480 1444 1537 suntet
1467 1471 1752 1558 eruntpcrfacul·

296 1571 437 1630 lotatem
459 1567 651 1656 approbata,
681 1581 712 1636 et
733 1593 910 1658 procurare
930 1572 1049 1640 bonum
1070 1573 1235 1640 facultatis
1257 1569 1445 1654 medicinae,
1474 1570 1517 1636 ad
1538 1593 1751 1658 quemcunque

337 1673 456 1730 statum
478 1666 650 1735 devenero.
689 1668 745 1734 Sic
766 1693 818 1736 me
840 1671 919 1737 daus
941 1672 1073 1738 adiuvet
1092 1683 1124 1738 et
1146 1681 1260 1738 sancta
1280 1671 1350 1736 eius
1372 1669 1581 1756 ewangelia“

420 1788 467 1847 19.
489 1782 570 1849 Item
598 1785 732 1873 quilibet
754 1787 971 1854 doctoraudus
997 1792 1031 1854 in
1057 1789 1217 1854 medicina
1245 1787 1332 1852 infra
1358 1788 1499 1873 primum
1521 1807 1665 1852 mensem
1686 1799 1751 1874 post

337 1904 428 1947 suam
462 1885 701 1970 promocionem
732 1885 893 1952 tenebitur
926 1887 1006 1953 dare
1040 1887 1083 1954 ad
1113 1888 1226 1954 fiscum
1258 1885 1422 1951 facultatis
1453 1895 1593 1971 quatuor
1623 1885 1751 1952 florenos

334 2003 489 2046 rmenses.

297 2088 327 2146 15
420 2085 470 2146 20.
497 2081 576 2148 Item
609 2083 744 2169 quilibet
775 2085 1045 2152 baccalariandus
1077 2088 1111 2152 in
1142 2086 1304 2152 medicina
1333 2084 1421 2149 infra
1450 2085 1591 2171 primum
1620 2105 1752 2148 mensem

335 2191 520 2267 postauam
543 2185 784 2268 promocionem
805 2185 966 2252 tenebitur
990 2186 1069 2252 dare
1096 2185 1138 2251 ad
1166 2185 1280 2250 fiscum
1307 2183 1471 2250 facultatis
1498 2182 1597 2248 duos²
1623 2183 1753 2248 florenos

333 2303 490 2347 nnenses.

418 2386 468 2447 21.
490 2379 572 2446 Item
600 2382 736 2471 quilibet
763 2395 930 2472 promotus
952 2387 987 2451 in
1013 2385 1080 2450 alia
1101 2385 1311 2450 universitate
1340 2384 1374 2446 in
1396 2380 1562 2445 doctorem
1584 2379 1670 2443 infra
1696 2380 1753 2466 pri·

335 2503 422 2546 mum
442 2503 585 2545 mensem
607 2493 683 2568 post
708 2505 799 2548 suam
828 2487 1088 2572 assumpcionern
1117 2483 1160 2548 ad
1186 2483 1371 2548 facultatem
1393 2479 1574 2545 medicinae
1601 2477 1754 2544 tenebitur

293 2579 416 2645 todare
445 2578 631 2644 duodecim³
657 2582 797 2648 florenos
826 2585 971 2650 rinenses
1002 2586 1045 2666 (si
1071 2595 1119 2649 est
1140 2582 1344 2648 baccalarius
1370 2579 1483 2660 buius3
1513 2579 1542 2642 si
1568 2600 1645 2660 non,
1672 2577 1753 2644 dabit

335 2695 420 2744 xvm
440 2678 511 2756 fl.)⁴.

418 2783 468 2844 22.
494 2777 576 2843 Item
607 2778 742 2866 quilibet
771 2793 939 2868 promotus
968 2783 1002 2845 in
1031 2781 1097 2847 alia
1126 2783 1335 2846 universitate
1365 2779 1399 2842 in
1427 2775 1649 2842 baccalarium
1678 2777 1754 2842 infra

334 2880 474 2967 primum
491 2899 633 2944 mensem
656 2889 731 2965 post
752 2903 842 2946 suam
864 2881 1123 2968 assumpcionem
1145 2880 1307 2946 tenebitur
1329 2875 1408 2942 dare
1429 2876 1473 2942 ad
1493 2875 1680 2941 facultatem
1701 2899 1754 2964 pro

335 2978 411 3044 fisco
433 3001 492 3044 suo
514 2977 613 3044 duos⁵
633 2979 966 3046 florenos'rinenses.⁶

292 3103 326 3160 25
418 3099 466 3162 23.
490 3091 535 3182 [S.
553 3093 585 3183 3]
608 3095 689 3160 Item
712 3097 952 3185 promovendus
975 3096 1017 3162 ad
1041 3095 1259 3162 baccalarium
1279 3095 1313 3158 in
1334 3091 1496 3158 medicina
1517 3101 1664 3181 tempore
1685 3116 1754 3157 suae

334 3196 552 3282 promocionis
584 3204 712 3261 tenetur
742 3195 822 3260 darc
852 3195 982 3261 famulis
1015 3196 1235 3261 universitatis
1269 3215 1369 3258 unum
1402 3191 1560 3256 florenum
1593 3195 1754 3258 rinensem.

333 3291 424 3359 Idem
445 3294 545 3360 faciat
564 3294 768 3361 baccalarius
788 3305 956 3382 promotus
976 3297 1011 3360 in
1032 3295 1097 3360 alia
1118 3293 1327 3359 universitate
1349 3301 1495 3379 tempore
1517 3315 1596 3356 suae
1617 3314 1754 3378 assump

334 3395 436 3460 cionis
459 3393 502 3458 ad
523 3394 708 3460 facultatem
731 3394 919 3460 medicinae.

417 3517 464 3578 24.
490 3511 572 3576 Item
601 3509 823 3576 licenciandus
846 3513 878 3576 in
906 3509 1117 3575 licenciatara
1141 3507 1232 3574 dabit
1259 3507 1388 3572 famulis
1415 3507 1641 3573 universitatis
1667 3529 1755 3572 unum

292 3609 492 3676 soflorenum
514 3613 683 3676 rinensem.

417 3715 465 3774 25.
488 3709 570 3775 Item
593 3709 706 3775 doctor
728 3721 894 3798 promotus
917 3711 951 3774 iu
978 3707 1044 3774 alia
1065 3707 1276 3774 universitate
1298 3705 1391 3771 dabit
1416 3705 1547 3771 famulis
1574 3707 1756 3771 universita-

335 3811 376 3874 tis
399 3819 542 3896 tempore.
564 3832 641 3876 suae
663 3811 897 3896 assumpcionis
920 3808 964 3873 ad
985 3808 1172 3873 facultatem
1193 3805 1373 3871 medicinae
1395 3805 1475 3872 duos
1497 3805 1641 3871 florenos
1660 3808 1756 3871 tinen

335 3931 397 3974 ses.
436 3907 527 3973 Idem
557 3909 656 3975 faeiat
687 3910 876 3975 licenciatus
908 3910 943 3972 in
973 3906 1038 3971 alia
1066 3907 1278 3972 universitate
1310 3915 1477 3992 promotus
1507 3915 1657 3993 tempore
1687 3927 1757 3970 suae

334 4009 570 4095 assumpcionis
594 4007 636 4074 ad
658 4009 845 4074 facultatem
867 4007 1055 4072 medicinae.

292 4135 326 4192 35
419 4131 469 4191 26.
497 4124 592 4200 (Item
621 4125 726 4192 nullus
755 4121 873 4190 babeat
900 4123 1006 4188 locum
1036 4125 1070 4188 in
1100 4122 1228 4188 actibus
1259 4120 1479 4208 solempnibus
1510 4119 1652 4208 publicis
1681 4121 1758 4185 inter

335 4224 482 4290 doctores
508 4223 698 4309 medicinae,
726 4227 789 4290 nisi
819 4224 860 4290 sit
887 4231 1071 4309 assumptus
1100 4222 1142 4287 ad
1170 4222 1354 4288 facultatem
1376 4221 1559 4286 medicinae
1589 4221 1756 4287 secundum

336 4333 456 4390 statuta
486 4324 630 4389 eiusdem
663 4324 844 4406 facultatis3
878 4343 982 4408 neque
1010 4321 1197 4387 cathedram
1226 4317 1424 4387 leccionibus
1451 4331 1507 4384 aut
1535 4320 1756 4410 disputacioni·

337 4479 533 4490 ‘aun—*-
537 4481 574 4486 —-
579 4481 587 4486 -
622 4479 627 4486 .

423 4579 432 4629 l
453 4573 507 4630 Die
525 4571 623 4626 Worte
642 4593 676 4628 ac
694 4592 731 4629 ec.
750 4575 792 4628 od
806 4591 879 4627 coos.
891 4576 956 4642 soe.
975 4572 1033 4626 αἰω
1050 4569 1145 4626 alehem
1164 4571 1216 4626 auf
1230 4572 1321 4628 Rasur
1342 4571 1399 4626 und
1419 4569 1520 4627 rohten
1537 4588 1593 4628 von
1620 4569 1757 4627 dmselben

334 4659 418 4715 Hand
435 4657 492 4726 her,
509 4656 554 4711 die
571 4673 606 4710 au
622 4663 638 4723 ᾖ
657 4663 688 4713 12
707 4659 798 4728 einige
816 4657 914 4712 Worte
931 4654 1103 4727 biuanftigte.

418 4748 434 4798 2
451 4739 680 4796 montaneam
694 4741 792 4796 Ratun

419 4833 434 4880 3
452 4826 595 4880 &wdecim
613 4824 687 4879 steht
704 4826 757 4880 anf
771 4825 870 4880 Ruur.

419 4915 435 4965 4
454 4910 513 4965 Das
532 4907 782 4978 Eingeklammerte
800 4910 836 4963 ist
854 4911 946 4979 spiter
963 4905 1182 4978 naebgetragen.

419 5001 434 5050 5
452 4997 522 5048 &aas
539 4992 614 5048 steht
630 4991 682 5047 auf
696 4993 794 5048 Runa.

419 5085 435 5134 6
454 5077 595 5133 Hiemach
613 5076 649 5130 ist
666 5075 712 5131 ein
728 5093 832 5148 gaasar
848 5075 954 5132 Absats
972 5075 1071 5130 wieder
1089 5075 1253 5142 austadiert,
1269 5073 1341 5131 decb
1360 5073 1469 5129 whdnt
1484 5073 1613 5130 duselbc
1629 5081 1684 5132 erat
1701 5077 1755 5144 spi·

336 5169 378 5220 ter
395 5161 602 5234 nachgetragen
619 5178 654 5216 au
673 5160 740 5216 ssin
