3794 6060
310 440 331 503 8
754 434 805 484 Die
822 431 1003 484 Reformation
1023 447 1086 483 rom
1104 431 1187 482 Jabre
1208 436 1279 482 1438.

312 627 365 686 trra
386 626 443 684 aut
464 615 631 684 consimile
652 616 789 682 assumit
816 625 849 682 et
876 637 910 680 se
937 613 1092 680 transfert
1118 613 1160 679 de
1188 624 1302 681 nostra
1327 613 1540 680 universitate
1566 611 1609 678 ad
1631 611 1734 678 locum

312 718 465 800 eundem,
498 715 585 781 illico
617 713 735 780 debeat
760 737 836 781 suus
862 713 952 779 locus
980 716 1015 779 in
1040 714 1251 779 universitate
1277 721 1391 778 nostra
1418 733 1538 777 vacare
1568 711 1736 799 praedicta

313 827 346 882 et
372 839 444 882 esse
471 817 618 903 privatus
647 813 779 880 sallario
810 837 867 880 suo
896 815 970 900 ipso
1000 814 1097 879 facto.
1137 813 1235 879 Ratio
1261 813 1382 901 qnippe
1402 810 1612 895 contradicit,
1643 821 1679 876 nt
1703 812 1736 875 in

312 927 425 982 noema
445 915 657 980 universitate
678 937 737 1001 pro
758 937 795 980 eo
817 913 983 978 sallarium
1006 912 1168 996 solvatur,
1200 921 1237 978 ut
1254 914 1358 979 eciam
1381 911 1461 977 alibi
1481 911 1541 978 snb
1564 921 1652 978 certo
1677 911 1737 976 sal·

289 1016 397 1082 clario
426 1013 567 1080 officium
596 1013 727 1099 aliquod
752 1023 862 1078 teneat
889 1023 921 1078 et
942 1035 1003 1100 pro
1029 1021 1165 1099 utroque
1188 1011 1320 1079 sallario
1347 1013 1527 1077 satisfaciat
1557 1009 1738 1096 uuobique.

314 1115 351 1182 Si
379 1137 458 1181 vero
485 1115 572 1179 iusta
599 1135 698 1180 causa
728 1123 760 1178 et
787 1112 946 1199 legittima
973 1112 1159 1178 absenciam
1189 1111 1324 1177 alicuius
1349 1113 1495 1200 ipsorum
1527 1112 1640 1196 exigat
1667 1133 1738 1176 oum

315 1213 523 1296 discretione,
545 1212 608 1277 sibi
630 1235 669 1278 ea
689 1235 754 1277 non
778 1211 965 1298 denegetur.
1018 1211 1174 1278 Cessante
1197 1233 1324 1299 quoque
1347 1233 1446 1276 causa
1467 1210 1640 1276 absenciae
1663 1231 1740 1275 suae

316 1314 424 1380 statim
446 1321 631 1395 moneatur,
661 1321 698 1375 ut
724 1311 811 1376 infra
834 1321 957 1376 certum
983 1312 1156 1378 terminum
1178 1309 1307 1376 redeat:
1337 1333 1401 1398 quo
1423 1309 1517 1398 lapso
1540 1311 1568 1374 si
1590 1331 1756 1382 reversus¹

316 1435 381 1478 non
404 1412 510 1495 fuerit,
534 1413 576 1477 sit
596 1411 745 1499 privatus
764 1412 837 1497 ipso
859 1409 956 1476 facto.

276 1523 309 1580 10
397 1513 480 1578 Item
501 1511 665 1592 volumus,
690 1510 859 1574 statuimus
881 1518 913 1574 et
933 1509 1136 1594 ordinamus,
1157 1511 1248 1576 utin
1270 1517 1460 1597 perpetuum
1481 1510 1597 1575 futuris
1618 1519 1741 1598 tempo

314 1611 405 1678 ribus
429 1633 556 1697 semper
578 1609 619 1674 dc
640 1611 779 1674 triennio
799 1610 834 1673 in
855 1611 1029 1676 triennium
1047 1614 1081 1676 in
1097 1610 1250 1676 facultate
1266 1611 1390 1674 melum
1406 1609 1446 1676 de
1468 1609 1613 1696 quolibet
1632 1608 1741 1697 dispu-

314 1721 399 1778 tetur
420 1713 454 1775 in
478 1709 614 1795 collegio
636 1717 747 1774 nostro
769 1710 902 1792 maiori,
930 1710 987 1776 ubi
1009 1711 1112 1775 eciam
1132 1710 1281 1776 decatero
1302 1708 1538 1794 disputationes
1557 1708 1630 1774 fieri
1653 1709 1742 1775 volu·

314 1833 385 1876 mus
407 1807 607 1892 ordinarias,
628 1817 662 1874 ut
684 1817 868 1895 peractum
890 1808 980 1874 illum
1003 1809 1213 1897 sollempnem
1237 1817 1449 1874 exerceantur
1470 1809 1618 1896 magistri
1641 1810 1742 1874 iunio·

315 1933 370 1976 res
390 1932 430 1974 ac
449 1910 484 1973 in
505 1906 665 1973 studendo
679 1906 856 1972 reddantur
871 1907 1106 1996 diligentiores.
1140 1908 1373 1996 Astringuntur
1391 1907 1539 1994 equidem
1559 1917 1742 1996 peractum

277 2009 408 2076 stillum
431 2007 474 2072 ad
497 2006 720 2095 occupandum
741 2029 776 2073 se
796 2010 829 2072 in
849 2011 977 2096 punctis
999 2007 1236 2092 subtilioribus,
1258 2030 1314 2092 ne,
1337 2007 1414 2072 dum
1435 2009 1519 2072 inter
1540 2005 1622 2072 alios
1641 2009 1741 2093 magi-

318 2117 403 2174 suos
418 2106 549 2196 publice
570 2107 679 2172 audiri
700 2107 947 2196 compellantur,
970 2109 1027 2175 ubi
1048 2107 1187 2196 gloriam
1205 2119 1365 2197 quaerunt
1386 2107 1609 2174 confusionem
1630 2130 1742 2196 repor-

317 2217 386 2272 tent
405 2216 437 2272 et
457 2207 679 2292 ignominiam.

399 2306 481 2370 Item
502 2306 659 2389 volumus,
683 2308 853 2372 statuimus
874 2317 905 2372 et
927 2307 1125 2392 ordinamus,
1148 2307 1234 2396 quod
1255 2317 1393 2396 quatuor
1414 2307 1562 2374 nationes
1585 2309 1743 2374 universi-

318 2408 396 2472 tatis
414 2415 546 2471 nostrae
571 2405 741 2493 praefatae
768 2407 889 2494 eligere
910 2407 1050 2473 debeant
1078 2418 1216 2494 quatuor
1238 2406 1387 2472 doctores
1408 2415 1466 2472 aut
1484 2409 1677 2494 magistros,
1705 2406 1745 2472 de

276 2505 465 2592 inqualibet
490 2506 621 2570 natione
646 2527 760 2588 unum,
790 2505 971 2592 profectum
999 2508 1221 2572 universitatis
1251 2505 1438 2592 diligentes,
1473 2515 1505 2572 et
1533 2505 1580 2573 illi
1607 2515 1745 2592 quatuor

319 2613 375 2670 aut
396 2605 444 2669 eis
459 2603 654 2690 surrogandi
675 2603 871 2692 singularius
893 2615 1023 2690 statuta,
1046 2607 1081 2670 in
1098 2607 1243 2693 collegiis
1265 2629 1322 2671 seu
1338 2615 1432 2670 extra
1447 2605 1544 2689 edita,
1566 2629 1650 2692 quae
1666 2629 1744 2672 non·

319 2725 484 2790 nunquam
500 2703 701 2791 praeiudicia
714 2704 879 2788 inducunt,
900 2705 1071 2790 diligenter
1086 2708 1249 2794 respicere
1265 2715 1297 2770 et
1316 2707 1350 2770 in
1370 2706 1518 2772 omnibus
1537 2705 1745 2772 facultatibus

320 2803 363 2870 ad
388 2802 587 2890 singulorum
609 2803 791 2890 legencium
817 2804 1054 2892 negligenciam
1085 2816 1117 2869 et
1138 2804 1297 2871 defectum
1327 2805 1469 2873 studiose
1497 2806 1667 2872 advertere
1692 2805 1745 2872 de

320 2904 407 2969 bant.
451 2901 516 2983 Qui
537 2912 689 2989 quatuor,
713 2903 859 2970 crebrius
881 2903 976 2969 simul
997 2907 1180 2990 constituti,
1200 2915 1321 2971 statuta
1343 2904 1528 2970 huiusmodi
1550 2903 1659 2971 debite
1680 2929 1745 2971 non

279 3003 475 3071 2⁵differant
496 3011 718 3089 perscrutare,
740 3012 773 3068 et
793 3005 822 3067 si
845 3003 968 3090 aliquid
989 3006 1171 3070 invenerint
1190 3027 1362 3072 onerosum
1384 3025 1440 3068 seu
1452 3004 1688 3092 praeiudicium
1698 3007 1745 3070 in-

321 3104 459 3186 ducens,
488 3099 569 3167 illud
598 3101 785 3184 moderare,
817 3103 930 3169 tollere
957 3114 989 3168 et
1017 3104 1061 3170 ad
1087 3107 1334 3191 requisicionem
1357 3103 1527 3170 reverendi
1555 3105 1588 3168 in
1618 3101 1746 3169 Christo

321 3205 436 3292 patris,
459 3201 582 3268 domini
604 3199 773 3284 Iohannis,
804 3203 950 3290 episcopi
975 3203 1129 3270 ecclesiae
1152 3204 1447 3291 Merseburgensis,
1471 3201 1667 3286 cancellarii,
1690 3227 1746 3268 seu

321 3304 390 3370 eius
412 3302 610 3368 successoris
633 3302 668 3366 in
690 3302 803 3366 melius
824 3303 995 3368 immutare
1016 3312 1153 3391 possunt
1172 3313 1204 3369 et
1222 3303 1351 3386 debent,
1374 3305 1463 3368 omni
1482 3303 1556 3369 dolo
1579 3313 1613 3368 et
1632 3301 1747 3368 fraude

321 3412 478 3470 cessante.
521 3400 575 3467 Ad
594 3421 675 3488 quos
690 3402 794 3466 eciam
815 3411 955 3488 quatuor
976 3405 1023 3469 sic
1044 3403 1173 3487 electos,
1195 3414 1231 3468 ut
1246 3405 1473 3490 praemittitur,
1493 3413 1658 3490 tamquam
1675 3425 1746 3490 spe-

279 3503 422 3573 illciales
443 3501 664 3568 universitatis
687 3501 854 3587 praefatae
877 3503 911 3565 in
934 3504 1000 3566 suis
1013 3502 1192 3568 defectibus
1208 3505 1243 3568 in
1263 3502 1403 3569 solidum
1422 3503 1663 3586 reformatores,
1678 3525 1745 3570 sco-

320 3606 406 3672 lares
427 3601 650 3668 universitatis
680 3622 846 3664 recursum
872 3599 1015 3666 babeant
1041 3613 1073 3666 et
1093 3603 1235 3688 poterint
1264 3601 1387 3667 occulte
1418 3601 1561 3667 defectus
1591 3601 1745 3668 lectorum

321 3701 512 3794 propalare,
533 3699 692 3785 debetque
714 3699 849 3765 scolaris
870 3699 960 3776 talis,
991 3699 1031 3766 de
1052 3699 1179 3766 defectu
1201 3723 1417 3787 conquerens,
1444 3725 1486 3767 ne
1509 3701 1607 3767 alicui
1626 3701 1746 3766 revele-

321 3815 374 3869 tur
395 3811 427 3866 et
446 3802 494 3865 sic
513 3798 770 3884 indignationem
792 3797 923 3863 lectoris
945 3801 1161 3888 cuiuscunque
1182 3801 1338 3885 incurrat,
1359 3811 1447 3866 tutus
1470 3823 1541 3866 esse
1555 3811 1586 3866 et
1605 3823 1747 3885 aceruus,

322 3901 366 3968 ad
388 3898 475 3988 quod
497 3899 716 3964 conscienciae
737 3897 898 3963 dictorum
920 3908 1058 3985 quatuor
1077 3899 1225 3966 volumus
1246 3922 1317 3966 esee
1338 3911 1500 3967 oneratas.
1541 3900 1650 3966 Debet
1668 3923 1748 3967 vero

280 4011 314 4070 35
324 4001 378 4067 ille
401 3999 516 4065 doctor
538 4005 594 4062 aut
613 3999 770 4082 magister
776 4047 786 4080 ,
809 3995 850 4061 de
871 4018 934 4082 quo
954 3999 1085 4083 querela
1107 4001 1277 4089 proposita
1299 4009 1362 4084 est,
1385 4024 1405 4066 a
1425 3999 1521 4066 dictis
1542 4009 1681 4086 quatuor
1702 4001 1749 4065 sic

323 4100 450 4182 electis,
476 4105 513 4162 ut
535 4119 571 4161 se
592 4095 765 4161 emendare
788 4095 930 4181 studeat,
961 4100 1129 4164 caritative
1160 4099 1441 4167 exhortationibus
1466 4101 1616 4186 benignis
1638 4100 1748 4166 induci

323 4211 356 4267 et
376 4199 512 4265 moneri.
556 4195 621 4276 Qui
643 4197 671 4261 si
692 4197 832 4261 monitus
855 4219 889 4260 se
906 4196 1077 4264 emendare
1100 4199 1248 4284 noluerit,
1269 4199 1318 4266 illi
1340 4211 1477 4289 quatuor
1488 4198 1630 4265 habeant
1641 4200 1748 4286 ipum

324 4300 365 4368 ab
387 4296 516 4366 actibus
538 4295 720 4361 scolasticis
743 4295 787 4360 ad
809 4303 935 4382 tempus
958 4297 1175 4386 suspendendi
1199 4299 1396 4366 facultatem.
1429 4299 1494 4382 Qui
1515 4301 1543 4364 si
1562 4321 1623 4364 nec
1643 4300 1692 4364 sic
1714 4322 1748 4365 se

324 4397 554 4479 emendaverit,
576 4418 634 4484 per
654 4395 820 4484 praefatos
842 4404 979 4480 quatuor
1000 4398 1060 4463 sub
1086 4399 1192 4484 sigillo
1214 4401 1350 4466 rectoris
1375 4399 1569 4466 cancellario
1591 4399 1747 4464 universi-

282 4498 405 4566 tlltatis
424 4497 616 4579 insinuetur,
638 4498 693 4584 qni
713 4505 790 4561 tunc
813 4493 985 4579 deliberet,
1009 4498 1037 4562 si
1060 4497 1203 4585 placeat,
1226 4499 1266 4564 de
1287 4499 1431 4566 remedio
1451 4500 1557 4586 magis
1579 4507 1748 4586 oportuno.

322 4595 481 4662 Volumus
503 4596 621 4680 eciam,
646 4595 733 4682 quod
759 4597 815 4660 isti
843 4603 980 4681 quatuor
1011 4597 1057 4662 sic
1084 4596 1179 4664 electi
1205 4602 1395 4686 promittant
1423 4599 1543 4664 rectori
1574 4597 1633 4664 sub
1661 4590 1749 4662 bona

219 4789 222 4795 .
324 4697 543 4777 consciencia,
574 4693 661 4780 quod
681 4696 716 4759 in
737 4697 926 4782 praemissis
953 4694 1066 4762 volunt
1085 4721 1156 4764 esse
1175 4700 1269 4764 iuxta
1297 4719 1394 4787 posse
1423 4697 1593 4784 diligentes
1621 4705 1653 4761 et
1679 4698 1748 4761 uni-

323 4797 471 4863 versitati
502 4793 676 4881 diligenter
702 4796 737 4860 in
765 4795 956 4882 praemissis
978 4797 1160 4882 providere.
1203 4795 1402 4879 Dubiorum,
1425 4799 1453 4863 si
1475 4796 1585 4884 aliqua
1608 4795 1748 4861 suboriri

325 4897 507 4982 contigerit,
529 4917 656 4960 necnon
669 4894 880 4961 articulorum
901 4897 1155 4983 praemissorum
1167 4895 1406 4963 declarationes
1431 4921 1489 4963 seu
1508 4897 1748 4984 interpretatio·

283 5007 394 5081 lanes,
414 4997 510 5062 sirei
530 4996 707 5060 necessitas
729 4993 863 5060 evidens
883 4996 1149 5083 expostulaverit,
1169 4996 1265 5064 nobis
1287 5019 1345 5063 seu
1366 4996 1608 5064 successoribus
1627 4995 1749 5062 nostris

326 5095 441 5162 barum
462 5105 574 5163 tenore
597 5115 753 5183 expresse
773 5114 989 5162 reservamus.
