3768 6072
572 475 622 524 Die
642 477 760 526 Statuten
781 491 834 527 von
855 475 1028 529 ltro-14³5.

314 663 360 724 16.
383 673 429 722 na
453 673 663 722 immoriens
686 673 917 724 roaorouruus
941 675 1068 724 oannis
1090 675 1137 722 nn
1159 673 1308 722 amusan

170 788 251 852 item
274 787 314 854 de
341 789 484 876 quolibet
505 789 627 856 ferculo
649 790 784 856 meliora
807 791 922 856 dentur
945 792 988 856 ad
1008 815 1153 858 mensam
1175 791 1412 876 magistrorum.

338 961 382 1021 17.
404 973 449 1019 na
473 973 652 1021 cerrensis
673 975 906 1024 cormernrrn
928 977 1090 1024 rracnuna
1112 977 1147 1023 m
1169 975 1290 1023 neusa.

167 1089 245 1154 Item
268 1090 472 1174 praepositus
494 1090 664 1176 provideat
688 1092 728 1156 de
751 1094 910 1157 cerevisia
934 1095 1128 1180 competenti
1152 1090 1348 1180 potionibus,
1378 1113 1417 1152 ne
1440 1089 1510 1176 quis

94 1188 203 1254 babeat
224 1191 466 1254 excusationem
488 1189 528 1254 de
550 1189 775 1276 singularitate
798 1191 938 1258 bibendi.
1497 1215 1502 1228 ·
1534 1199 1551 1251 5

793 1345 840 1410 18.

165 1455 244 1519 Item
265 1454 401 1541 quilibet
423 1455 462 1520 de
483 1479 566 1521 novo
588 1457 714 1522 intrans
737 1459 908 1546 collegium
929 1460 963 1523 in
984 1481 1096 1524 mensa
1125 1457 1230 1522 solvat
1251 1457 1336 1520 iufra
1363 1477 1505 1520 mensem

92 1577 178 1618 unam
201 1577 399 1640 sexagenarn
423 1553 465 1620 ad
485 1555 599 1620 fiscum
623 1555 759 1644 collegii.

337 1727 381 1787 19.
404 1739 449 1786 DE
471 1739 619 1789 PECUNIA
642 1743 815 1790 EXEUNTIS
838 1741 1040 1790 contuerunt
1064 1741 1284 1790 asmundus.

167 1855 245 1918 Item
270 1854 405 1940 quilibet
428 1855 502 1920 talis
525 1857 636 1922 exiens
660 1857 827 1944 collegium
850 1881 908 1946 per
929 1869 1063 1922 mortem
1082 1856 1132 1921 vel
1155 1880 1214 1945 per
1235 1855 1508 1921 renunciationem
1520 1863 1551 1917 10

93 1955 136 2018 rel
157 1954 326 2019 aliomodo
340 1953 472 2019 habebit
493 1955 698 2022 medietatem
721 1969 935 2044 proventuum
958 1979 1036 2022 suae
1058 1958 1225 2043 portionis,
1247 1977 1343 2042 quam
1365 1953 1509 2032 haberet,

92 2057 115 2118 si
134 2056 164 2118 in
183 2052 317 2138 collegio
340 2065 493 2138 maneret,
514 2057 541 2119 si
564 2056 678 2121 saltem
701 2059 987 2144 praepositaverit3
1010 2057 1126 2120 sivero
1140 2078 1204 2120 non
1226 2053 1508 2142 praepositaverit,

92 2153 214 2218 babebit
236 2153 374 2218 eandem
397 2153 601 2220 medietatem
622 2155 762 2243 demptis
785 2179 844 2222 sex
866 2156 1005 2222 florenis.

165 2327 213 2388 Ἡ).
233 2339 281 2386 DE
305 2337 503 2386 SOLUTIONE
527 2339 661 2388 BURSAE
682 2341 846 2388 naolsral
866 2341 913 2388 DE
936 2339 1032 2388 NOVO
1053 2338 1238 2388 irruamus
1261 2337 1471 2386 COLLEGII'M.

167 2457 247 2520 Item
270 2455 310 2518 de
333 2477 416 2519 novo
439 2455 565 2520 intrans
587 2455 754 2542 collegium
778 2479 837 2542 per
860 2457 1001 2522 medinm
1025 2479 1145 2522 annum
1169 2455 1274 2520 solvat
1294 2455 1427 2520 bursam
1450 2463 1551 2540 prott

94 2577 123 2620 sc
142 2567 172 2620 et
193 2554 340 2620 scholare
363 2578 430 2618 sno.

255 2711 305 2773 ‘ll-
325 2724 372 2770 DE
395 2723 600 2772 IIONES'I'A'I'E
622 2725 802 2772 SERI'ANDA
825 2726 930 2773 meua
950 2723 1145 2773 MAGIS'I'ROS
1168 2723 1342 2771 contueri.

164 2839 243 2902 Item
266 2836 372 2902 nullus
395 2837 636 2924 collegiatorum
658 2839 691 2903 in
715 2841 1003 2905 convocationibus
1026 2839 1077 2904 vel
1108 2841 1142 2904 In
1165 2861 1278 2902 rnensa
1299 2836 1426 2924 collegii
1450 2836 1509 2900 cri-

92 2961 155 3002 men
192 2937 242 3002 vel
281 2938 462 3002 convicium
502 2937 554 3002 vel
590 2938 742 3002 Iniuriam
783 2939 903 3004 realem
939 2941 1093 3004 iniuriose
1124 2937 1216 3002 alteri
1255 2941 1417 3026 imponat,
1450 2934 1508 3000 sub

92 3059 195 3124 poena,
217 3035 314 3122 quod,
337 3038 365 3100 si
389 3037 472 3100 infra
495 3035 578 3103 duos
599 3037 669 3102 dies
692 3061 756 3103 non
777 3039 954 3104 obtinuerit
975 3041 1044 3103 eius
1064 3038 1272 3118 voluntatem,
1295 3046 1413 3102 extimo
1434 3035 1552 3100 talis20

91 3147 206 3202 tenetur
227 3147 315 3202 stare
336 3139 370 3200 in
392 3135 565 3201 dictamine
586 3139 720 3202 maioris
742 3141 844 3224 partis
865 3138 992 3222 oollcgiI
1014 3137 1120 3224 quoad
1144 3135 1407 3200 satisfaciendum
1423 3136 1508 3222 parti

91 3237 229 3318 offensae,
258 3235 318 3301 sub
342 3257 447 3323 poena
467 3240 631 3300 carentiae
655 3259 732 3300 suae
760 3241 927 3323 portionis,
951 3237 1051 3302 donee
1081 3236 1137 3300 tali
1161 3236 1327 3299 dictamini
1353 3236 1508 3322 paruerit.

92 3333 230 3400 Elidem
253 3335 351 3400 debet
371 3335 508 3421 intelligi
533 3335 573 3400 de
593 3335 805 3401 scholaribus.
847 3339 982 3400 Slvere
1005 3335 1128 3422 aliquid
1158 3335 1270 3398 talium
1294 3335 1406 3398 fecerit
1432 3333 1509 3398 alibi

91 3457 179 3520 quani
198 3439 229 3500 in
252 3435 482 3500 convocatione
503 3435 553 3500 vel
584 3457 704 3517 mensa,
732 3445 851 3500 extunc
876 3457 954 3522 pars
981 3436 1070 3500 laesa
1092 3445 1217 3498 tenetur
1239 3435 1395 3498 ostensam
1418 3455 1508 3497 suain

93 3537 187 3618 primo
209 3557 390 3622 proponere
413 3533 549 3619 collegio
572 3545 603 3598 et
625 3556 742 3621 capere
764 3534 808 3599 ibi
832 3536 1004 3617 iusticiam,
1027 3535 1055 3600 si
1080 3534 1142 3600 sibi
1167 3534 1286 3620 poterit
1305 3535 1425 3598 venire.
1517 3539 1549 3596 25

349 3707 398 3768 22.
421 3720 467 3765 ua
489 3720 711 3767 oersromers
734 3721 905 3770 uirrrouars
927 3720 998 3770 non
1019 3719 1276 3768 neruunanurs.

165 3834 241 3900 Item
253 3833 359 3898 nullus
373 3832 614 3920 collegiatorum
636 3835 764 3922 publice
785 3835 947 3914 defendat,
972 3838 1086 3902 doceat
1107 3835 1159 3900 vel
1182 3833 1348 3922 praedicet
1368 3833 1509 3920 aliquam

90 3933 262 4016 opinionem
291 3955 409 3997 novam
434 3932 486 3997 vcl
515 3935 691 4020 antiquam,
719 3958 802 4019 quae
829 3939 943 4001 maiori
975 3937 1060 4022 parti
1089 3935 1276 4021 displiceat,
1306 3931 1365 3996 sub
1394 3955 1509 4019 poena,

90 4033 180 4117 quod,
207 4037 233 4098 si
264 4045 340 4120 post
369 4033 502 4096 terciam
530 4035 738 4100 monitionem
768 4035 888 4100 factam
917 4061 937 4100 a
958 4035 1094 4120 collegio
1116 4035 1159 4099 ab
1181 4035 1254 4120 ipsa
1275 4055 1340 4098 uon
1362 4033 1506 4112 cesserit,

90 4143 189 4196 eareat
208 4155 267 4198 sua
288 4134 452 4220 porcione,
472 4133 575 4198 donec
597 4131 732 4219 collegio
754 4135 853 4200 luerit
872 4135 1110 4200 reconciliatus.
1514 4141 1549 4196 30

344 4306 391 4367 23.
420 4317 464 4364 DE
490 4318 736 4366 DEPU'I'ATIONE
758 4319 803 4366 ΕΤ
826 4319 940 4366 ΡΟΕΝΑ
963 4319 1034 4368 Nou
1056 4317 1279 4366 resultemus.

164 4431 242 4496 Item
266 4429 404 4518 quilibet
426 4431 625 4518 collegiatus,
647 4432 689 4497 ad
711 4431 840 4520 aliquod
863 4435 984 4498 l'aotum
1005 4431 1132 4516 collegii
1156 4455 1214 4519 per
1226 4431 1397 4516 collegium
1411 4431 1510 4516 depu-

91 4539 177 4612 tatus,
198 4541 325 4596 tenetur
346 4531 408 4596 hoc
430 4555 593 4598 assumere
615 4531 675 4596 sub
697 4555 803 4619 poena
823 4537 918 4598 unius
940 4532 1063 4597 floreni.
1090 4532 1199 4596 Debet
1216 4543 1324 4598 tamen
1342 4531 1513 4612 collegium

94 4629 122 4692 in
141 4631 193 4696 tali
215 4631 425 4720 deputatione
447 4654 578 4698 servare
598 4631 840 4716 aequalitatem,
860 4633 894 4696 in
917 4643 1073 4720 quantum
1095 4643 1211 4718 potest.

394 4803 442 4864 ⁹24.
465 4817 511 4863 nu
534 4815 698 4864 secantis
720 4815 884 4864 cotanen
906 4816 978 4864 NON
1001 4817 1228 4864 rtuvrrliaunls.
1521 4802 1554 4856 35

162 4930 240 4996 Item
264 4929 401 5018 quilibet
427 4941 552 4996 tenetur
574 4931 633 4995 sub
660 4942 785 4997 secreto
808 4942 927 5014 tenere,
957 4955 1039 5018 quae
1067 4933 1274 5020 praepositus
1298 4931 1427 4994 nomine
1451 4925 1513 4989 eol-

90 5023 158 5108 legii
177 5033 347 5096 committit
369 5032 419 5094 vel
443 5031 503 5094 sibi
526 5029 660 5094 mandat
682 5041 791 5095 tenere
815 5032 873 5095 sub
898 5044 1033 5112 secrete,
1064 5031 1124 5097 sub
1153 5054 1258 5119 poena
1289 5050 1347 5116 per
1376 5047 1513 5114 praepo-

1284 5231 1343 5294 12*
