3788 6078
634 550 685 602 Die
703 551 822 604 Statnten
841 566 895 606 von
915 553 1088 609 teos-tero.
1517 553 1577 620 608

155 733 354 800 autenticam
373 753 475 816 suam,
498 732 533 798 in
554 755 619 822 qua
638 734 754 801 modus
773 755 851 800 suae
865 736 1292 824 promocioniscontinetur3
1315 736 1431 803 deinde
1447 735 1578 824 publice

154 835 189 899 in
211 832 308 899 scolis
329 831 545 898 determinare
567 833 664 900 debet
685 836 906 924 quaestionem
927 835 1152 902 medicinalem
1173 835 1214 902 de
1235 835 1349 902 fauore
1372 845 1404 901 et
1420 857 1578 902 consensu

155 935 259 1000 tocius
280 931 446 998 facultatis
466 932 621 1018 medicae,
644 933 686 1000 ad
708 957 806 1023 quam
826 933 1037 1023 respondebit
1058 932 1243 1001 doctoribus
1273 944 1305 1001 et
1331 934 1480 1002 omnibus
1504 935 1577 1001 aliis

155 1030 336 1098 medicinae
358 1030 538 1100 scolaribus
559 1056 696 1120 arguere
716 1032 915 1117 volentibus;
945 1033 1041 1100 debet
1063 1044 1232 1121 praeterea
1254 1035 1444 1121 promittere
1471 1034 1575 1102 eidem

155 1130 278 1198 decano
300 1141 332 1197 et
353 1132 413 1198 toti
432 1131 589 1215 facsdtati,
611 1133 708 1221 quod,
731 1134 892 1221 completa
913 1156 972 1199 sua
992 1135 1214 1221 responsione,
1237 1133 1412 1200 inmediate
1433 1134 1576 1221 velitpe-
1604 1142 1621 1198 5

158 1239 226 1298 tere
246 1231 507 1318 assumpcionem
529 1231 572 1298 ad
592 1231 789 1300 facultatem.
809 1232 959 1300 Habetur
981 1235 1082 1300 eciam
1095 1232 1170 1300 talis
1181 1233 1313 1321 publica
1325 1235 1494 1322 responsio
1506 1233 1578 1300 loco

154 1351 324 1399 examinis.

239 1477 298 1565 [Bl.
325 1476 393 1567 10s]
417 1479 552 1564 Doctor,
574 1491 740 1568 promotus
763 1483 796 1546 in
817 1481 883 1548 alia
904 1481 1127 1563 universitate,
1149 1480 1242 1547 dabit
1260 1481 1391 1548 famulis
1418 1483 1575 1548 universi·

153 1579 231 1642 tatis
262 1588 408 1665 tempore
440 1601 518 1647 suae
550 1583 787 1669 aasumpcionis
820 1581 863 1647 ad
892 1580 1081 1648 facultatem
1109 1579 1290 1648 medicinae
1322 1582 1403 1649 duos
1438 1581 1579 1648 florenos

152 1699 314 1744 senenses.
1590 1690 1622 1747 to

238 1846 352 1914 Nullus
374 1846 525 1913 decetero
545 1847 724 1935 recipiatur
745 1846 858 1914 doctor
879 1846 958 1914 alibi
978 1858 1144 1935 promotus
1166 1847 1208 1913 ad
1229 1848 1416 1914 facultatem
1433 1856 1579 1914 nostram

154 1944 346 2030 medicinae,
369 1947 433 2012 nisi
455 1967 514 2033 per
536 1947 708 2012 triennium
730 1947 763 2010 in
786 1947 851 2013 alia
872 1949 1083 2014 universitate
1102 1948 1229 2012 famosa
1250 1949 1375 2013 steterit
1405 1956 1438 2012 et
1458 1945 1580 2012 ibidem

154 2044 303 2110 doctores
324 2045 504 2112 medicinae
525 2045 697 2132 diligenter
717 2046 752 2111 in
772 2043 965 2114 lectionibus
988 2045 1137 2114 audierit.
1172 2046 1216 2112 Et
1236 2047 1298 2114 hoc
1319 2071 1376 2113 suo
1396 2049 1577 2114 iuramento

153 2143 369 2210 confirmabit

236 2313 361 2379 Doctor
391 2310 525 2376 alterius
551 2309 790 2392 universitatis,
833 2309 944 2377 volens
983 2313 1088 2400 recipi
1111 2310 1154 2376 ad
1182 2311 1369 2378 sanititatem
1395 2311 1577 2378 medicinae
1588 2321 1619 2378 15

153 2409 249 2478 buius
270 2411 506 2492 universitatis,
542 2410 570 2474 si
590 2417 639 2474 est
659 2407 891 2476 baccalaureus
913 2409 1073 2492 eiusdem,
1115 2408 1277 2476 tenebitur
1306 2410 1385 2476 dare
1407 2410 1578 2478 duodecim

153 2511 186 2576 fl.
208 2510 256 2576 rb
279 2509 467 2578 doctoribus
486 2508 528 2576 de
549 2506 683 2574 oonsilio
705 2507 885 2592 facultatis,
924 2511 951 2576 si
979 2533 1044 2576 non
1068 2521 1118 2575 est
1143 2508 1376 2576 baccalaureus
1397 2509 1577 2578 medicinae

153 2610 249 2676 buius
270 2609 380 2692 studii,
402 2608 494 2674 dabit
515 2608 628 2673 decem
651 2615 683 2672 et
704 2616 776 2674 octo
798 2608 829 2674 fl.
850 2631 1003 2676 recenses
1025 2608 1211 2676 doctoribus
1233 2608 1425 2676 facultatis.¹

237 2773 351 2840 Nullus
373 2772 487 2840 doctor
509 2771 587 2840 alibi
607 2783 775 2862 promotus
806 2775 840 2839 in
875 2774 1003 2842 actibus
1030 2775 1227 2845 solemnibus
1257 2785 1289 2842 et
1310 2774 1450 2862 publicis
1470 2775 1578 2844 locum

154 2873 276 2940 habeat
296 2875 379 2940 inter
399 2873 579 2940 medicinae
601 2871 749 2940 doctores
768 2871 863 2940 huius
886 2873 995 2958 studii,
1016 2877 1079 2940 nisi
1103 2875 1145 2940 sit
1167 2886 1351 2964 assumptus
1373 2874 1416 2942 ad
1438 2876 1571 2944 faculta·
1585 2887 1620 2944 20

154 2985 219 3040 tem
240 2972 420 3040 medicinae
441 2971 618 3038 secundum
639 2981 761 3038 statuta
781 2971 924 3038 eiusdem
945 2973 1123 3058 facultatis3
1145 2996 1250 3062 neque
1261 2973 1455 3040 kathedram
1468 2975 1576 3041 docto-

153 3057 257 3138 ralem
277 3073 441 3156 ascendat,
463 3069 600 3157 legendo
624 3081 656 3135 et
677 3069 872 3158 disputando
895 3074 929 3137 in
951 3071 1130 3156 medicinis,
1151 3073 1214 3138 uisi
1237 3072 1276 3138 de
1296 3074 1578 3140 consensudeoani

154 3182 187 3238 et
209 3172 378 3238 doctorum
396 3173 502 3238 tocius
522 3168 695 3234 facultatis.

239 3336 353 3404 Nullus
373 3337 495 3420 doctor,
514 3333 593 3400 alibi
613 3345 781 3423 promotus
802 3337 836 3401 in
858 3335 1027 3402 medicinis
1049 3346 1081 3403 et
1099 3337 1153 3403 hic
1175 3347 1359 3426 assumptus
1381 3337 1423 3402 ad
1445 3338 1578 3406 faculta-

161 3446 237 3520 tem,
259 3438 364 3525 recipi
385 3435 502 3502 debeat
524 3434 566 3501 ad
589 3435 757 3500 consilium
778 3435 944 3502 facultatis
967 3435 1120 3518 eiusdem,
1141 3437 1206 3502 nisi
1226 3439 1260 3502 in
1281 3437 1343 3503 bac
1364 3438 1617 3505 universitate25
1684 3427 1688 3436 ¹

158 3537 325 3604 biennium
346 3543 423 3624 post
444 3536 495 3602 sui
515 3536 774 3622 assumpcionem
804 3533 1030 3622 compleverit,
1057 3534 1200 3623 aliquam
1226 3536 1397 3603 lectionem
1423 3539 1456 3602 in
1478 3538 1577 3604 medi-

164 3637 245 3702 cinis
267 3635 404 3722 legendo
425 3636 518 3701 iuxta
538 3643 660 3702 statuta
682 3635 822 3723 desuper
844 3635 939 3701 edita.

239 3800 384 3884 Quilibet
403 3801 616 3868 assumendus
639 3801 683 3868 ad
702 3801 891 3869 facultatem
912 3801 1103 3884 medicinae,
1124 3801 1203 3868 alibi
1224 3811 1390 3890 promotus
1412 3813 1576 3892 tamquam

154 3900 269 3967 doctor
297 3900 495 3982 medicinae,
537 3911 612 3966 ante
639 3901 689 3966 sui
722 3903 980 3988 assumpcionem
1001 3901 1043 3966 ad
1065 3900 1252 3966 facultatem
1274 3901 1436 3970 tenebitur
1456 3905 1576 3987 iurare,

153 4000 241 4088 quod
258 3999 337 4066 velit
357 4021 535 4087 procurare
555 3999 675 4066 bonum
701 3998 784 4088 [11¹]
804 4000 970 4066 facultatis
991 4000 1171 4066 medicinae
1191 3999 1287 4066 huius
1317 4001 1415 4067 studii
1436 4003 1618 4092 Limen-30

154 4102 209 4182 sis,
233 4100 442 4187 quantumin
462 4121 500 4166 eo
522 4107 580 4184 est,
602 4100 645 4166 ad
667 4121 888 4189 quemcunque
911 4108 1030 4164 statum
1052 4099 1228 4184 devenerit,
1250 4109 1281 4166 et
1302 4101 1389 4188 quod
1409 4101 1489 4167 velit
1509 4125 1575 4168 ser·

153 4221 234 4264 vare
255 4207 376 4264 statuta
398 4207 430 4264 et
451 4199 632 4283 statuenda,
655 4209 835 4288 quaesunt
856 4207 888 4264 et
910 4208 1004 4264 eruut
1034 4223 1094 4288 pro
1122 4199 1207 4266 bono
1237 4199 1404 4267 facultatis
1432 4201 1576 4268 eiusdem

152 4297 340 4386 approbata
361 4297 413 4363 vel
433 4298 658 4386 approbanda.

236 4465 319 4530 Item
340 4463 462 4532 iurabit
475 4464 562 4530 idem
581 4463 694 4531 doctor
715 4464 794 4532 alibi
816 4473 990 4554 promotus,
1011 4464 1223 4532 assumendus
1244 4465 1287 4532 ad
1309 4477 1456 4534 nostram
1475 4467 1575 4534 facul-

153 4572 253 4637 tatem
275 4563 464 4650 medicinae,
487 4564 699 4652 corporaliter
721 4565 780 4630 sub
800 4566 862 4632 hac
882 4565 1003 4630 forma:
1047 4564 1140 4650 „Ego
1164 4564 1210 4629 .N.
1234 4566 1305 4631 iuro
1332 4565 1426 4632 vobis
1448 4566 1617 4635 decennes

153 4665 335 4752 vestrisque
356 4664 597 4730 successoribus
620 4663 842 4731 obedienciam
864 4675 895 4730 et
923 4665 1143 4730 reverenciam
1171 4665 1206 4728 in
1235 4664 1334 4731 licitis
1362 4676 1394 4730 et
1420 4666 1574 4752 honestis,

153 4772 187 4828 et
207 4785 340 4830 servare
360 4771 481 4834 statuta
502 4772 535 4829 et
555 4763 727 4831 statuenda
747 4787 807 4854 pro
828 4786 925 4852 posse
945 4765 1047 4829 meo.“

238 5031 248 5082 t
272 5026 370 5082 Dieser
386 5024 495 5083 Absata
513 5027 550 5082 ist
566 5030 660 5099 spttsr
675 5026 886 5084 durchstrichen
902 5028 959 5084 und
975 5028 1108 5084 dmunter
1125 5026 1318 5100 geschsieben:
1335 5029 1425 5083 Palea
1449 5040 1496 5097 ear,
1517 5045 1573 5084 noa

155 5111 264 5183 leuiter.
297 5111 352 5166 Am
369 5111 467 5166 Raude
485 5110 572 5166 steht:
590 5113 655 5168 Hoc
671 5112 807 5168 aunum
824 5121 870 5180 cst,
887 5113 949 5168 loco
967 5113 1024 5168 cias
1040 5113 1163 5168 ultimam
1180 5113 1237 5186 laec
1248 5113 1331 5184 solio
1347 5113 1470 5184 aequasti
1492 5129 1571 5170 cerro

149 5195 217 5270 (vgl.
234 5196 288 5252 den
306 5195 508 5252 Zosataartilrel
527 5195 579 5252 anf
594 5195 636 5254 Bi
657 5201 684 5252 tt
694 5195 728 5268 b).
