3788 6078
857 448 908 500 ms
927 447 1114 500 medicinircbe
1132 447 1260 502 rasum

915 683 1027 731 cocus
1049 683 1186 732 nucum.

819 801 927 866 crpus
946 802 991 854 ιιι,
1010 799 1085 864 (vgr.
1106 805 1131 850 a
1149 803 1214 852 sus
1233 799 1269 864 ι.)

419 913 576 978 Decanus
598 913 779 978 medicinae
799 915 978 998 facultatis,
1000 918 1056 1002 qui
1082 913 1181 979 habet
1206 913 1279 978 aliis
1306 912 1494 980 doctoribus
1517 915 1705 1002 praecipere
1724 925 1752 978 et

341 1012 499 1078 mandare
530 1013 564 1074 in
592 1011 689 1077 licitis
717 1026 749 1078 et
774 1012 938 1097 honestis,
967 1012 1009 1079 ob
1037 1012 1072 1078 id
1096 1011 1332 1078 rationabiliter
1366 1015 1508 1101 primum
1542 1013 1650 1078 locum
1676 1016 1753 1077 inter

295 1120 312 1176 5
341 1108 471 1176 eosdem
494 1108 640 1178 obtinere
661 1110 759 1178 debet
778 1113 813 1178 in
835 1112 1034 1180 sessionibus
1053 1113 1275 1178 universitatis
1303 1121 1336 1178 et
1365 1111 1654 1178 convocationibus
1683 1135 1753 1176 suae
1864 1125 1865 1152 ¹

335 1209 508 1276 facultatis.

532 1410 657 1469 QUIBUS
679 1411 845 1460 munnae
867 1413 988 1462 Possm·
1010 1414 1055 1462 ET
1077 1413 1142 1462 SUB
1164 1413 1234 1472 Qus
1256 1411 1373 1459 Pomm
1396 1409 1565 1460 bucam.

809 1529 916 1594 Caput
934 1531 995 1584 1111.
1021 1531 1094 1596 (Vgl.
1115 1536 1140 1583 i.
1159 1531 1225 1583 Stat.
1242 1531 1281 1591 3.)

416 1639 568 1706 Omnium
599 1639 767 1708 doctorum
798 1644 952 1732 suffragio
978 1645 1102 1712 decano
1127 1644 1205 1712 data
1235 1654 1285 1709 est
1312 1642 1465 1726 facultas,
1490 1653 1527 1709 ut
1554 1641 1751 1729 professores

294 1741 513 1810 romedieinae
525 1739 568 1804 ad
586 1739 723 1804 docendi
742 1739 942 1828 diligentiam
960 1767 1018 1833 per
1036 1743 1200 1810 decretam
1211 1743 1364 1809 mulctam
1374 1739 1531 1828 impellat,
1553 1763 1618 1829 quo
1638 1740 1750 1806 libora-

334 1843 456 1908 htatem
481 1838 690 1904 illustrissimi
715 1841 872 1930 principis
895 1843 1030 1908 lectores
1053 1842 1200 1930 diligenti
1223 1841 1330 1908 officio
1350 1838 1480 1927 legendi
1500 1851 1750 1927 recompensent.

340 1941 375 2006 Si
398 1961 476 2004 vero
498 1938 640 2003 decanus
661 1939 733 2026 ipse
756 1943 864 2027 segnis
883 1952 916 2008 et
933 1942 1105 2028 indulgens
1127 1945 1276 2008 iuventus
1297 1941 1409 2022 hierit,
1439 1962 1482 2004 ex
1509 1942 1670 2006 sententia
1689 1961 1750 2003 om-

334 2043 423 2104 nium
440 2037 604 2103 facultatis
626 2038 771 2104 medicae
792 2037 961 2106 doctorum
981 2043 1052 2129 ipse
1071 2041 1142 2107 luat
1163 2040 1381 2126 negligentiae
1401 2061 1548 2126 poenam.

415 2138 570 2203 Decenus
589 2145 695 2222 potest
712 2138 869 2204 mandare
891 2140 1040 2207 omnibus
1061 2151 1093 2206 et
1115 2139 1250 2228 singulis
1272 2137 1460 2203 doctoribus
1484 2159 1562 2203 suae
1583 2136 1750 2217 facultatis,

295 2249 373 2304 tout
393 2237 543 2302 intersint
564 2235 629 2298 suis
657 2239 943 2304 convocationibus
964 2261 1025 2327 pro
1054 2239 1137 2305 bono
1165 2238 1331 2306 facultatis
1357 2237 1530 2320 faciendis,
1560 2235 1621 2302 sub
1652 2257 1750 2324 poena
1864 2229 1865 2286 ἶ

338 2351 499 2402 certorum
512 2357 700 2420 grossorum
716 2337 983 2404 irremissibiliter
996 2337 1143 2404 facultati
1158 2335 1455 2426 persolvendorum.
1486 2335 1525 2400 In
1543 2336 1641 2401 certis
1658 2337 1749 2402 otiam

334 2434 466 2500 casibus
485 2433 684 2516 licentiatos,
706 2431 736 2520 [2
744 2432 769 2522 b]
792 2435 1022 2503 baccalaureos
1051 2449 1083 2502 et
1113 2437 1277 2503 scholares
1305 2434 1450 2500 eiusdem
1476 2435 1641 2501 facultatis
1662 2437 1705 2512 (si
1723 2437 1749 2498 ei

332 2548 364 2599 et
386 2533 522 2618 collegio
549 2533 716 2598 doctorum
737 2537 844 2598 visum
865 2535 975 2622 fuerit)
1005 2536 1047 2601 ad
1075 2535 1258 2602 huiusmodi
1288 2535 1536 2600 convocationes
1565 2557 1622 2600 seu
1648 2535 1750 2598 verius

335 2633 552 2721 praesentiam
574 2631 741 2697 doctorum
764 2656 882 2699 vocare
903 2637 1039 2722 poterit,
1062 2636 1121 2701 sub
1142 2657 1248 2722 poena
1269 2637 1459 2722 praemissa

287 2874 322 2930 20
902 2884 949 2932 DE
970 2885 1183 2934 murmuro.

796 3001 900 3066 Caput
919 3001 950 3052 V.
968 3002 1042 3068 (Vgl.
1055 3007 1078 3054 t.
1094 3003 1157 3054 Stat.
1170 3003 1186 3054 l
1198 3017 1222 3052 u.
1235 2999 1288 3066 41.)

417 3110 562 3192 Quilibet
577 3112 795 3180 adsumendus
811 3115 854 3181 ad
871 3116 1056 3182 facultatem
1078 3116 1257 3182 medicinae
1278 3116 1331 3182 vel
1351 3113 1393 3181 ad
1418 3112 1589 3180 consilium
1612 3113 1747 3178 eiusdem

334 3211 464 3293 iurabit,
477 3211 589 3298 digitis
605 3213 773 3298 evangelio
792 3217 973 3300 impositis,¹
985 3215 1107 3282 decano
1121 3216 1284 3282 facultatis
1304 3214 1450 3280 medicae
1471 3212 1531 3279 sub
1551 3213 1614 3278 bac
1634 3214 1747 3279 forms:

421 3310 514 3396 „Ego
540 3311 588 3378 n.
617 3313 687 3376 iuro
719 3312 811 3378 vobis
845 3314 968 3380 decano
995 3317 1174 3404 vestrisque
1209 3315 1452 3381 successoribus
1480 3314 1696 3378 reverentiam
1721 3324 1748 3376 et

296 3410 557 3478 tbobedientiam
578 3413 612 3476 in
633 3410 730 3477 licitis
751 3423 783 3478 et
802 3412 956 3498 honestis,
979 3425 1011 3480 et
1032 3437 1164 3481 servare
1186 3424 1308 3480 statuta
1329 3424 1361 3480 et
1381 3411 1564 3496 statuenda,
1583 3435 1667 3498 quae
1681 3423 1748 3477 sunt

332 3524 363 3577 et
380 3520 475 3576 erum
497 3533 557 3596 per
577 3510 764 3576 facrdtatem
786 3535 842 3578 seu
864 3515 1021 3580 maiorem
1043 3525 1168 3602 partem
1190 3515 1384 3602 approbata,
1404 3523 1436 3578 et
1457 3535 1635 3600 procurare
1655 3512 1747 3577 facid-
1864 3531 1865 3554 ³

330 3599 412 3678 tatis
431 3610 568 3693 bonum,
588 3609 631 3674 ad
652 3632 884 3699 quemcumque
912 3623 1030 3680 statum
1060 3637 1248 3701 pervenero.
1290 3614 1346 3680 Sic
1373 3636 1425 3680 ruo
1452 3613 1532 3678 dous
1563 3611 1697 3679 adiuvet
1719 3623 1748 3674 et

331 3721 443 3776 sancta
465 3708 518 3773 dei
538 3709 739 3796 evangelia.“

415 3809 539 3874 Doctor
568 3809 749 3874 medicinae
776 3810 859 3876 alius
887 3814 1117 3896 universitatis,
1145 3813 1345 3900 desyderans
1373 3811 1475 3899 recipi
1499 3809 1542 3876 ad
1568 3810 1746 3876 facultatem

290 3909 494 3976 30medics1n
509 3907 603 3972 huius
614 3909 807 3996 Lypsieusis
824 3913 1053 3994 universitatis,
1076 3916 1104 3978 si
1119 3913 1351 3980 baccalaureus
1373 3912 1516 3976 eiusdem
1539 3912 1647 3994 luerit,
1668 3921 1745 3974 tenc·

333 4009 419 4074 bitur
435 4007 522 4074 illico
540 4005 665 4072 solvere
680 4031 739 4096 pro
757 4009 993 4098 adsumptione,
1014 4011 1232 4099 disputatione
1246 4023 1278 4077 et
1294 4011 1462 4078 laboribus
1484 4013 1623 4076 caeteris
1645 4010 1746 4076 docto

337 4129 408 4172 rum
420 4105 601 4172 medicinae
619 4107 805 4174 doctoribus
824 4108 865 4174 de
883 4109 1017 4176 consilio
1037 4121 1069 4176 et
1091 4111 1134 4177 ad
1154 4112 1267 4177 fiscum
1289 4110 1453 4176 facultatis
1476 4111 1591 4195 viginti
1615 4111 1746 4198 quinque

333 4228 447 4273 aureos
468 4206 502 4270 in
524 4229 603 4272 auro
631 4217 687 4272 aut
707 4207 850 4274 valorem
877 4211 959 4276 auri.

421 4305 456 4372 Si
478 4327 556 4372 vero
578 4305 810 4374 baccalaureus
832 4307 927 4374 buius
947 4309 1111 4375 facultatis
1132 4319 1166 4375 et
1186 4311 1408 4376 universitatis
1426 4331 1492 4374 non
1513 4309 1629 4392 fuerit,
1652 4309 1745 4375 solvet

290 4407 467 4492 tringinta
489 4415 521 4469 et
541 4427 639 4471 unum
660 4429 775 4472 aureos
797 4409 831 4473 in
850 4431 930 4474 auro
950 4418 1006 4474 aut
1025 4419 1149 4474 tantum
1170 4409 1324 4476 valorem.
1377 4409 1549 4476 (laetarum
1580 4407 1745 4496 prandium
1864 4461 1865 4502 ,

333 4505 456 4571 nullum
483 4503 652 4569 tenebitur.
701 4505 824 4572 Verum
846 4509 1023 4595 positiones
1045 4507 1159 4574 diebus
1182 4533 1241 4574 sex
1262 4520 1318 4576 aut
1340 4517 1463 4597 septem
1485 4507 1529 4572 ad
1551 4509 1657 4574 minus
1679 4519 1745 4572 ante
1864 4527 1865 4606 J

331 4605 582 4692 disputationem
604 4604 783 4672 medicinae
804 4605 1009 4690 doctoribus,
1031 4607 1223 4690 licentiatis,
1252 4607 1475 4674 baccalaureis
1496 4619 1528 4671 et
1549 4606 1744 4672 scholaribus
1864 4607 1865 4644 l

330 4708 444 4770 mittat.
489 4704 653 4786 Attamen,
674 4727 715 4769 ne
737 4705 881 4794 reliquae
902 4707 1073 4772 facultates
1095 4707 1301 4794 negligantur
1322 4719 1420 4794 utque
1440 4717 1554 4774 nostra
1575 4705 1744 4794 disputatio

332 4803 508 4870 honorifice
531 4802 728 4886 celebretur,
751 4805 873 4890 placuit
897 4806 1062 4888 factdtati,
1087 4817 1122 4872 ut
1150 4807 1368 4873 adsumendus
1395 4807 1562 4873 dominum
1584 4816 1744 4884 rectorem,

290 4905 498 4971 rodominum
519 4903 676 4968 decanum
696 4903 889 4988 theologiae,
913 4904 1076 4970 dominum
1099 4905 1297 4970 ordinarium
1320 4908 1398 4972 iuris
1420 4916 1452 4970 ct
1472 4905 1637 4970 dominum
1658 4905 1743 4970 deca·

333 5027 408 5069 num
429 5003 592 5068 facultatis
615 5004 732 5068 artium
755 5026 814 5089 per
840 5006 1032 5089 magistrum
1062 5027 1159 5069 unum
1187 5016 1244 5070 aut
1270 5004 1351 5071 duos
1381 5004 1561 5070 medicinae
1589 5003 1742 5070 scholares

334 5103 376 5170 ad
392 5103 642 5192 disputationem
659 5103 788 5189 invitet,
810 5112 843 5167 et
863 5115 898 5170 ut
920 5115 1063 5169 mutuum
1087 5103 1239 5170 bonorem
1262 5103 1293 5170 hi
1316 5116 1454 5196 quatuor
1475 5103 1621 5196 hospites
1641 5125 1741 5192 repor-
