3794 6066
587 459 642 496 ron
664 445 772 511 Herzog
787 443 882 498 Merita
901 443 1032 512 usuum.

727 631 834 696 Caput
850 632 910 683 11x.

172 783 216 830 DE
237 779 453 828 Recurrloun
476 778 646 828 NOVORUH
666 781 712 827 ΕΤ
733 779 969 829 PROFESSIONE
988 779 1150 827 NOMINUM
1172 777 1266 828 APUD
1285 775 1481 825 RECTOREM.

196 897 232 964 ln
251 897 459 961 universitate
481 918 551 960 esse
573 895 701 978 debent,
723 897 770 960 ita
792 906 828 961 ut
848 905 931 978 sunt,
952 895 1099 961 nationes
1123 903 1276 982 quatuor,
1301 915 1374 958 curn
1395 915 1531 980 quarum

125 999 274 1064 mentione
294 997 424 1062 nomina
445 1019 566 1078 eorum,
589 996 644 1083 qui
665 995 901 1081 profitebuntur
918 994 1006 1082 apud
1025 1005 1192 1075 rectorem,
1214 995 1247 1057 in
1265 991 1374 1058 album
1395 993 1530 1057 rectoris

121 1095 362 1184 perscribentur,
384 1118 454 1160 cum
468 1093 598 1180 quidem
615 1094 837 1160 iusiurandum
860 1093 1008 1159 dederint
1027 1096 1060 1158 in
1081 1093 1171 1176 hacc,
1193 1115 1275 1178 quae
1296 1102 1486 1180 sequuntur:
1539 1099 1556 1154 5

270 1355 289 1396 o
310 1331 349 1396 N.
370 1332 441 1396 iuro

196 1331 315 1511 llErilno,
338 1453 388 1496 me
408 1431 638 1518 praestiturum
661 1429 877 1496 obedientiam
897 1430 1009 1513 vobis,
1038 1431 1158 1496 rectori
1176 1429 1273 1494 huius
1296 1431 1476 1512 semestris,
1498 1437 1530 1494 et

121 1529 352 1596 successoribus
375 1529 523 1596 omnibus
543 1532 578 1595 in
597 1530 705 1611 rebus,
727 1531 761 1594 in
783 1529 899 1619 quibus
920 1539 1034 1617 potero
1055 1540 1088 1595 et
1109 1528 1210 1595 debeo
1231 1540 1409 1617 praestare.

196 1627 362 1711 Secundo,
391 1628 478 1716 qnod
507 1652 624 1716 parcre
646 1629 743 1694 velim
764 1631 912 1713 statutis,
941 1651 1023 1718 quae
1045 1640 1077 1695 et
1098 1627 1226 1695 condita
1247 1638 1322 1694 sunt
1342 1637 1375 1692 et
1395 1627 1532 1715 posthac

122 1730 257 1816 legitime
279 1728 467 1812 condentur,
487 1729 597 1795 sedulo
620 1739 652 1794 ct
673 1727 852 1814 diligenter.
1537 1741 1569 1796 to
1685 1731 1688 1740 '

202 1829 323 1910 Tertio,
345 1827 432 1914 quod
454 1828 623 1895 commoda
643 1827 736 1892 huius
759 1830 979 1894 universitatis
1007 1827 1218 1895 scholasticae
1249 1826 1405 1893 adiuvare
1430 1837 1462 1893 et
1485 1829 1533 1893 in-

124 1926 285 1994 commoda
307 1939 464 2010 avertere,
486 1931 513 1993 si
534 1939 657 2015 potero,
680 1929 932 2014 omnitempore
954 1930 1104 2015 omnique
1124 1929 1212 1992 vitae
1234 1937 1320 1992 statu
1342 1927 1446 1993 velim.

197 2027 331 2109 Quarto,
359 2029 509 2092 iniuriam
536 2027 615 2091 mihi
642 2027 760 2092 factam
789 2026 935 2092 consulto
960 2049 1021 2091 nec
1047 2029 1155 2113 ipsum
1183 2049 1242 2092 nec
1269 2049 1329 2115 per
1357 2024 1456 2092 alium
1481 2051 1531 2094 mc

124 2127 356 2194 vindicaturum
376 2127 434 2191 sed
453 2149 549 2214 super
570 2127 626 2191 ille
647 2125 805 2191 auxilium
826 2129 962 2192 rectoris
982 2124 1229 2212 imploraturum
1250 2148 1330 2191 esse.

196 2226 326 2308 Quinto,
349 2227 387 2309 si,
409 2227 493 2314 quod
516 2225 595 2291 deus
616 2237 752 2308 avertat,
774 2247 824 2289 me
847 2223 889 2289 ob
904 2225 1055 2290 delictum
1071 2225 1209 2311 relegari
1230 2235 1285 2292 aut
1299 2227 1526 2292 communitate
1540 2235 1572 2291 15

124 2326 178 2391 hac
196 2325 373 2391 studiorum
394 2325 523 2390 excludi
543 2327 731 2412 contigerit,
760 2347 811 2390 me
839 2336 905 2390 tum
933 2347 974 2389 ex
1000 2323 1122 2413 oppido
1151 2325 1194 2390 ad
1219 2325 1425 2412 praefinitum
1444 2326 1530 2391 diem

125 2425 331 2490 discessurum
354 2447 434 2490 esse.

195 2525 244 2592 Ita
264 2523 344 2589 deus
364 2523 497 2588 adiuvet
517 2545 575 2611 per
596 2531 742 2588 sanctium
765 2523 968 2610 evangelium
991 2524 1115 2590 suum.“

199 2759 324 2824 Merces
338 2768 445 2824 autem
463 2761 685 2846 inscriptionis
700 2759 762 2824 crit
775 2781 962 2845 grossorum
979 2761 1089 2826 decem
1108 2769 1141 2824 et
1152 2759 1295 2844 dimidii3
1315 2757 1535 2826 moderatione

123 2868 221 2924 tamen
241 2860 377 2924 rectoris
398 2858 454 2922 ille
474 2859 575 2922 minui
595 2859 723 2945 poterit,
744 2869 780 2923 ut
802 2881 930 2946 semper
952 2859 1160 2925 observatum
1181 2862 1249 2927 fuit
1283 2859 1410 2941 Quodsi
1426 2863 1576 2948 pueri,20

124 2969 156 3023 ut
179 2959 228 3042 tit,
254 2980 391 3046 quorum
420 2968 510 3022 aetas
538 2967 568 3022 et
595 2957 808 3044 intelligentia
836 2959 1025 3046 religionem
1045 2959 1255 3024 iurisiurandi
1278 2961 1447 3048 percipere
1469 2983 1533 3026 non

126 3069 232 3144 potest,
254 3056 385 3122 adducti
408 3055 451 3122 ed
471 3066 630 3122 rectorem
649 3057 777 3141 fuerint,
800 3060 930 3124 nomina
951 3059 1082 3146 quidem
1103 3058 1230 3124 illorum
1253 3060 1388 3148 recipiet
1410 3059 1534 3148 etquid

122 3157 263 3222 iubentur
283 3157 391 3221 facere
412 3156 531 3221 diserte
552 3159 598 3222 eis
620 3167 652 3222 et
673 3159 836 3242 expressis
853 3159 861 3199 ¹
891 3181 1079 3245 quacunque
1102 3157 1229 3243 lingua,
1257 3181 1354 3246 quarn
1375 3161 1533 3246 attingere

126 3256 186 3342 ipsi
205 3257 337 3344 possint,
359 3255 552 3342 explicabit3
582 3255 639 3321 sed
659 3278 726 3321 non
744 3266 906 3322 temeres
926 3259 1046 3344 pueris,
1067 3265 1174 3322 aetate
1195 3266 1228 3322 ct
1246 3255 1476 3343 intelligentia,
1498 3269 1534 3323 ut

126 3353 240 3420 dictum
268 3365 332 3438 est,
363 3353 587 3420 deficientibus
614 3353 837 3420 iusiurandum
857 3357 975 3444 exiget.
1016 3356 1061 3421 Ut
1081 3365 1189 3421 tamen
1209 3357 1307 3420 iurati
1329 3357 1393 3420 sint
1412 3357 1575 3426 subditirs

124 3457 344 3538 universitatis,
374 3453 480 3520 edicet
500 3456 719 3544 unusquisqne
740 3464 845 3520 rector
867 3457 1012 3520 semestri
1033 3479 1107 3538 suo,
1128 3463 1165 3519 ut
1185 3478 1227 3520 ex
1246 3457 1385 3542 receptis
1407 3459 1442 3522 in
1461 3459 1530 3522 uni-

123 3555 459 3620 versitatemnostram
479 3563 586 3620 aetate
609 3554 735 3643 puerili,
758 3557 813 3644 qui
832 3555 899 3620 iam
921 3578 1041 3620 annum
1062 3555 1229 3642 attigerint
1250 3556 1365 3620 aetatis
1388 3579 1464 3622 suae
1480 3556 1533 3624 dc-

123 3673 243 3718 cumum
263 3655 404 3737 tertium,
425 3653 473 3719 illi
494 3676 602 3719 coram
625 3656 828 3739 sacertodis
845 3655 887 3720 ad
906 3668 1141 3720 sacramentum
1157 3655 1330 3720 dicendum
1343 3667 1531 3742 appareant.

127 3750 213 3832 Quos
233 3763 300 3820 tum
321 3753 377 3820 illc
397 3763 585 3820 consuetum
605 3755 829 3821 iusiurandum
849 3755 959 3822 verbis
982 3756 1146 3844 conceptis
1169 3755 1247 3821 dare
1268 3754 1400 3822 iubebit

738 3955 844 4042 capet
860 3978 907 4030 rx.
1541 3988 1576 4046 30
1605 3925 1616 3944 ’

397 4129 444 4176 DE
466 4127 727 4194 assassonfflus,
748 4127 974 4176 consumans
995 4127 1040 4176 ΕΤ
1059 4125 1255 4176 ΑΒῙΠΝΟΤῙΒ.

201 4242 338 4312 Peracta
357 4243 544 4310 laudatione
564 4245 700 4310 rectoris
720 4244 861 4331 primum
884 4251 1021 4330 quatuor
1043 4241 1163 4328 singoli
1182 4265 1225 4308 ex
1245 4240 1529 4329 singulisnationi-

123 4339 180 4408 bus
213 4345 406 4433 deligenter,
432 4353 512 4410 natu
539 4342 739 4430 grandiores.
788 4343 834 4408 Hi
862 4341 947 4428 apud
975 4349 1132 4406 rectorem
1159 4341 1202 4406 ad
1229 4344 1455 4428 cognoscenda
1485 4368 1533 4430 ea,

123 4463 203 4528 qnae
223 4445 404 4529 inciderint,
426 4445 551 4531 quoties
571 4466 623 4509 res
643 4451 755 4532 poscet
775 4440 974 4524 assidebunt,
994 4443 1142 4528 inprimis
1165 4440 1209 4506 ad
1224 4440 1362 4507 mulctes
1375 4442 1531 4511 dicendas

122 4550 153 4605 ct
176 4565 296 4630 poenas
328 4543 522 4631 infligendas
550 4543 691 4627 delictis,
719 4553 751 4608 et
773 4561 954 4608 assessores
974 4540 1255 4627 nuncupabuntbr.
1297 4540 1425 4608 Deinde
1447 4547 1572 4611 terni35

123 4638 161 4704 de
182 4643 316 4728 singulis
336 4641 522 4709 nationibus
545 4641 814 4730 designabantur,
844 4638 961 4730 quibus
988 4639 1182 4706 consiliariis
1203 4651 1324 4725 rector,
1355 4663 1426 4706 curn
1449 4666 1529 4731 opus

124 4740 235 4826 fuerit,
254 4753 379 4826 utatur3
407 4749 570 4830 postremo
590 4742 685 4808 binos
707 4741 854 4828 singulae
874 4740 1022 4804 nationes
1044 4738 1155 4822 edent,
1183 4743 1254 4826 qui,
1281 4740 1337 4806 ubi
1358 4741 1530 4824 videbitur,

123 4840 283 4924 prioribus
306 4841 540 4927 adiungantur,
560 4841 697 4929 ideoque
718 4851 750 4906 et
770 4839 940 4905 adiunctos
962 4838 1174 4925 appellandos
1187 4842 1381 4927 putavimus.
1413 4841 1533 4904 Verum

233 5112 245 5163 1
263 5107 300 5162 Es
316 5106 386 5162 fehlt
402 5105 473 5162 wohl
489 5107 586 5161 verbra

198 5209 414 5248 srarurmucu
431 5209 488 5245 ΜΒ
505 5208 578 5245 usuv.
596 5205 715 5242 nstrata.
