3768 6072
601 424 651 475 Die
669 425 788 478 Sututen
806 440 858 476 ron
879 425 1052 480 lter-153⁷.

539 647 567 709 7.
588 659 635 708 nn
658 658 731 708 sou
751 659 1102 710 amusosmsurmos

192 767 337 850 Quilibet
356 769 547 858 collegiatus
566 774 760 860 sallariatus,
792 773 968 842 inordina
998 797 1056 841 suo
1087 797 1151 841 non
1185 777 1423 864 praepositam,
1452 775 1533 839 duas

117 891 289 958 sexagenas
310 893 413 938 novas
435 869 500 960 [3⁸]
523 873 596 940 aliis
618 877 782 964 magistris
805 874 979 942 sallariatis
1000 881 1138 962 protunc
1159 876 1194 941 in
1218 875 1354 964 collegio
1376 896 1528 964 praesen·

115 967 195 1034 tibus
213 969 300 1034 infra
319 992 463 1037 mensem
487 974 699 1041 effectualiter
719 974 898 1062 persolvat,
926 973 987 1042 sub
1008 997 1114 1062 poena
1135 975 1300 1041 carentiae
1319 975 1481 1042 fructuum
1501 983 1534 1040 et

114 1067 394 1136 emolumentorum
417 1070 543 1160 collegii
565 1096 624 1160 per
646 1074 818 1141 dimidium
841 1095 970 1140 annum.
1557 1087 1574 1140 5

250 1259 280 1322 8·
301 1271 349 1320 DE
372 1273 576 1324 umerum
596 1276 663 1324 PER
685 1275 930 1324 Puaurosrrusr
950 1275 986 1324 m
1007 1273 1182 1324 cobnuulo
1204 1275 1387 1325 rlcmuns.

187 1386 268 1452 Item
286 1390 501 1476 praepositus,
524 1399 680 1478 quantum
700 1391 735 1456 in
755 1413 793 1458 eo
808 1399 866 1474 est,
887 1389 984 1456 debet
1004 1399 1035 1456 et
1045 1399 1173 1455 tenetur
1186 1412 1260 1456 cum
1276 1390 1447 1476 diligentia
1458 1413 1533 1478 pro·

112 1509 220 1552 curare
240 1510 279 1552 ac
299 1489 472 1576 respicere,
499 1490 586 1576 quod
608 1490 760 1555 honestas
781 1499 848 1554 tam
869 1487 910 1556 de
932 1489 985 1556 die
1011 1511 1109 1578 quam
1139 1489 1178 1554 de
1207 1499 1301 1556 nacte
1331 1491 1364 1554 in
1394 1489 1530 1576 collegio

112 1595 262 1669 servetur,
291 1587 440 1674 quodque
461 1589 496 1654 in
525 1591 664 1679 coquina
691 1599 839 1677 tempore
866 1590 1038 1678 positionis
1059 1588 1178 1654 bursae
1199 1590 1233 1654 in
1255 1589 1479 1658 distribuendo
1502 1598 1533 1654 et

110 1685 276 1772 partiendo
298 1689 482 1774 portionum
503 1689 683 1780 aequalitas
702 1697 906 1777 procuretur.
941 1689 986 1754 Et
1005 1687 1210 1754 hebdomada
1232 1689 1322 1754 finita
1342 1688 1384 1756 de
1401 1690 1529 1777 exposi-
1542 1697 1574 1754 10

110 1786 148 1850 tis
169 1785 211 1851 ad
233 1788 414 1873 coquinam,
442 1788 567 1856 iuniore
589 1790 718 1856 aedituo
741 1799 773 1855 et
792 1791 949 1877 pincerna
976 1788 1211 1876 praesentibus,
1238 1791 1396 1855 rationem
1422 1789 1531 1871 faciat,

110 1883 165 1949 sub
186 1908 291 1974 poena
312 1885 450 1952 duorum
479 1911 678 1976 grussmum,
702 1911 762 1976 pro
787 1887 902 1954 solatia
921 1889 1152 1974 magistrorum
1170 1887 1439 1954 irremissibiliter
1459 1909 1530 1976 per·

108 1983 340 2052 solvendorum.

575 2126 603 2188 9.
625 2140 672 2188 ns
695 2138 892 2188 sucurrere
914 2137 1058 2187 surram⁴

186 2270 379 2359 Quicunque
397 2271 533 2337 bursam
554 2295 646 2340 suam
676 2281 751 2338 ante
772 2273 902 2340 wfiam
923 2271 1039 2336 feriam
1061 2269 1205 2336 eiusdem
1227 2269 1451 2336 hebdomadae
1474 2293 1526 2334 ex·
1541 2279 1571 2335 ts

108 2369 224 2436 clusive
244 2393 310 2436 non
331 2370 472 2453 solverit,
493 2394 553 2459 pro
576 2372 690 2438 eadem
714 2373 904 2460 septimana,
927 2371 954 2436 si
972 2393 1032 2457 pro
1045 2369 1203 2436 solutione
1216 2369 1401 2436 huiusmodi
1410 2369 1529 2435 bursae

106 2469 324 2558 interpellatus
346 2471 452 2553 fuerit,
474 2471 592 2538 absens
613 2481 790 2559 reputetur.
1208 2471 1213 2476 ’

559 2661 604 2724 10.
626 2671 673 2720 nn
693 2671 836 2721 rssnma
854 2671 1069 2721 sssuununs.

183 2788 264 2854 Item
286 2789 492 2876 praepositus
515 2811 580 2854 non
600 2797 744 2854 assumat
764 2811 869 2876 neque
890 2789 987 2854 etiam
1009 2787 1164 2854 destituat
1186 2784 1217 2876 [3
1225 2783 1251 2875 b]
1273 2785 1415 2874 aliquam
1435 2788 1527 2853 fami·

103 2887 186 2972 liam,
207 2888 272 2952 nisi
292 2885 333 2952 de
355 2910 515 2957 consensu
535 2885 663 2974 collegii
684 2887 737 2953 vel
755 2889 889 2954 maioris
909 2889 1014 2974 partis
1025 2885 1180 2969 eiusdem,
1202 2889 1372 2954 necetiam
1388 2888 1571 2975 prauumue

104 2990 168 3053 sive
189 2986 372 3052 mercedem
393 2988 498 3075 ipsius
521 2989 656 3075 propria
678 2988 870 3054 auctoritate
892 2995 1020 3072 augeat,
1039 2987 1198 3071 quamvis,
1217 2985 1405 3052 rationabili
1429 3009 1528 3052 causa

103 3087 303 3170 subsistente,
324 3085 508 3153 huiusmodi
528 3085 711 3154 mercedem
731 3085 875 3152 familiae
895 3108 955 3173 per
976 3107 1011 3152 se
1033 3085 1213 3152 diminuere
1234 3088 1349 3173 possit

153 3279 200 3340 tl.
221 3289 390 3352 ausurum
410 3288 456 3336 ur
479 3287 605 3348 numus
628 3288 865 3340 rusurosmus
886 3285 955 3336 rao
977 3285 1073 3334 novo
1095 3286 1189 3335 aruo
1211 3287 1304 3334 osus
1325 3287 1476 3337 oannis.

179 3421 260 3486 Item
288 3421 323 3486 in
352 3420 406 3486 die
434 3421 688 3487 circumcisionis
717 3419 840 3484 domini
867 3419 961 3485 dabit
988 3419 1194 3506 praepositus
1226 3418 1355 3484 famulis
1385 3419 1528 3486 civitatis

102 3545 157 3610 pro
176 3543 263 3587 novo
284 3543 369 3587 anno
391 3543 451 3588 sex
469 3537 519 3606 pt,
545 3543 622 3586 coco
642 3519 694 3586 vel
722 3541 822 3586 cocae
850 3519 977 3606 collegii
1006 3519 1156 3605 quinque,
1187 3519 1362 3606 pincernae
1384 3518 1569 3602 caridemus

101 3623 235 3688 tertiano
256 3630 323 3686 tres
349 3628 382 3686 et
407 3619 534 3686 custodi
561 3621 664 3687 sancti
693 3619 820 3685 Nicolai
847 3619 943 3685 duos:
973 3619 1054 3684 facit
1082 3619 1117 3682 in
1143 3627 1212 3684 toto
1240 3641 1340 3684 unum
1368 3620 1526 3686 florenum

100 3723 132 3786 in
150 3743 241 3788 auro.

492 3857 539 3918 12.
565 3870 613 3918 nn
632 3869 773 3920 summ
793 3869 867 3920 uos
888 3869 1131 3918 orrerrnnuns

177 3988 260 4054 Item
281 3987 387 4054 nullus
409 3986 654 4073 collegiatarum
683 3986 779 4052 debet
805 3985 946 4073 aliquem
969 3984 1010 4051 de
1037 3985 1163 4052 familia
1189 3985 1318 4074 collegii
1346 3987 1400 4054 vel
1429 3987 1525 4053 etiam

102 4087 229 4155 alterius
250 4087 400 4174 magistri
419 4085 520 4153 verbo
548 4086 601 4153 vel
629 4087 715 4152 lacto
737 4083 909 4166 offendere,
938 4084 996 4150 sed
1025 4087 1053 4150 si
1082 4086 1160 4173 quid
1188 4107 1306 4152 causae
1334 4087 1387 4152 vel
1415 4087 1568 4172 displi-so

102 4189 222 4254 centiae
243 4195 357 4253 comma
375 4185 475 4252 talem
495 4185 645 4252 habuerit
665 4185 718 4252 vel
738 4185 859 4250 habere
881 4182 1117 4272 praetenderit,
1148 4184 1209 4250 hoc
1229 4182 1315 4250 idem
1337 4188 1525 4274 praeposito

102 4288 225 4374 collegii
259 4294 437 4374 proponat,
480 4288 536 4374 qui
570 4308 703 4352 causam
735 4282 920 4350 huiusmodi
952 4306 1146 4371 componere
1179 4283 1314 4352 studeat.
1359 4285 1466 4368 Quam
1498 4288 1525 4352 si
1587 4291 1590 4296 '

102 4387 247 4453 decidere
269 4385 323 4450 vel
345 4383 545 4451 concordare
566 4385 760 4473 nequiverit,
781 4383 825 4449 ad
846 4381 1015 4470 collegium
1038 4381 1186 4466 deducat,
1208 4382 1274 4466 ubi,
1297 4407 1395 4450 causa
1417 4385 1524 4452 huius-

101 4487 183 4553 modi
203 4485 327 4570 audita,
351 4485 467 4552 ambae
488 4496 599 4572 partes
622 4483 786 4551 debebunt
806 4493 892 4550 stare
915 4481 1083 4548 dictamini
1103 4483 1237 4548 maioris
1259 4485 1363 4570 partis
1386 4485 1524 4570 collegii,

101 4586 158 4652 sub
177 4607 288 4674 poena
307 4587 401 4650 unius
422 4583 536 4651 floreni
557 4583 692 4670 collegio
714 4581 982 4648 irremissibiliter
1003 4580 1220 4668 persolvendi.
1531 4593 1565 4648 35

455 4773 501 4836 13.
524 4785 571 4832 nn
592 4784 809 4836 raserosrro
830 4784 903 4834 uos
923 4783 1167 4832 uounsrmno.

180 4900 244 4990 [Bl
266 4895 319 4987 4¹]
340 4901 424 4967 Item
453 4922 547 4967 nemo
575 4899 616 4966 de
641 4901 765 4966 familia
792 4900 918 4988 collegii
945 4901 1170 4988 praepositum
1196 4923 1256 4988 pro
1284 4909 1428 4985 tempore
1456 4898 1523 4962 exi-

101 5011 235 5068 stentem
258 5000 432 5068 verbovel
457 5001 543 5067 facto
570 4998 743 5067 molestare
765 5023 822 5066 seu
849 4999 953 5066 eidem
981 4998 1211 5086 quovismodo
1238 4999 1373 5064 iniurias
1403 4995 1523 5062 inferre

102 5109 297 5190 praesumat,
320 5100 379 5167 snb
402 5123 509 5190 poena
529 5100 746 5166 destitutionis
768 5111 800 5166 et
821 5100 1014 5187 privationis
1036 5098 1129 5164 offitii
1151 5101 1209 5164 sui.
1242 5097 1397 5164 Similiter
1415 5095 1523 5162 nullus
