3762 6074
341 441 400 504 488
837 439 888 490 Die
908 437 1126 500 philosophi-che
1144 436 1273 486 Faculttt

340 621 425 684 infra
440 619 583 683 medium
599 643 728 700 annum,
751 618 811 683 sub
832 642 938 706 poena
959 617 1095 707 periurii
1114 616 1165 681 vel
1188 617 1386 682 exclusionis
1408 616 1552 683 eiusdem
1572 617 1756 700 assumendi,

342 729 509 807 apportet,
532 719 584 783 vel
613 741 670 806 per
700 719 867 806 proprium
896 721 1128 798 iuramentum,
1158 719 1185 782 si
1214 717 1339 782 litteras
1361 717 1540 782 autenticas
1563 717 1682 782 habere
1702 741 1756 782 non

222 889 225 902 ,
340 819 474 908 poterit3
496 829 527 882 et
544 818 625 883 duas
643 818 762 882 babeat
780 841 935 906 personas
950 817 1141 902 fidedignas‚
1157 839 1239 906 quae
1262 816 1321 880 sub
1344 819 1411 880 suis
1434 819 1627 882 iuramentis
1646 817 1754 900 dicant,

341 919 437 983 talem
461 919 508 982 sic
529 917 757 983 assumendum
780 920 814 982 in
835 915 893 982 tali
914 915 1019 1002 gradu
1040 939 1111 981 esse
1131 927 1322 1002 promotum.
1372 915 1510 1003 Insuper
1539 917 1651 981 iurare
1677 927 1753 982 tene·

297 1028 313 1083 5
342 1019 445 1098 bitur,
475 1016 561 1103 quod
589 1018 632 1081 sit
658 1017 815 1102 legittime
837 1027 951 1099 natus,
980 1015 1129 1080 similiter
1153 1015 1336 1080 iuramenta
1363 1024 1492 1081 nostros
1519 1017 1694 1100 magistros
1715 1039 1756 1081 re-

343 1117 529 1204 spiciencia,
551 1139 634 1204 quae
657 1127 843 1206 sequuntur.

380 1291 409 1349 5.
432 1300 641 1348 suessanus
662 1301 863 1348 lucentem
883 1299 1097 1347 PRAES'I'ABI'I‘
1120 1299 1293 1346 meissen
1312 1299 1556 1364 ASSUMENDUS,
1578 1300 1720 1360 Quirino

672 1399 776 1447 PETIT
798 1399 1034 1446 lucescerent
1055 1397 1187 1446 enemo
1209 1397 1437 1446 resumam.

422 1515 516 1600 „Ego
546 1513 594 1578 .N.
627 1515 697 1579 iuro
726 1513 820 1579 vobis
848 1513 971 1579 decano
1001 1525 1033 1578 et
1060 1515 1179 1578 vestris
1211 1512 1451 1578 successoribus
1485 1515 1706 1580 reverenciam
1732 1527 1758 1580 et

299 1613 561 1680 tttobedieneiam
584 1613 616 1676 in
636 1612 734 1678 licitis
756 1623 788 1677 et
809 1615 966 1696 honestis,
987 1623 1019 1677 et
1040 1634 1172 1677 servare
1194 1622 1314 1677 statuta
1337 1622 1369 1676 et
1395 1613 1569 1678 statuenda
1589 1637 1758 1702 proposse

338 1725 369 1780 et
390 1735 495 1794 nosse,
516 1723 548 1776 et
569 1735 745 1800 procurare
764 1711 883 1777 bonum
903 1711 1077 1778 facudtatis.
1121 1711 1176 1776 Sic
1197 1734 1249 1776 me
1272 1711 1351 1778 deus
1372 1711 1505 1778 adiuvet
1524 1725 1557 1778 et
1578 1725 1692 1779 sancta
1710 1713 1757 1777 dei

338 1810 538 1898 evangelia“

423 1912 527 1994 „Item
551 1913 632 1996 iuro,
655 1911 741 2000 quod
763 1913 849 1976 infra
871 1909 1066 2000 quindenam
1085 1909 1183 1975 velim
1206 1909 1332 1976 solvere
1353 1911 1501 1978 facultati
1523 1911 1606 1977 duos
1627 1911 1757 1978 florenos

338 2034 509 2094 renenses,
539 2023 571 2076 ct
598 2035 695 2076 unum
726 2010 883 2075 florenum
912 2033 971 2097 pro
1004 2010 1083 2074 fiseo
1105 2010 1342 2095 universitatis,
1363 2012 1426 2074 nisi
1455 2010 1655 2077 afaeultate
1686 2011 1757 2077 obti-

301 2121 439 2176 15nuero
463 2134 573 2176 eorum
595 2109 815 2176 dimissionem
838 2120 869 2174 et
890 2109 1082 2175 dilacionem
1105 2107 1147 2173 ad
1170 2110 1344 2174 terminum
1365 2109 1556 2196 longiorem.

420 2211 522 2293 „Item
544 2211 624 2292 iuro,
646 2207 733 2294 quod
755 2219 876 2274 statuta
898 2219 929 2273 et
951 2209 1130 2290 statuenda,
1151 2231 1235 2294 quae
1256 2221 1330 2273 sunt
1351 2231 1412 2296 pro
1436 2210 1521 2275 bono
1543 2212 1758 2276 universitatis
1852 2267 1853 2272 ,

339 2321 370 2375 et
397 2309 561 2375 facultatis
591 2309 731 2390 areium,
758 2307 854 2372 velim
882 2309 1018 2373 firmiter
1045 2307 1220 2373 observare
1247 2319 1279 2373 et
1306 2308 1393 2395 quod
1423 2310 1543 2376 bonum
1574 2309 1669 2375 huius
1697 2313 1758 2374 uni·
1852 2315 1853 2334 ³

340 2409 505 2474 versitatis
534 2417 566 2472 et
594 2407 760 2473 facultatis
790 2411 932 2490 arcium,
962 2407 1004 2472 ad
1040 2429 1261 2494 quemcunque
1296 2418 1417 2474 statum
1453 2408 1636 2493 devenero,
1669 2409 1757 2474 velim

362 2531 525 2575 recurare.

296 2532 359 2674 2οΡ
422 2609 524 2692 „Item
547 2610 635 2690 iuro,
657 2603 744 2692 quod
765 2604 850 2670 dabo
873 2605 1001 2672 famulis
1024 2607 1247 2672 universitatis
1267 2606 1418 2672 adminus
1446 2631 1547 2674 unum
1575 2607 1756 2676 florenum.“

656 2741 736 2806 Post
755 2738 836 2805 haee
858 2739 954 2806 datur
975 2740 1006 2805 ei
1025 2738 1115 2805 locus
1137 2739 1222 2804 inter
1243 2741 1445 2826 nrtrgistros.¹

546 2956 653 3022 XVII.
678 2955 816 3046 [elsa]
839 2975 1092 3024 eurrrunun
1114 2974 1306 3023 necinus
1328 2975 1557 3032 susurrus.

402 3123 570 3190 Statuta
592 3125 894 3190 concernencia
914 3123 1193 3189 baccalarium
1217 3124 1502 3190 assumendum
1529 3125 1579 3191 de
1610 3129 1699 3194 alia

544 3225 827 3290 universitate
849 3223 897 3289 ad
919 3225 1117 3310 gremium
1139 3231 1310 3290 nostrae
1328 3224 1556 3292 facultatis.

295 3383 328 3438 25
1041 3380 1069 3439 1.

420 3507 506 3588 Quia
527 3507 704 3574 baccalarii
723 3509 847 3572 areium
869 3505 1012 3573 scolares
1033 3529 1105 3572 esse
1131 3515 1314 3590 censentur,
1337 3529 1402 3572 non
1431 3509 1628 3596 recipientes
1657 3511 1755 3577 emoli-

336 3616 444 3671 menta
471 3608 691 3672 universitatis
720 3607 777 3672 sed
806 3606 1026 3672 substanciam
1053 3629 1165 3671 eorum
1188 3607 1291 3670 instar
1313 3618 1497 3673 nostrorum
1521 3613 1755 3698 suppositorum

337 3717 561 3771 consumentes
572 3755 581 3788 ‚
604 3707 718 3770 statuit
736 3716 768 3770 et
788 3706 953 3771 ordinavit
972 3705 1109 3771 facultas
1130 3705 1270 3788 arcium,
1294 3706 1382 3794 quod
1404 3707 1611 3774 bacealarins
1632 3710 1754 3776 alterius

336 3807 568 3888 universitatis,
592 3807 619 3870 si
641 3806 715 3870 talis
734 3807 839 3889 fuerit,
862 3805 948 3892 quod
970 3807 1003 3870 in
1027 3805 1093 3870 alia
1113 3805 1324 3870 universitate
1345 3807 1380 3871 in
1404 3815 1470 3872 toto
1492 3831 1554 3895 pro
1574 3812 1754 3897 magisterio

295 3904 565 3990 tocompleverit,
596 3917 709 3993 petens
730 3905 771 3970 ad
793 3907 1039 3992 responsionem
1061 3905 1187 3970 admitti
1209 3927 1249 3971 ac
1271 3907 1313 3971 sd
1333 3906 1521 3972 facultatem
1541 3920 1675 3976 nostrae
1695 3912 1755 3976 nni·

337 4006 501 4069 versitatis
523 4008 659 4088 assumi,
682 4004 814 4070 debebit
835 4017 867 4069 et
889 4005 1050 4070 tenebitur
1074 4025 1135 4092 pro
1162 4005 1278 4070 solatio
1307 4006 1537 4091 magistrorum
1565 4008 1606 4074 de
1627 4011 1753 4076 consilio

337 4100 543 4186 saepedictae
570 4105 733 4172 facultatis
763 4107 886 4170 arcium
917 4115 983 4170 tres
1019 4105 1159 4171 florenos
1195 4127 1347 4171 renenses
1382 4105 1462 4172 dare
1489 4107 1753 4196 effectualiterque

339 4200 540 4286 persolvere;
563 4207 590 4268 si
612 4227 689 4270 vero
706 4204 780 4270 talis
795 4205 949 4287 extiterit,
966 4204 1053 4292 quod
1075 4205 1109 4268 in
1128 4203 1195 4268 alia
1217 4206 1429 4270 universitate
1451 4229 1569 4293 parum
1590 4219 1648 4274 aut
1667 4209 1754 4276 nichil

336 4321 397 4384 pro
417 4303 605 4388 magisterio
634 4304 861 4392 compleverit,
893 4326 953 4391 pro
982 4305 1202 4391 praefatorum
1230 4306 1463 4391 magistrorum
1494 4306 1653 4375 solamine
1681 4310 1753 4374 duos

294 4397 478 4464 ³5floreoos
505 4425 656 4468 renenses
686 4427 758 4470 eum
789 4405 904 4468 effectu
935 4403 1059 4486 solvat,
1097 4403 1269 4489 utrobique
1303 4408 1443 4491 pecunia
1475 4429 1536 4493 pro
1566 4407 1646 4472 fisco
1676 4417 1753 4472 aute

338 4498 445 4564 dietae
468 4501 634 4566 facultatis
662 4505 786 4568 arcium
809 4514 840 4568 et
862 4505 989 4589 signeto
1011 4501 1122 4568 debita
1145 4525 1273 4590 semper
1303 4505 1413 4589 salva,
1443 4507 1507 4571 nisi
1535 4508 1644 4594 ipsius
1674 4529 1753 4572 assu-

337 4599 446 4664 mendi
479 4598 613 4664 evidens
651 4602 797 4668 obstaret
831 4611 1018 4690 paupertas.
1075 4602 1233 4669 Dimissio
1269 4613 1378 4670 tamen
1410 4629 1467 4671 seu
1500 4609 1679 4672 minoraeio
1707 4605 1751 4670 vel

337 4700 468 4764 taxacio
482 4699 667 4764 huiusmodi
683 4705 839 4788 pecturiae
855 4703 888 4766 in
905 4711 972 4766 toto
993 4701 1044 4766 vel
1067 4701 1101 4764 in
1121 4712 1214 4788 parte
1235 4725 1296 4790 pro
1319 4704 1473 4791 qualitate
1494 4729 1552 4772 seu
1575 4706 1751 4772 differenda

337 4799 537 4888 opulenciae,
559 4800 793 4866 mediocritatis
815 4802 884 4866 sive
904 4803 1109 4890 paupertatis
1133 4825 1262 4891 semper
1283 4804 1419 4870 arbitrio
1440 4805 1644 4893 praelibatae
1662 4805 1751 4872 facul·

297 4909 330 4964 to
338 4902 414 4966 tatis
435 4902 560 4966 arcium
582 4899 690 4965 claudi
713 4900 808 4966 debet
833 4911 866 4966 et
885 4903 1052 4966 contineri.

384 5122 395 5172 l
416 5117 470 5172 llit
486 5117 622 5173 kleinerer
640 5115 746 5172 Sebrift
764 5115 956 5190 hinaugefdgt.
