3788 6078
615 558 665 609 Dis
681 557 800 610 Statuten
820 571 882 606 vom
901 557 983 608 Jabre
1007 553 1077 607 154³.
1495 551 1556 618 569

133 763 325 808 consensum
355 739 534 808 catholicae
564 739 617 805 dei
648 737 802 807 ecclesiae
832 741 886 830 pie
913 747 944 805 et
971 737 1109 806 fideliter
1139 737 1286 830 proponi,
1316 735 1496 826 propagari
1523 741 1556 800 et

135 843 329 908 conservari.

219 941 430 1008 severissime
452 942 548 1007 etiam
568 940 776 1029 prohibemus
795 943 907 1028 spargi
929 949 961 1006 et
983 937 1111 1006 defendi
1131 939 1282 1005 haereses
1302 945 1438 1021 veteres,
1465 936 1554 1002 dam·

132 1052 226 1107 natas
254 1043 288 1106 in
315 1041 449 1130 synodis
478 1042 616 1124 Nicena,
646 1039 1023 1129 Constantinopolitana,
1054 1041 1221 1127 Ephesina
1253 1051 1285 1104 et
1314 1036 1555 1105 calcedonensi.

134 1141 217 1206 Nam
240 1141 355 1208 harum
384 1140 579 1229 synodorum
609 1140 746 1206 decretis
774 1149 806 1205 et
831 1140 1046 1228 explicatione
1074 1140 1239 1205 doctrinae
1265 1137 1305 1203 de
1327 1136 1387 1203 deo
1410 1146 1502 1223 patre
1524 1146 1555 1201 et
1581 1147 1597 1200 5

132 1241 198 1307 filio
220 1253 251 1306 ct
274 1242 392 1328 spiritu
414 1249 524 1306 sancto
547 1251 578 1306 et
600 1240 640 1306 de
659 1240 786 1306 duabus
807 1242 840 1305 in
864 1240 993 1307 Christo
1015 1241 1156 1322 naturis,
1178 1247 1253 1303 nato
1274 1260 1315 1303 ex
1337 1237 1463 1322 virgine
1483 1235 1551 1300 Ma·

133 1344 192 1424 ria,
214 1341 421 1421 adsentimur,
444 1360 545 1426 eaque
566 1340 746 1406 iudicamus
767 1343 801 1404 in
823 1341 953 1426 scriptis
974 1339 1160 1427 apostolicis
1180 1348 1266 1404 certo
1288 1335 1408 1402 tradita
1428 1358 1506 1401 esse.

706 1524 986 1574 PRAELEGTORES.

767 1645 874 1710 Caput
891 1629 930 1696 11.

218 1757 291 1823 Sint
310 1757 528 1845 praelectores
549 1758 629 1821 certi
652 1767 684 1821 et
704 1761 852 1846 perpetui
873 1769 1009 1848 quatuor
1031 1770 1063 1825 et
1084 1757 1258 1824 secundum
1278 1752 1599 1843 principisdiplo·10

133 1882 197 1940 ma,
222 1859 276 1944 qui
300 1859 364 1922 sint
384 1857 519 1922 subiecti
542 1858 659 1921 rectori
682 1856 877 1942 academiae,
901 1859 1035 1925 admissi
1057 1858 1178 1925 iudicio
1195 1856 1323 1942 collegii
1343 1856 1438 1922 huius
1458 1853 1556 1919 facul·

132 1959 221 2038 tatis,
244 1969 276 2022 et
296 1955 439 2022 habeant
461 1957 678 2023 testimonium
708 1957 871 2044 publicum
899 1959 1021 2044 gradm
1044 1958 1238 2038 doctoratus,
1261 1956 1313 2022 vel
1342 1954 1384 2020 ab
1404 1955 1466 2020 bac
1486 1976 1557 2018 aca-

135 2057 243 2122 demia
269 2055 321 2122 vel
351 2055 393 2122 ab
425 2055 491 2121 alia
523 2056 684 2122 collatum.
726 2057 771 2124 Hi
803 2069 941 2145 quatuor
971 2081 1109 2124 unacum
1143 2058 1266 2143 reliquo
1294 2054 1429 2140 collegio
1461 2054 1557 2119 huius

132 2155 301 2222 facultatis
322 2156 459 2240 negocia
479 2154 606 2242 collegii
627 2158 778 2222 conmuni
799 2157 932 2224 consilio
953 2167 985 2224 et
1005 2181 1104 2246 opera
1125 2158 1368 2236 administrent,
1396 2176 1435 2219 ac
1457 2151 1557 2219 fideli-

134 2267 197 2338 ter,
229 2265 265 2320 ut
298 2255 333 2318 in
363 2254 501 2320 ecclesia
533 2255 768 2341 gubernatores
800 2258 909 2323 facere
942 2257 1048 2340 decet,
1080 2258 1287 2325 concordiam
1318 2253 1492 2342 praecipue
1523 2252 1557 2316 in
1569 2261 1598 2316 15

132 2355 285 2421 doctrina
304 2363 462 2419 tueantur.

218 2454 254 2520 Si
282 2455 353 2540 quis
382 2462 487 2518 autem
509 2454 543 2517 in
565 2453 630 2518 alia
652 2454 820 2521 academia
848 2457 944 2521 fuerit
971 2469 1103 2524 ornatus
1132 2457 1237 2543 gradu
1265 2456 1463 2536 doctoratus,
1489 2475 1555 2518 nou

132 2556 310 2641 recipiatur
322 2555 355 2616 in
366 2551 428 2617 boo
442 2550 622 2639 collegium,
636 2555 699 2618 nisi
716 2559 807 2640 prius
819 2553 991 2642 explorata
1006 2558 1047 2622 sit
1063 2559 1132 2622 sius
1145 2555 1282 2622 eruditio
1298 2565 1330 2620 et
1347 2553 1507 2618 sententia
1521 2553 1556 2616 in

132 2654 264 2742 publica
291 2652 518 2738 disputatione,
548 2653 818 2736 quemadmodum
846 2655 931 2719 infra
957 2656 1156 2739 monebitur3
1185 2665 1216 2720 et
1243 2677 1364 2735 omnes,
1393 2655 1448 2738 qui
1474 2651 1556 2717 reei-

131 2756 272 2841 piuntur,
294 2751 347 2816 vel
373 2751 427 2816 hic
449 2750 500 2815 vel
526 2750 606 2816 alibi
629 2755 735 2817 ornati
755 2754 862 2839 gradu
884 2754 1079 2838 doctoratus,
1107 2758 1230 2837 iurent,
1259 2777 1293 2820 se
1313 2752 1451 2820 fideliter
1471 2751 1600 2816 huucw

132 2874 326 2919 consensum
348 2850 515 2917 doctrinae
539 2861 705 2918 secuturos
728 2865 758 2918 et
780 2853 970 2920 defensamus
992 2878 1072 2922 esse.

743 3037 949 3086 LEGTIONES.

757 3153 867 3219 Caput
885 3157 942 3208 111.

216 3267 353 3354 Semper
382 3277 550 3332 enarretur
578 3266 620 3332 ab
648 3291 712 3334 uno
740 3290 781 3334 ex
809 3269 860 3335 his
890 3269 972 3336 liber
1001 3270 1118 3358 aliquis
1144 3273 1263 3336 veteris
1290 3271 1490 3352 testamenti,
1519 3289 1558 3333 ac

131 3368 323 3455 saepissime
344 3375 533 3453 repetantur
555 3369 797 3434 ennarrationes
821 3369 977 3456 epistolae
1000 3369 1093 3436 Pauli
1122 3370 1165 3436 ad
1193 3371 1366 3453 Romanos,
1395 3367 1598 3454 evangelii25

129 3466 273 3548 Ioannis,
298 3465 505 3553 psalmorum,
533 3469 671 3554 genesis,
692 3467 823 3533 Esaiae.
866 3469 950 3536 Nam
974 3469 1103 3536 bilibri
1126 3473 1267 3536 maxime
1288 3469 1416 3535 erudire
1438 3466 1558 3534 studio-

130 3589 184 3634 sos
208 3565 248 3630 de
271 3566 455 3653 praecipuis
474 3565 554 3631 locis
575 3566 741 3632 doctrinae
764 3567 970 3634 Christianae
991 3581 1135 3656 possunt.

217 3679 278 3770 [Bl.
299 3677 351 3768 qs]
381 3680 549 3748 Interdum
580 3685 679 3748 etiam
707 3707 789 3748 unus
819 3708 861 3750 ex
887 3686 1126 3772 professoribus
1143 3693 1285 3752 ‘enarret
1310 3685 1429 3750 librum
1451 3683 1559 3770 Augu·

131 3783 210 3848 stini
239 3781 280 3846 de
307 3780 425 3867 spiritu
455 3789 487 3844 et
518 3781 624 3865 litera,
656 3794 714 3848 aut
745 3785 813 3848 eius
845 3788 974 3870 generis
1004 3785 1153 3873 aliquem,
1184 3794 1219 3850 ut
1250 3785 1383 3852 videant
1414 3783 1558 3866 studiosi,

131 3879 344 3946 ecclesiarum
373 3888 559 3948 nostrarum
589 3881 769 3949 doctrinam
797 3885 895 3950 etiam
923 3885 1044 3951 habere
1073 3884 1286 3950 eruditiorum
1313 3893 1443 3973 patrum
1470 3884 1601 3949 testi-³0

130 4003 252 4046 moma.

214 4079 259 4143 Et
278 4080 313 4143 in
335 4080 595 4146 enarrationibus
618 4081 758 4171 simplex
779 4084 899 4148 veritas
929 4083 1067 4150 candide
1095 4093 1277 4172 quaeratur,
1308 4086 1400 4149 iuxta
1425 4082 1558 4149 manda·

129 4190 199 4245 tum
220 4178 284 4262 dei,
313 4188 344 4243 et
365 4188 453 4244 recte
481 4202 520 4244 ac
550 4185 684 4268 proprio
707 4193 738 4248 et
759 4183 933 4270 perspicuo
955 4206 1072 4270 genere
1095 4185 1251 4249 sermonis
1280 4183 1470 4270 explicetur,
1499 4206 1560 4248 nec

129 4277 247 4344 ludant
275 4278 478 4365 professores
512 4280 675 4367 ambiguis
707 4283 891 4364 involucris,
924 4305 984 4348 uec
1015 4283 1155 4368 collegas
1186 4283 1237 4348 vel
1270 4284 1479 4349 criminentur
1508 4283 1559 4348 vel

130 4375 285 4464 sugillent
305 4379 339 4442 in
367 4375 442 4442 ullis
469 4379 744 4465 praelectionibus
771 4391 825 4446 aut
846 4379 1127 4468 disputationibus,
1157 4381 1213 4448 sed
1240 4385 1295 4470 qui
1317 4381 1398 4449 haec
1425 4385 1600 4449 fecerinttt

131 4478 262 4548 serere¹
284 4478 383 4543 totius
405 4475 593 4543 academiae
615 4480 735 4547 iudicio
756 4483 941 4569 puniantur.

212 4575 324 4641 Horae
344 4578 391 4641 ita
413 4575 660 4664 distribuantur,
692 4605 732 4646 ne
762 4582 824 4647 duo
854 4581 988 4646 eandem
1016 4581 1138 4664 horam,
1169 4583 1232 4647 nisi
1261 4605 1385 4648 summo
1414 4581 1556 4666 consilio,

130 4685 302 4762 occupent,
323 4697 363 4740 ne
384 4698 481 4763 quam
504 4675 751 4746 aemulationem
773 4704 812 4746 ea
833 4703 886 4746 res
906 4681 1030 4767 pariat3
1053 4680 1173 4768 fiatque
1194 4681 1349 4748 horarum
1371 4679 1556 4747 distributio

128 4773 251 4840 iudicio
273 4773 389 4841 decani
412 4785 443 4841 et
464 4777 563 4842 totius
582 4775 710 4865 collegii
733 4780 895 4845 facultatis
919 4778 1130 4865 theologicae.

215 4873 279 4954 Qui
297 4874 374 4940 libri
396 4899 417 4940 a
439 4875 557 4962 quibus
580 4877 755 4943 enarrandi
777 4881 851 4961 sint,
873 4881 1118 4961 constituantur,
1145 4881 1201 4967 qui
1224 4882 1290 4968 pia,
1316 4879 1408 4945 utilia
1429 4879 1598 4964 studiis,l⁰

130 4972 278 5039 moribus
299 4996 338 5039 ac
359 4983 438 5062 apta
458 4974 660 5062 temporibus
683 4979 813 5064 eligant,
835 4988 867 5043 et
887 4978 949 5044 hae
970 4977 1214 5044 distributiones
1235 4980 1388 5046 horarum
1407 4988 1438 5044 ct
1457 4978 1556 5045 libro·

217 5245 228 5295 1
248 5238 286 5294 Es
302 5238 339 5294 ist
356 5239 416 5296 bier
432 5238 488 5294 und
505 5238 542 5294 im
559 5239 722 5310 Folganuen
738 5259 847 5298 ravam
866 5241 1054 5314 gescbrieben.
