3762 6074
508 515 594 568 Acbte
613 519 877 586 sumrenreoaenon,
894 535 955 570 vom
974 521 1056 572 lehre
1075 519 1146 574 1558.
1480 523 1540 586 527

201 698 327 765 Eadem
349 701 458 766 omnia
485 699 526 765 de
554 699 747 786 petitoribus
771 703 951 788 magisterii
980 701 1205 785 servabuntur,
1234 713 1358 767 tantum
1380 703 1419 767 iis
1441 713 1544 767 muta-

115 801 169 881 tis,
192 821 276 886 quae
297 802 416 864 mutari
437 823 490 864 res
512 809 614 885 coget,
635 801 787 865 nimirum
807 791 932 866 ratione
951 803 1111 866 examinis
1132 811 1164 866 et
1183 803 1400 888 inquisitionis
1421 803 1454 866 in
1473 825 1544 866 cur·

115 921 188 963 sum
210 899 377 964 doctrinae
405 909 437 964 ct
466 899 518 964 his
545 898 720 982 similibus3
750 923 824 964 nam
852 900 892 965 de
919 903 1174 967 renunotiatione
1194 923 1353 966 novorum
1374 903 1544 987 magistro·

114 1019 187 1061 rum
211 997 455 1083 supradictum
478 1009 545 1063 est..

202 1112 238 1178 Si
261 1115 317 1200 qui
338 1115 420 1180 forte
440 1117 473 1179 in
494 1113 559 1179 alia
579 1114 747 1180 academia
770 1115 838 1180 sius
860 1117 1016 1202 temporis
1038 1139 1167 1182 cursum
1182 1117 1358 1182 confecisse
1378 1139 1411 1180 se
1426 1115 1543 1196 dicent,
1571 1123 1587 1178 5

116 1234 180 1298 quo
210 1210 265 1277 hic
292 1214 468 1278 secundum
499 1223 620 1278 statuta
647 1216 773 1279 versari
797 1211 860 1301 [26]
888 1214 1089 1298 debuissent,
1119 1225 1150 1279 et
1179 1216 1316 1281 coluisse
1344 1215 1400 1279 illa
1429 1214 1547 1296 studia,

117 1311 236 1398 quibus
264 1322 300 1376 ut
326 1313 420 1377 detur
448 1335 549 1399 opera
581 1313 830 1399 praescribitur,
862 1316 885 1377 ii
915 1314 1044 1400 publico
1074 1327 1130 1378 aut
1159 1326 1244 1380 certe
1273 1337 1399 1396 eorum,
1430 1313 1546 1398 quibus

116 1411 385 1498 praeceptoribus
399 1413 449 1476 usi
466 1421 550 1495 sunt,
571 1414 763 1495 testimonio,
785 1412 846 1477 boc
867 1412 913 1476 ita
934 1435 968 1478 se
983 1413 1112 1496 babere,
1135 1414 1267 1500 planum
1289 1415 1396 1478 faeere
1419 1411 1545 1477 debent.

118 1508 216 1590 Quod
239 1511 267 1576 si
288 1511 438 1594 feceriut,
468 1514 580 1600 petitio
603 1513 750 1598 ipsorum
770 1512 958 1577 admittetur
981 1514 1105 1598 pariter
1126 1523 1160 1576 ut
1184 1512 1329 1578 aliorum.

172 1711 220 1757 DE
242 1711 424 1776 exuentem,
448 1711 507 1770 QUI
528 1713 621 1758 ALIBl
642 1711 804 1760 HONORES
828 1712 1083 1760 senonssmcos
1106 1713 1298 1761 CONSECUTI
1319 1714 1443 1778 FUERE,
1465 1714 1499 1760 IN
1562 1706 1593 1762 ll)

511 1810 725 1858 NOSTROBUM
746 1811 917 1858 Nunsaun
938 1813 1163 1860 REFERENDIS.

742 1929 851 1992 Caput
869 1931 930 1980 XV.

206 2040 272 2121 Qui
292 2043 327 2106 in
349 2043 415 2108 alia
439 2044 608 2110 academia
634 2042 819 2108 bucularius
845 2046 1042 2129 magisterve
1071 2045 1174 2109 factus
1203 2046 1300 2110 suerit
1327 2057 1359 2108 et
1384 2046 1418 2108 in
1440 2067 1548 2109 nume·

119 2163 193 2206 rum
215 2150 399 2206 nostrorum
422 2152 510 2228 petet
537 2144 667 2224 referri,
694 2146 723 2207 is
744 2143 867 2208 decano
895 2142 1054 2208 indicabit
1084 2145 1270 2229 petitionem
1303 2167 1394 2208 suam
1424 2155 1455 2208 et
1485 2146 1549 2231 pri·

120 2262 208 2304 mum
243 2240 375 2327 publico
405 2243 588 2306 testimonio
622 2245 858 2307 communitatis
888 2243 1074 2308 academiae
1102 2243 1204 2326 illius,
1237 2246 1270 2307 in
1301 2267 1365 2330 qua
1393 2243 1549 2308 honorum
1564 2253 1592 2306 15

121 2338 234 2404 titulos
257 2349 463 2405 consecutum
486 2363 521 2406 se
543 2363 614 2406 esse
635 2341 734 2424 dicet,
764 2341 827 2408 boc
849 2342 980 2428 planum
1002 2344 1109 2426 iaciat,
1132 2343 1249 2407 deinde
1270 2342 1421 2429 publicae
1441 2341 1549 2429 dispu-

119 2438 254 2520 tationi,
286 2441 376 2504 cuius
404 2441 513 2527 capita
544 2443 616 2527 ipse
645 2441 685 2505 de
714 2444 872 2506 sententia
903 2440 1017 2506 decani
1046 2465 1227 2528 proponere
1259 2441 1370 2523 debet,
1400 2445 1551 2528 praeerit.

119 2537 165 2602 Et
180 2540 238 2620 ita,
253 2549 422 2603 numerata
436 2541 658 2604 communitati
673 2541 820 2626 pecunia,
840 2541 910 2604 loco
926 2545 1135 2606 conveniente
1152 2543 1236 2606 inter
1251 2541 1434 2606 bacularios
1449 2543 1550 2628 magi-

121 2649 251 2702 strosve
273 2638 494 2725 perscribatur
515 2661 632 2704 nomen
652 2641 767 2726 ipsius,
789 2650 820 2704 et
839 2662 922 2704 unus
945 2663 985 2704 ex
1007 2641 1125 2705 nostris
1148 2640 1341 2706 censebitur.

416 2837 463 2886 Dii
483 2839 708 2888 eunomiana
730 2839 859 2888 bacam
878 2840 923 2886 ΕΤ
945 2839 1093 2886 consuat
1115 2838 1263 2889 PUBLICI.
1559 2829 1592 2884 20

739 2957 846 3020 Caput
865 2959 942 3008 XVI.

207 3067 337 3134 Placuit
366 3071 527 3153 constitui,
554 3081 589 3135 ut
611 3091 722 3136 omnes
744 3071 902 3156 magistri,
933 3082 1088 3158 quantum
1117 3071 1159 3135 ad
1191 3071 1370 3136 studiorum
1396 3071 1553 3134 rationem

122 3179 156 3234 et
178 3178 339 3234 tractatus
362 3173 484 3252 attinet,
508 3169 644 3234 subiecti
669 3166 731 3255 [27]
757 3170 820 3233 sint
841 3169 954 3232 ditioni
978 3169 1092 3234 decani
1118 3182 1149 3234 ot
1172 3171 1294 3257 publici
1316 3169 1451 3252 consilii,
1477 3191 1553 3252 quo·

122 3291 198 3332 rum
222 3271 426 3334 autoritatem
455 3271 509 3357 qui
537 3271 697 3356 spreverit
722 3276 755 3332 et
779 3267 924 3353 legitima
946 3269 1035 3334 iussa
1062 3269 1257 3354 neglexerit,
1285 3269 1325 3333 de
1347 3291 1385 3333 eo
1407 3267 1554 3334 consulta

122 3369 350 3450 communitas,
380 3367 457 3454 quid
484 3370 592 3434 facere
615 3369 813 3433 sustinereve
842 3389 965 3453 poenae
995 3370 1123 3432 nomine
1151 3369 1283 3450 debeat,
1312 3367 1469 3432 decernet.
1510 3364 1596 3430 Etis

122 3467 257 3532 decreto
280 3471 501 3556 unusquisque
523 3469 661 3556 parebit.
700 3468 741 3533 Ni
764 3468 923 3552 paruerit,
946 3466 1107 3552 quomodo
1131 3467 1269 3532 audacia
1287 3467 1362 3531 talis
1385 3466 1553 3532 cohercea-

121 3578 188 3649 tur,
213 3565 460 3652 deliberabitur3
490 3579 537 3652 et,
568 3571 596 3634 si
622 3589 754 3633 necesse
783 3567 838 3648 sit,
869 3567 1026 3630 severitas
1054 3589 1090 3630 eo
1119 3567 1287 3652 procedet,
1317 3577 1353 3630 ut
1378 3577 1553 3630 contumax

122 3669 198 3731 iure
219 3675 251 3732 et
273 3689 330 3754 spe
351 3666 591 3734 commodorum
615 3669 664 3733 sui
687 3665 770 3732 tituli
791 3664 834 3730 ad
855 3675 976 3730 certum
998 3675 1125 3752 tempus
1147 3669 1302 3754 privetur.
1337 3665 1402 3746 Qui
1423 3668 1456 3730 in
1478 3686 1553 3729 oon·

122 3764 199 3830 silio
223 3775 330 3830 autem
352 3765 480 3853 publico
504 3779 606 3850 erunt,
634 3769 659 3832 ii
680 3766 785 3832 nullas
807 3767 1027 3830 contentiones
1051 3776 1106 3830 aut
1127 3766 1209 3848 lites,
1238 3789 1427 3854 quacunque
1455 3764 1495 3830 de
1520 3789 1555 3830 re

122 3875 227 3947 ortas,
256 3865 318 3930 alio
342 3865 501 3947 delerent,
530 3878 587 3932 aut
613 3865 695 3932 ullas
723 3866 946 3932 accusationes
968 3868 1134 3930 instituent
1162 3865 1240 3930 alibi
1267 3888 1362 3952 quam
1391 3866 1433 3930 ad
1462 3865 1598 3930 deca-30

121 3989 204 4030 niun
234 3976 266 4028 et
297 3987 407 4029 coram
434 3965 567 4032 decano.
610 3967 642 4030 ls
667 3966 816 4030 omnibus
842 3965 948 4029 modis
969 3965 1120 4047 tentabit,
1148 3977 1184 4030 ut
1211 3967 1450 4030 controversiae
1472 3987 1556 4030 com·

122 4073 291 4152 ponantur
313 4074 367 4128 aut
390 4063 593 4150 decidantur,
615 4064 667 4130 vel
695 4089 765 4130 cum
793 4065 878 4130 bona
906 4066 1014 4149 gratia
1036 4063 1088 4128 vel
1117 4065 1282 4128 sentencia
1309 4087 1368 4128 sua
1396 4075 1428 4130 et
1454 4065 1557 4129 senio·

122 4185 210 4230 rum.
253 4161 288 4227 Si
317 4173 425 4229 tamen
446 4163 564 4252 aliquis
591 4175 763 4251 gravatum
785 4188 818 4230 se
841 4165 923 4228 forte
950 4173 1056 4250 putet,
1083 4164 1113 4227 ei
1139 4163 1278 4227 liberum
1300 4174 1369 4228 esto
1391 4161 1558 4251 appellare

121 4263 265 4329 rectoris
288 4264 515 4348 cognitionem.

214 4413 268 4476 Ad
290 4412 405 4478 decani
428 4415 524 4478 etiam
547 4415 643 4480 fidem
666 4416 819 4501 pertinet,
848 4423 883 4477 ut
913 4411 992 4477 nihil
1024 4423 1113 4477 curet
1142 4411 1346 4478 referendum
1377 4416 1409 4478 in
1438 4414 1600 4479 librumti

123 4511 306 4600 publicum,
335 4514 398 4577 nisi
420 4517 691 4578 communicatum
714 4535 787 4578 cum
810 4511 989 4577 senioribus
1017 4523 1048 4576 et
1069 4511 1111 4576 ab
1134 4513 1183 4577 bis
1206 4513 1432 4599 approbatum,
1461 4526 1495 4576 ut
1518 4513 1558 4577 de

123 4613 290 4679 sententia
311 4635 422 4678 eorum
442 4625 651 4678 monumenta
673 4613 805 4700 publica
826 4612 1049 4677 conficiantur.

330 4948 666 5014 altemanius,
689 4945 1147 5010 Quisncnnsnnstnnl
1169 4949 1360 4998 CUPIENT.
1406 4984 1412 5005 ,

216 5081 263 5171 [S.
285 5082 336 5170 28]
366 5083 431 5166 „Et
453 5085 624 5170 petitiones
646 5092 679 5148 et
699 5081 911 5146 admissiones
932 5103 1059 5162 eorum,
1090 5085 1145 5170 qui
1171 5081 1364 5146 testimoniis
1393 5091 1425 5145 et
1455 5081 1557 5146 titulis

125 5185 244 5254 ornari
276 5193 447 5274 cuperent,
480 5193 611 5248 nostrae
642 5181 862 5247 communitati
894 5201 1023 5268 semper
1051 5179 1199 5268 diligenti
1228 5203 1325 5246 curae
1352 5179 1496 5266 fuerunt,
1527 5193 1604 5248 utto
