3762 6074
514 543 602 592 Vierts
627 543 892 607 Slatutenredaction,
915 561 968 596 von
992 545 1165 598 llos-1522.
1491 549 1551 616 469

125 743 184 786 nus
213 723 354 809 quinque
381 723 531 810 magistri
561 733 617 790 aut
644 723 821 790 baccalarii
850 726 1046 814 arguebant,
1079 730 1108 794 si
1139 727 1254 794 saltem
1285 737 1333 795 tet
1362 728 1407 795 ibi
1437 731 1558 796 fuerint

128 829 310 908 arguentes.

128 989 175 1052 17.
205 1003 254 1052 ΒΕ
276 1005 421 1056 nunno
442 1007 725 1059 DISPUTAGIONUM
747 1009 1008 1077 meleraoauu,
1034 1011 1160 1072 QUIBUS
1188 1011 1397 1060 BAGCALARH
1426 1012 1556 1061 nnm-

696 1109 766 1157 ΤΗΒ
786 1109 986 1160 nemausas.

208 1218 324 1286 Nullus
352 1223 592 1309 promovendus
613 1225 647 1290 in
676 1224 801 1290 artibus
830 1247 890 1313 pro
912 1225 1100 1310 magisterio
1127 1225 1319 1292 admittatur
1346 1227 1388 1292 ad
1415 1248 1555 1292 examen
1580 1237 1596 1292 5

124 1317 176 1384 vel
205 1329 404 1407 temptamcn
431 1323 465 1387 in
488 1322 623 1405 artibus,
652 1325 715 1388 nisi
742 1325 777 1388 in
799 1324 997 1389 conscicntia
1025 1347 1084 1390 sua
1113 1324 1214 1408 dicat,
1243 1324 1331 1414 quod
1357 1327 1392 1390 in
1421 1327 1557 1413 triginta

125 1417 399 1506 disputationibus
422 1421 597 1488 ordinariis
618 1424 850 1509 magistrorum
871 1445 1026 1510 praesens
1047 1425 1154 1506 fuerit,
1177 1434 1244 1489 tam
1258 1425 1314 1489 diu
1332 1423 1380 1489 ibi
1395 1424 1555 1491 manendo

125 1518 231 1583 donec
252 1518 401 1584 adminus
425 1523 565 1609 quinque
586 1524 736 1609 magistri
758 1521 952 1610 arguebant,
982 1524 1009 1588 si
1037 1522 1151 1588 saltem
1177 1524 1223 1589 ibi
1244 1525 1364 1590 firerint
1384 1530 1433 1590 tot
1452 1525 1555 1610 magi·

124 1619 185 1682 stri
203 1629 388 1704 arguentes.

210 1775 258 1838 18·
280 1787 452 1848 QUOCOENS
472 1787 682 1838 caesanam
702 1789 829 1840 omnus
850 1789 1030 1840 normalem
1052 1791 1265 1841 TENEANTUR
1287 1791 1478 1840 oannem
1565 1783 1598 1839 1⁰

752 1889 932 1938 snomssa.

206 1985 321 2051 Nullus
343 1986 601 2053 baccalariorum
623 1987 720 2054 debet
739 1988 867 2054 admitti
888 1987 931 2053 ad
951 1997 1151 2076 temptamen
1171 2010 1231 2076 pro
1245 1987 1351 2074 gradu
1362 1990 1553 2076 magisterii,

123 2086 188 2150 nisi
209 2086 244 2150 in
265 2088 464 2152 conscientia
486 2109 545 2151 sua
566 2086 664 2170 dicat,
691 2087 778 2174 quod
800 2091 891 2174 prius
913 2089 948 2152 in
968 2089 1103 2174 triginta
1124 2087 1403 2174 disputationibus
1425 2089 1554 2156 ordina-

123 2183 463 2253 riisbaccalariorum
485 2185 654 2272 arguebat,
678 2189 705 2252 si
725 2186 830 2253 locum
852 2186 1011 2272 arguendi
1029 2185 1152 2252 habere
1176 2196 1315 2274 poterat.

186 2355 235 2417 19.
257 2369 304 2416 DE
326 2369 558 2418 APPARIOIONE
581 2369 905 2418 MAGISTRANDORUM
928 2371 965 2418 IN
987 2369 1131 2420 SCAMNIS
1153 2369 1217 2418 SUB
1238 2369 1494 2420 amensamens
1566 2365 1597 2420 15

741 2469 941 2518 ORDINARIA.

207 2566 354 2650 Quilibet
374 2566 644 2652 baccalariorum,
671 2569 704 2634 in
727 2568 851 2634 artibus
873 2568 986 2635 volens
1006 2568 1203 2655 promoveri,
1225 2589 1286 2655 pro
1307 2568 1432 2634 honore
1453 2569 1554 2635 facul·

123 2669 200 2732 tatis
233 2668 359 2732 arcium
392 2669 425 2732 in
458 2667 570 2734 decem
601 2667 879 2755 disputacionibus
908 2667 1082 2733 ordinariis
1115 2667 1149 2730 in
1175 2666 1290 2732 habitu
1319 2669 1447 2754 integro
1480 2677 1555 2734 ante

52 2825 58 2836 .
123 2767 326 2852 apertionem
357 2769 578 2854 temptaminis
609 2789 629 2832 a
656 2767 819 2855 principio
847 2769 941 2832 tercii
969 2767 1181 2855 sophismatis
1213 2789 1379 2855 quousque
1412 2768 1556 2855 quinque

123 2867 274 2952 magistri
296 2865 487 2953 arguebant,
510 2876 551 2950 et,
572 2889 615 2932 ne
634 2866 868 2954 respondentes
890 2865 1051 2949 deficiant,
1071 2877 1207 2953 paratus
1228 2865 1272 2932 ad
1292 2865 1598 2954 respondendumto

123 2965 166 3030 ad
188 2987 416 3053 quamcunque
435 2976 563 3053 partem
584 2976 710 3031 tenetur
729 2987 928 3052 comparere,
947 2963 1031 3053 [21³¹]
1053 2965 1113 3030 snb
1136 2987 1241 3052 poena
1262 2987 1327 3030 non
1348 2963 1556 3032 admissionis

124 3063 167 3128 ad
188 3072 388 3150 tcmptamen
410 3075 555 3153 tempore
577 3087 644 3130 suc.

406 3236 456 3298 20.
479 3249 526 3296 oa
548 3249 687 3297 aarum
708 3249 753 3295 nr
775 3246 928 3296 neamus
947 3245 1272 3295 cacuovarooauu.

204 3361 321 3428 Nullus
348 3363 539 3430 admittatur
562 3363 605 3430 ad
634 3385 771 3430 examen
797 3385 858 3450 pro
885 3361 992 3449 gradu
1014 3359 1252 3427 baccalariatns
1273 3363 1307 3426 in
1328 3359 1464 3445 artibus,
1490 3362 1555 3426 nisi

123 3465 269 3552 attigerit
290 3485 409 3528 annum
432 3463 590 3530 decimum
613 3465 795 3551 septimum,
817 3484 878 3528 nec
899 3483 959 3548 pro
981 3460 1087 3546 gradu
1108 3461 1299 3546 magisterii,
1319 3462 1384 3526 nisi
1406 3463 1595 3547 attigerim

123 3587 244 3630 annum
265 3564 458 3650 vigesimum
480 3565 633 3650 primum,
660 3562 753 3629 etde
779 3562 939 3648 legittimo
960 3561 1167 3626 matrimonio
1196 3569 1291 3625 natus
1322 3561 1379 3643 sit,
1410 3569 1443 3626 et
1471 3560 1554 3626 alias

123 3663 269 3730 moribus
290 3664 557 3730 commendabilis
577 3664 714 3746 existat,
742 3662 790 3726 sic
810 3658 897 3748 qnod
918 3663 953 3724 in
981 3659 1069 3726 nullo
1092 3680 1230 3726 excessu
1250 3659 1387 3726 notabili
1410 3669 1442 3725 et
1463 3668 1553 3726 noto-

122 3765 170 3829 rio
193 3762 414 3850 deprehensns
435 3765 543 3847 fuerit,
565 3762 652 3851 quod
673 3762 714 3827 de
735 3759 878 3850 quolibet
900 3781 1055 3844 seorsum,
1075 3758 1200 3827 scilicet
1221 3759 1262 3826 de
1283 3769 1389 3826 aetate
1406 3767 1438 3825 et
1459 3759 1551 3846 legit-

123 3865 272 3944 timitate,
294 3871 369 3927 ante
397 3861 627 3930 admissionem
653 3861 696 3926 ad
727 3882 863 3926 examen
885 3859 938 3924 vel
965 3869 1163 3946 temptamcn
1189 3883 1248 3948 per
1270 3859 1429 3926 decanum
1450 3860 1554 3948 inqui-

122 3972 214 4028 ratur
226 3960 410 4048 diligenter.
434 3960 524 4042 Quos
545 3963 648 4028 eciam
669 3972 701 4027 et
720 3958 898 4049 quemlibet
917 3960 951 4024 in
973 3959 1091 4048 aliquo,
1111 3969 1147 4025 ut
1165 3961 1393 4048 praemittitur,
1416 3969 1597 4026 excessum

122 4060 269 4144 notabili,
298 4061 425 4128 notorio
449 4061 660 4150 culpabilem¹
691 4059 825 4149 quilibet
844 4060 1076 4145 magistrorum
1099 4061 1205 4126 sciens
1226 4059 1423 4125 denunciare
1445 4068 1477 4124 et
1497 4060 1554 4124 im·

123 4161 238 4250 pedire
263 4170 372 4247 potest
394 4170 426 4226 et
446 4171 582 4245 tenetur,
610 4183 671 4227 nec
700 4161 802 4225 eciam
823 4158 898 4224 talis
925 4160 1126 4245 inposterum
1154 4158 1353 4241 admittatur,
1380 4160 1445 4224 nisi
1473 4158 1554 4226 adeo

123 4259 332 4327 laudabiliter
354 4269 386 4326 et
405 4261 548 4326 virtuose
570 4283 605 4326 se
626 4260 763 4343 rexerit,
795 4259 880 4346 quod
908 4281 950 4324 ex
977 4267 1145 4322 transacta
1166 4259 1313 4323 virtuosa
1334 4259 1403 4324 eius
1424 4260 1494 4324 vita
1513 4259 1555 4324 de

124 4360 334 4447 subsequenti
353 4361 422 4424 cius
443 4362 693 4426 conversacione
721 4357 878 4425 laudabili
907 4367 1143 4445 praesumatur.
1184 4357 1229 4422 Et
1256 4357 1354 4423 talem
1385 4379 1555 4424 excessum

122 4457 262 4525 facultas
293 4460 416 4525 arcium
446 4469 579 4546 reputat
610 4458 786 4525 notabilem
813 4466 846 4522 et
872 4459 1050 4539 notorium,
1080 4457 1121 4523 dc
1149 4479 1212 4543 quo
1244 4478 1303 4544 per
1330 4466 1490 4523 rectorem
1519 4463 1594 4521 et35

123 4581 306 4626 assessores
326 4560 396 4624 eius
416 4559 638 4624 incarceratus
658 4559 769 4642 firerit,
797 4557 849 4623 vel
872 4558 900 4622 si
920 4555 1069 4645 publicus
1090 4558 1332 4622 meretricarius
1352 4557 1464 4638 luerit,
1490 4556 1553 4620 sci·

123 4659 201 4725 lieet
221 4656 309 4747 quod
330 4659 365 4722 in
387 4656 481 4723 domo
503 4657 720 4724 habitacionis
747 4679 825 4723 suae
850 4655 1017 4721 mulierem
1043 4666 1229 4743 suspectam
1252 4655 1382 4742 publice
1402 4655 1550 4735 tenuerit,

122 4758 177 4825 vel
201 4757 245 4822 ad
262 4757 432 4823 comodum
455 4756 573 4822 bursae
594 4779 672 4822 suae
693 4755 792 4822 talem
813 4755 1040 4838 introduxerit,
1061 4754 1115 4821 vel
1136 4754 1202 4820 alia
1223 4754 1318 4820 domo
1341 4776 1398 4820 sen
1419 4751 1551 4818 domun·

124 4858 198 4925 cula
224 4857 277 4922 vel
306 4854 441 4922 comodo
469 4858 632 4922 meretrici
659 4855 810 4943 publicae
837 4855 889 4921 vel
917 4852 1141 4920 meretricibus
1172 4853 1312 4942 publicis
1343 4861 1553 4918 conversatus

122 4959 232 5040 fuerit,
259 4956 311 5022 vel
338 4957 373 5021 in
395 4954 621 5022 collationibus
650 4963 706 5020 aut
733 4955 891 5042 prandiis,
919 4953 976 5018 ubi
1003 4951 1101 5018 talem
1121 4953 1174 5018 vel
1202 4954 1284 5019 tales
1313 4973 1384 5018 esse
1411 4950 1595 5033 sciveritlo

122 5059 230 5139 fuerit,
251 5055 428 5121 veliacum
449 5064 644 5142 suspectum,
665 5053 816 5120 videlicet
836 5051 1062 5142 prostibulum,
1084 5053 1268 5120 visitaverit
1289 5060 1322 5118 et
1341 5049 1383 5116 de
1403 5049 1464 5115 hoc
1479 5070 1553 5116 con·

214 5229 223 5278 1
247 5219 436 5280 Geschrieben
452 5217 526 5275 steht
541 5217 685 5290 mlpabs'lt
