3788 6078
324 468 384 540 554
829 479 879 530 Die
898 479 1082 544 theologlrebs
1101 479 1229 534 Faenius.

325 678 422 743 quarn
444 657 575 726 vocabit
598 659 718 725 amicos
742 681 828 725 suos.
871 659 916 724 Et
935 668 1012 725 tune
1032 661 1188 748 magister
1209 661 1451 728 commissarius
1475 659 1583 724 mittat
1605 681 1665 746 per
1686 679 1739 744 ap·

325 765 393 822 tum
411 761 583 824 nunccium
605 761 764 845 signatum
786 762 854 824 sive
874 760 1011 844 literam,
1035 785 1092 828 suo
1114 762 1221 848 sigillo
1242 763 1403 848 signatam
1412 761 1433 842 ¹,
1455 757 1538 824 baec
1556 758 1660 824 verba
1673 779 1741 822 con·

325 857 493 922 tinentem:
516 859 677 938 „Domine
699 869 916 945 praesentate,
937 863 1007 926 sitis
1029 861 1087 928 tali
1109 861 1161 926 die
1183 873 1214 926 et
1235 861 1316 926 hora
1335 861 1369 924 in
1389 859 1461 926 loeo
1482 857 1542 924 tali
1562 857 1742 944 adeapien·

325 954 400 1020 dum
423 957 591 1022 licenciam
611 959 645 1022 in
668 957 858 1046 theologia“.
901 961 976 1040 Qua
996 960 1090 1026 litera
1110 960 1232 1026 ibidem
1253 959 1383 1047 publice
1402 959 1496 1040 lecta,
1517 965 1743 1046 praesentatus

283 1063 300 1116 5
327 1054 380 1119 (161
403 1058 539 1122 nunerio
561 1081 659 1123 unum
682 1057 839 1123 florenum
856 1082 1031 1124 renensem.
1053 1059 1172 1126 Postea
1192 1059 1248 1124 illa
1272 1057 1325 1123 die
1348 1059 1430 1123 hora
1451 1067 1484 1122 et
1505 1056 1596 1122 locus
1618 1053 1744 1144 publice

323 1154 495 1220 intimetur.
537 1157 575 1222 In
597 1157 650 1222 die
672 1166 778 1222 autem
797 1156 886 1224 boris
906 1170 937 1223 et
965 1159 1035 1224 loco
1063 1159 1225 1246 deputatis
1253 1157 1496 1224 commissarius
1522 1157 1623 1222 faciat
1651 1153 1743 1218 colla·

324 1256 448 1319 cionem
476 1279 535 1344 pro
564 1256 882 1322 recommendaciona
911 1257 1111 1323 licenciandi
1154 1257 1229 1338 Qua
1265 1259 1353 1322 facta
1381 1255 1604 1321 licenciandus
1639 1253 1745 1318 flectat

323 1377 429 1440 genua
451 1364 482 1418 et
503 1356 743 1420 commissarius
765 1355 867 1421 dieat:
910 1357 1132 1439 „Auctoritate
1159 1353 1276 1444 omnill
1289 1353 1487 1443 lblpotentis
1521 1354 1574 1419 dei
1607 1361 1640 1416 et
1661 1350 1744 1416 sedis

324 1453 521 1540 apostolieae
533 1454 630 1519 michi
641 1477 796 1520 concessa
806 1465 837 1520 et
846 1453 1017 1544 (velllper
1029 1455 1193 1522 dominum
1208 1454 1437 1522 cancellarium
1447 1453 1546 1521 michi
1558 1473 1645 1518 nune
1660 1474 1741 1515 com·

285 1563 316 1616 10
325 1555 425 1618 missa
446 1552 487 1618 do
510 1552 570 1617 tibi
594 1553 639 1620 .N.
661 1553 830 1620 licenciam
852 1555 1028 1643 incipiendi
1052 1557 1085 1621 in
1107 1555 1271 1642 theologia
1293 1563 1324 1618 et
1345 1557 1569 1642 magisterium
1588 1553 1673 1615 inea
1694 1572 1742 1614 ca·

324 1651 432 1738 piendi
452 1661 483 1716 et
504 1651 631 1717 demum
654 1663 744 1718 actus
768 1653 810 1718 ad
839 1657 1060 1740 magisterium
1092 1657 1125 1721 in
1154 1655 1317 1740 theologia
1343 1654 1508 1720 faciendi²
1536 1653 1743 1740 pertinentes,

323 1761 495 1838 postquam
527 1749 765 1838 solempnitates
790 1755 932 1819 feceritis
962 1754 1004 1819 ad
1033 1754 1094 1820 hoe
1124 1755 1305 1842 requisitas.
1348 1753 1385 1818 In
1417 1753 1546 1819 nomine
1579 1751 1685 1838 patris
1715 1757 1743 1812 ct

323 1847 380 1914 lilii
404 1860 435 1915 et
459 1851 591 1936 spiritua
613 1851 725 1916 sancti.
746 1851 881 1916 Amen.“

734 2023 781 2084 17.
802 2037 848 2084 nn
870 2035 1117 2086 vnsrnnuunrs
1140 2035 1323 2097 sanemur.

285 2175 315 2231 15
408 2167 587 2254 Vesperiae
614 2167 693 2232 fiant
717 2178 793 2254 post
819 2168 991 2256 prandium
1021 2169 1083 2234 hoe
1103 2170 1207 2236 modo.
1249 2169 1407 2256 Magister
1435 2179 1551 2234 tenens
1580 2165 1744 2252 vesperias

326 2265 468 2352 disputet
488 2289 586 2330 unam
608 2268 839 2354 quaestionem,
862 2269 904 2334 ad
927 2293 1025 2358 quam
1045 2270 1256 2358 respondebit
1277 2291 1359 2334 unus
1383 2267 1423 2332 de
1450 2265 1663 2346 bacealariis,
1697 2265 1743 2326 oui

328 2365 517 2451 praesidens
540 2375 657 2450 arguat
679 2377 710 2430 et
732 2365 873 2432 breviter
894 2369 1036 2456 replicet.
1077 2371 1156 2435 Post
1182 2370 1245 2434 boe
1272 2390 1382 2434 omnes
1410 2363 1588 2430 baccalarii
1610 2375 1745 2449 arguant

325 2465 552 2550 perordinem,
572 2475 604 2529 et
625 2473 698 2550 post
720 2477 909 2550 argumenta
931 2468 1189 2535 baccalariorum
1214 2469 1382 2556 proposita
1404 2464 1464 2532 soli
1479 2465 1599 2530 seniori
1617 2484 1744 2548 respon-

325 2562 450 2627 deatur.
491 2563 573 2626 Item
603 2573 678 2650 post
702 2563 764 2628 hoc
786 2567 892 2632 senior
923 2571 1152 2654 magistrorum
1181 2579 1255 2634 actu
1287 2567 1489 2652 regensium,
1532 2565 1588 2650 qui
1624 2562 1745 2627 nonsit

282 2669 316 2724 2⁰
328 2661 527 2748 praesidens,
550 2673 711 2747 proponat
733 2667 954 2750 quaestionem
976 2690 1048 2731 eum
1070 2668 1279 2754 exposieione
1300 2667 1512 2730 terminorum
1533 2674 1743 2748 etargumen·

325 2760 366 2822 tis
392 2781 450 2845 pro
470 2771 607 2846 utraque
630 2770 739 2846 parte3
762 2785 825 2850 qua
849 2787 907 2850 per
927 2767 1178 2853 vesperiandum
1201 2765 1425 2846 determinata,
1448 2764 1605 2849 magister
1628 2781 1740 2847 propo-

325 2881 404 2922 nens
427 2859 645 2942 quaestionem
679 2874 795 2946 arguat
829 2875 942 2929 contra
970 2865 1058 2930 dieta
1084 2865 1194 2952 aliqua
1222 2875 1254 2930 et
1281 2874 1393 2951 postea
1423 2885 1561 2951 sequens
1590 2861 1742 2945 magister

326 2955 409 3044 [¹2⁵]
435 2967 509 3022 actu
528 2979 643 3043 regens
661 2971 773 3026 contra
794 2961 868 3043 alia,
890 2975 1003 3028 eontra
1025 2985 1107 3052 quae
1136 2987 1194 3052 per
1222 2963 1471 3052 praecedentem
1492 2983 1556 3026 non
1578 2971 1630 3025 est
1650 2981 1740 3044 argu·

322 3067 398 3120 tum.
443 3055 514 3121 Hoc
534 3059 620 3123 facto
651 3058 708 3124 liat
733 3063 1010 3128 recommendacio
1037 3063 1245 3151 vesperiandi
1272 3085 1332 3150 per
1360 3063 1551 3148 magistrum
1581 3059 1745 3145 vesper-ias

280 3163 491 3222 25tenentem.

707 3315 751 3378 18.
779 3331 825 3378 nn
848 3330 946 3396 mma,
969 3331 1060 3390 Quen
1083 3331 1189 3378 incur
1211 3331 1247 3378 6(
1268 3330 1369 3380 suna.

404 3459 484 3526 Item
506 3461 539 3525 in
561 3459 635 3526 aula
656 3462 761 3546 primo
783 3461 941 3528 aulandns
970 3464 1080 3529 flectat
1108 3485 1215 3548 genua
1246 3470 1277 3528 et
1310 3465 1395 3528 iuret
1427 3462 1652 3525 reverenciam
1683 3483 1743 3524 ma-

322 3560 496 3646 gistrorum
519 3571 550 3624 et
571 3559 655 3646 quod
677 3559 771 3624 fidele
792 3563 1011 3627 testimonium
1034 3561 1203 3649 perhibeat
1233 3560 1272 3626 de
1294 3559 1536 3648 promovendis,
1563 3561 1642 3624 item
1663 3558 1745 3647 quod

324 3659 442 3724 bonnm
462 3659 682 3723 universitatis
704 3668 736 3723 et
757 3659 920 3724 facultatis
942 3660 1152 3748 theologicae,
1184 3661 1226 3725 ad
1253 3681 1477 3748 quemcunque
1509 3669 1628 3724 statum
1655 3658 1744 3724 deve

283 3761 421 3839 3066111,
446 3757 644 3845 procurabit.
673 3757 727 3821 Ex
749 3767 826 3822 tunc
848 3761 1004 3846 magister
1026 3783 1113 3842 suus,
1135 3762 1286 3848 imposito
1310 3759 1372 3825 sibi
1397 3758 1529 3841 birreto,
1554 3757 1659 3822 dieat:
1680 3759 1746 3840 „ln-

325 3857 454 3942 cipiatie
475 3858 509 3920 in
530 3855 658 3920 nomine
679 3858 782 3943 patris
803 3867 834 3922 et
855 3857 913 3923 lilii
936 3869 967 3924 et
989 3862 1122 3945 spiritus
1145 3860 1259 3924 saneti.
1281 3859 1418 3924 Amen.“
1448 3857 1492 3922 Et
1513 3860 1625 3922 statim
1646 3881 1745 3924 novus

326 3957 481 4042 magister
501 3955 601 4019 saciat
621 3955 973 4023 recommendacioncm
997 3981 1110 4024 sacrae
1133 3960 1325 4045 scripturae,
1349 3981 1414 4044 qua
1434 3957 1527 4022 linita
1548 3957 1668 4044 aliquis
1684 3980 1745 4022 rna·

326 4055 427 4140 gister
447 4055 480 4118 in
501 4053 625 4119 artibus
646 4053 697 4118 vel
726 4055 809 4121 alins
839 4056 882 4120 ad
909 4057 971 4122 hoe
1002 4058 1148 4144 ydoneus
1178 4081 1314 4143 surgens
1342 4068 1504 4144 proponat
1530 4059 1746 4142 quaestionem

326 4177 398 4218 cum
421 4155 619 4240 argumentis
641 4152 871 4241 disputandam
892 4180 952 4243 per
974 4179 1092 4222 novum
1114 4158 1320 4242 magistrum,
1349 4155 1393 4220 ad
1416 4178 1512 4242 quam
1536 4179 1619 4223 unus
1641 4156 1682 4221 (16
1703 4179 1746 4220 se

284 4252 474 4318 35nioribus
497 4251 690 4320 baccalariis
713 4254 919 4342 respondeat,
941 4258 993 4320 cui
1016 4267 1047 4320 et
1067 4259 1223 4342 magister
1243 4277 1347 4320 novus
1376 4267 1494 4341 arguat
1523 4265 1556 4321 et
1583 4263 1661 4344 post
1679 4277 1746 4320 eum

328 4353 492 4439 magister,
514 4355 568 4440 qui
590 4353 653 4418 sibi
683 4351 838 4418 birretum
865 4355 1027 4442 imposuit.
1071 4356 1150 4420 Post
1181 4355 1242 4420 hoc
1274 4365 1388 4441 surgat
1416 4379 1499 4420 unus
1526 4357 1683 4442 magister
1709 4354 1747 4418 de

329 4452 509 4518 senioribus
532 4463 607 4517 actu
628 4449 823 4540 regenfflb]
832 4453 918 4519 tibus
940 4453 1151 4540 proponendo
1173 4455 1395 4542 quaestionem
1418 4475 1516 4518 unam
1532 4477 1606 4519 eum
1623 4455 1745 4541 exposi-

326 4553 417 4618 cione
437 4552 646 4616 terminorum
669 4560 700 4616 et
721 4555 920 4638 argumentis
942 4554 1017 4618 hine
1046 4552 1140 4636 inde,
1183 4552 1226 4619 ad
1258 4575 1355 4638 quam
1385 4553 1583 4640 respondeat
1605 4577 1688 4624 unus
1709 4554 1745 4618 de

328 4651 509 4717 iunioribus
530 4651 645 4716 stando
668 4675 725 4738 per
746 4660 858 4734 totum,
882 4675 954 4717 cnm
978 4652 1176 4738 aliquociens
1199 4651 1384 4739 replicetur.
1430 4652 1504 4732 Quo
1530 4653 1616 4719 facto
1639 4664 1746 4740 surgat

288 4751 447 4840 toaliqnis
469 4751 576 4816 senior
597 4751 752 4838 magister
774 4761 847 4816 actu
870 4773 985 4839 regens
1007 4763 1083 4839 post
1106 4755 1247 4840 priorem
1268 4761 1512 4840 proponentem,
1536 4753 1591 4840 qni
1613 4751 1743 4818 eandem

410 5058 420 5108 l
441 5050 626 5110 Geschrieben
644 5047 717 5104 steht
733 5052 877 5120 aiqrsutum.

411 5141 426 5191 2
437 5137 571 5206 sneiaub'
587 5133 686 5205 gehbrt
702 5133 826 5192 offenbar
845 5133 936 5190 binter
949 5135 1123 5206 penitentes.
