<?xml version="1.0" encoding="UTF-8"?>
<!DOCTYPE html PUBLIC "-//W3C//DTD XHTML 1.0 Transitional//EN"
    "http://www.w3.org/TR/xhtml1/DTD/xhtml1-transitional.dtd">
<html xmlns="http://www.w3.org/1999/xhtml" xml:lang="en" lang="en">
 <head>
  <title>
</title>
<meta http-equiv="Content-Type" content="text/html;charset=utf-8" />
  <meta name='ocr-system' content='tesseract 3.04.00' />
  <meta name='ocr-capabilities' content='ocr_page ocr_carea ocr_par ocr_line ocrx_word'/>
</head>
<body>
  <div class='ocr_page' id='page_1' title='image "./diestatutenbche00leipgoog_0461.png"; bbox 0 0 3758 6072; ppageno 0'>
   <div class='ocr_carea' id='block_1_1' title="bbox 336 421 1264 490">
    <p class='ocr_par' dir='ltr' id='par_1_1' title="bbox 336 421 1264 490">
     <span class='ocr_line' id='line_1_1' title="bbox 336 421 1264 490; baseline 0.001 -14"><span class='ocrx_word' id='word_1_1' title='bbox 336 423 395 490; x_wconf 73' lang='grc'><strong>440</strong></span> <span class='ocrx_word' id='word_1_2' title='bbox 830 421 882 476; x_wconf 87' lang='lat' dir='ltr'><strong>Die</strong></span> <span class='ocrx_word' id='word_1_3' title='bbox 900 423 1118 488; x_wconf 61' lang='lat' dir='ltr'><strong>philosophialis</strong></span> <span class='ocrx_word' id='word_1_4' title='bbox 1136 424 1264 477; x_wconf 68' lang='lat' dir='ltr'><strong>Facultit.</strong></span> 
     </span>
    </p>
   </div>
   <div class='ocr_carea' id='block_1_2' title="bbox 292 603 1745 1096">
    <p class='ocr_par' dir='ltr' id='par_1_2' title="bbox 292 603 1745 1096">
     <span class='ocr_line' id='line_1_2' title="bbox 336 603 1743 698; baseline 0.004 -26"><span class='ocrx_word' id='word_1_5' title='bbox 336 615 424 672; x_wconf 85' lang='lat' dir='ltr'><strong>mata</strong></span> <span class='ocrx_word' id='word_1_6' title='bbox 445 605 479 670; x_wconf 92' lang='lat' dir='ltr'><strong>in</strong></span> <span class='ocrx_word' id='word_1_7' title='bbox 501 603 610 692; x_wconf 85' lang='lat' dir='ltr'><strong>aliquo</strong></span> <span class='ocrx_word' id='word_1_8' title='bbox 631 605 839 673; x_wconf 91' lang='lat' dir='ltr'><strong>lectoriorum</strong></span> <span class='ocrx_word' id='word_1_9' title='bbox 860 629 933 672; x_wconf 90' lang='lat' dir='ltr'><strong>cum</strong></span> <span class='ocrx_word' id='word_1_10' title='bbox 960 607 1167 674; x_wconf 85' lang='lat' dir='ltr'><strong>intimaciona</strong></span> <span class='ocrx_word' id='word_1_11' title='bbox 1195 605 1327 698; x_wconf 87' lang='lat' dir='ltr'><strong>publica</strong></span> <span class='ocrx_word' id='word_1_12' title='bbox 1353 606 1446 675; x_wconf 85' lang='lat' dir='ltr'><strong>iuxta</strong></span> <span class='ocrx_word' id='word_1_13' title='bbox 1473 617 1620 676; x_wconf 86' lang='lat' dir='ltr'><strong>tenorem</strong></span> <span class='ocrx_word' id='word_1_14' title='bbox 1646 609 1743 676; x_wconf 77' lang='lat' dir='ltr'><strong>statmi</strong></span> 
     </span>
     <span class='ocr_line' id='line_1_3' title="bbox 335 705 1743 797; baseline 0.003 -25"><span class='ocrx_word' id='word_1_15' title='bbox 335 706 475 792; x_wconf 81' lang='lat' dir='ltr'><strong>desuper</strong></span> <span class='ocrx_word' id='word_1_16' title='bbox 489 705 577 788; x_wconf 90' lang='lat' dir='ltr'><strong>editi,</strong></span> <span class='ocrx_word' id='word_1_17' title='bbox 600 715 632 772; x_wconf 90' lang='lat' dir='ltr'><strong>et</strong></span> <span class='ocrx_word' id='word_1_18' title='bbox 652 705 738 795; x_wconf 91' lang='lat' dir='ltr'><strong>quod</strong></span> <span class='ocrx_word' id='word_1_19' title='bbox 758 705 891 772; x_wconf 88' lang='lat' dir='ltr'><strong>honeste</strong></span> <span class='ocrx_word' id='word_1_20' title='bbox 913 729 948 772; x_wconf 88' lang='lat' dir='ltr'><strong>se</strong></span> <span class='ocrx_word' id='word_1_21' title='bbox 967 709 1100 791; x_wconf 88' lang='lat' dir='ltr'><strong>rexerit,</strong></span> <span class='ocrx_word' id='word_1_22' title='bbox 1122 708 1170 772; x_wconf 91' lang='lat' dir='ltr'><strong>sic</strong></span> <span class='ocrx_word' id='word_1_23' title='bbox 1190 706 1279 795; x_wconf 92' lang='lat' dir='ltr'><strong>quod</strong></span> <span class='ocrx_word' id='word_1_24' title='bbox 1302 705 1343 772; x_wconf 94' lang='lat' dir='ltr'><strong>de</strong></span> <span class='ocrx_word' id='word_1_25' title='bbox 1363 708 1450 775; x_wconf 91' lang='lat' dir='ltr'><strong>nullo</strong></span> <span class='ocrx_word' id='word_1_26' title='bbox 1473 710 1609 774; x_wconf 89' lang='lat' dir='ltr'><strong>crimine</strong></span> <span class='ocrx_word' id='word_1_27' title='bbox 1628 709 1743 797; x_wconf 90' lang='lat' dir='ltr'><strong>publice</strong></span> 
     </span>
     <span class='ocr_line' id='line_1_4' title="bbox 339 806 1744 896; baseline 0.003 -26"><span class='ocrx_word' id='word_1_28' title='bbox 339 806 513 870; x_wconf 77' lang='lat' dir='ltr'><strong>infamatus</strong></span> <span class='ocrx_word' id='word_1_29' title='bbox 535 815 591 870; x_wconf 88' lang='lat' dir='ltr'><strong>aut</strong></span> <span class='ocrx_word' id='word_1_30' title='bbox 612 815 780 894; x_wconf 88' lang='lat' dir='ltr'><strong>suspectus</strong></span> <span class='ocrx_word' id='word_1_31' title='bbox 800 807 907 889; x_wconf 80' lang='lat' dir='ltr'><strong>fuerit,</strong></span> <span class='ocrx_word' id='word_1_32' title='bbox 929 806 1054 896; x_wconf 88' lang='lat' dir='ltr'><strong>dequo</strong></span> <span class='ocrx_word' id='word_1_33' title='bbox 1076 829 1111 872; x_wconf 90' lang='lat' dir='ltr'><strong>se</strong></span> <span class='ocrx_word' id='word_1_34' title='bbox 1133 829 1277 896; x_wconf 87' lang='lat' dir='ltr'><strong>purgare</strong></span> <span class='ocrx_word' id='word_1_35' title='bbox 1294 809 1490 896; x_wconf 68' lang='lat' dir='ltr'>nequiverit:</span> <span class='ocrx_word' id='word_1_36' title='bbox 1516 807 1598 874; x_wconf 89' lang='lat' dir='ltr'><strong>alias</strong></span> <span class='ocrx_word' id='word_1_37' title='bbox 1620 809 1663 876; x_wconf 83' lang='lat' dir='ltr'><strong>ad</strong></span> <span class='ocrx_word' id='word_1_38' title='bbox 1681 832 1744 878; x_wconf 90' lang='lat' dir='ltr'><strong>con·</strong></span> 
     </span>
     <span class='ocr_line' id='line_1_5' title="bbox 338 903 1743 995; baseline 0.004 -26"><span class='ocrx_word' id='word_1_39' title='bbox 338 904 445 970; x_wconf 90' lang='lat' dir='ltr'><strong>silium</strong></span> <span class='ocrx_word' id='word_1_40' title='bbox 465 903 628 970; x_wconf 76' lang='lat' dir='ltr'>facultatis</span> <span class='ocrx_word' id='word_1_41' title='bbox 648 926 711 969; x_wconf 91' lang='lat' dir='ltr'><strong>non</strong></span> <span class='ocrx_word' id='word_1_42' title='bbox 733 915 924 972; x_wconf 75' lang='lat' dir='ltr'><strong>assumatur.</strong></span> <span class='ocrx_word' id='word_1_43' title='bbox 968 905 1004 972; x_wconf 87' lang='lat' dir='ltr'><strong>si</strong></span> <span class='ocrx_word' id='word_1_44' title='bbox 1030 917 1139 972; x_wconf 88' lang='lat' dir='ltr'><strong>tamen</strong></span> <span class='ocrx_word' id='word_1_45' title='bbox 1163 907 1198 972; x_wconf 93' lang='lat' dir='ltr'><strong>in</strong></span> <span class='ocrx_word' id='word_1_46' title='bbox 1226 906 1336 995; x_wconf 91' lang='lat' dir='ltr'><strong>aliqua</strong></span> <span class='ocrx_word' id='word_1_47' title='bbox 1361 909 1497 975; x_wconf 75' lang='lat' dir='ltr'>nacione</span> <span class='ocrx_word' id='word_1_48' title='bbox 1526 907 1668 975; x_wconf 87' lang='lat' dir='ltr'><strong>defectus</strong></span> <span class='ocrx_word' id='word_1_49' title='bbox 1695 921 1743 976; x_wconf 91' lang='lat' dir='ltr'><strong>aut</strong></span> 
     </span>
     <span class='ocr_line' id='line_1_6' title="bbox 292 1005 1745 1096; baseline 0.003 -26"><span class='ocrx_word' id='word_1_50' title='bbox 292 1015 309 1070; x_wconf 90' lang='lat'><strong>5</strong></span> <span class='ocrx_word' id='word_1_51' title='bbox 338 1005 468 1071; x_wconf 91' lang='lat' dir='ltr'><strong>omnino</strong></span> <span class='ocrx_word' id='word_1_52' title='bbox 490 1005 638 1092; x_wconf 80' lang='lat' dir='ltr'><strong>paucitas</strong></span> <span class='ocrx_word' id='word_1_53' title='bbox 665 1007 893 1092; x_wconf 86' lang='lat' dir='ltr'><strong>magistrorum</strong></span> <span class='ocrx_word' id='word_1_54' title='bbox 922 1005 1020 1089; x_wconf 91' lang='lat' dir='ltr'><strong>foret,</strong></span> <span class='ocrx_word' id='word_1_55' title='bbox 1044 1028 1085 1070; x_wconf 84' lang='lat' dir='ltr'><strong>ex</strong></span> <span class='ocrx_word' id='word_1_56' title='bbox 1105 1016 1184 1072; x_wconf 87' lang='lat' dir='ltr'><strong>tunc</strong></span> <span class='ocrx_word' id='word_1_57' title='bbox 1203 1005 1386 1074; x_wconf 87' lang='lat' dir='ltr'><strong>huiusmodi</strong></span> <span class='ocrx_word' id='word_1_58' title='bbox 1415 1018 1544 1096; x_wconf 88' lang='lat' dir='ltr'><strong>tempus</strong></span> <span class='ocrx_word' id='word_1_59' title='bbox 1570 1007 1745 1096; x_wconf 74' lang='lat' dir='ltr'><strong>septennale</strong></span> 
     </span>
    </p>
   </div>
   <div class='ocr_carea' id='block_1_3' title="bbox 337 1103 1743 1292">
    <p class='ocr_par' dir='ltr' id='par_1_3' title="bbox 337 1103 1743 1292">
     <span class='ocr_line' id='line_1_7' title="bbox 338 1103 1743 1196; baseline 0.005 -28"><span class='ocrx_word' id='word_1_60' title='bbox 338 1105 533 1191; x_wconf 84' lang='lat' dir='ltr'><strong>receptionis</strong></span> <span class='ocrx_word' id='word_1_61' title='bbox 562 1104 656 1169; x_wconf 82' lang='lat' dir='ltr'><strong>iuxta</strong></span> <span class='ocrx_word' id='word_1_62' title='bbox 682 1103 845 1170; x_wconf 85' lang='lat' dir='ltr'><strong>facultatis</strong></span> <span class='ocrx_word' id='word_1_63' title='bbox 879 1105 1002 1170; x_wconf 89' lang='lat' dir='ltr'><strong>arcium</strong></span> <span class='ocrx_word' id='word_1_64' title='bbox 1035 1104 1269 1173; x_wconf 90' lang='lat' dir='ltr'><strong>discrecionem</strong></span> <span class='ocrx_word' id='word_1_65' title='bbox 1300 1108 1474 1196; x_wconf 89' lang='lat' dir='ltr'><strong>anticipari</strong></span> <span class='ocrx_word' id='word_1_66' title='bbox 1508 1118 1541 1173; x_wconf 91' lang='lat' dir='ltr'><strong>et</strong></span> <span class='ocrx_word' id='word_1_67' title='bbox 1570 1106 1743 1176; x_wconf 84' lang='lat' dir='ltr'><strong>abbreviari</strong></span> 
     </span>
     <span class='ocr_line' id='line_1_8' title="bbox 337 1205 483 1292; baseline 0 -23"><span class='ocrx_word' id='word_1_68' title='bbox 337 1205 483 1292; x_wconf 84' lang='lat' dir='ltr'><strong>poterit¹</strong></span> 
     </span>
    </p>
   </div>
   <div class='ocr_carea' id='block_1_4' title="bbox 336 1377 1674 1538">
    <p class='ocr_par' dir='ltr' id='par_1_4' title="bbox 336 1377 1674 1538">
     <span class='ocr_line' id='line_1_9' title="bbox 336 1377 1674 1448; baseline 0.001 -10"><span class='ocrx_word' id='word_1_69' title='bbox 336 1377 364 1438; x_wconf 80' lang='lat'><strong>2·</strong></span> <span class='ocrx_word' id='word_1_70' title='bbox 382 1386 517 1436; x_wconf 82' lang='lat' dir='ltr'><strong>VOLENS</strong></span> <span class='ocrx_word' id='word_1_71' title='bbox 534 1387 631 1448; x_wconf 76' lang='lat' dir='ltr'><strong>Quum</strong></span> <span class='ocrx_word' id='word_1_72' title='bbox 643 1387 811 1435; x_wconf 73' lang='lat' dir='ltr'><strong>muman</strong></span> <span class='ocrx_word' id='word_1_73' title='bbox 833 1387 901 1436; x_wconf 82' lang='lat' dir='ltr'><strong>PRO</strong></span> <span class='ocrx_word' id='word_1_74' title='bbox 923 1387 1093 1437; x_wconf 59' lang='lat' dir='ltr'><strong>munseo</strong></span> <span class='ocrx_word' id='word_1_75' title='bbox 1115 1387 1331 1440; x_wconf 73' lang='lat' dir='ltr'><strong>EAOULTATIS</strong></span> <span class='ocrx_word' id='word_1_76' title='bbox 1352 1391 1470 1440; x_wconf 73' lang='lat' dir='ltr'><strong>DEEET</strong></span> <span class='ocrx_word' id='word_1_77' title='bbox 1491 1389 1674 1440; x_wconf 62' lang='lat' dir='ltr'><strong>aarum</strong></span> 
     </span>
     <span class='ocr_line' id='line_1_10' title="bbox 834 1487 1254 1538; baseline 0.002 -2"><span class='ocrx_word' id='word_1_78' title='bbox 834 1487 968 1538; x_wconf 74' lang='lat' dir='ltr'>CAUSAM</span> <span class='ocrx_word' id='word_1_79' title='bbox 991 1487 1254 1538; x_wconf 66' lang='lat' dir='ltr'><strong>enumeraturum</strong></span> 
     </span>
    </p>
   </div>
   <div class='ocr_carea' id='block_1_5' title="bbox 296 1600 1745 1695">
    <p class='ocr_par' dir='ltr' id='par_1_5' title="bbox 296 1600 1745 1695">
     <span class='ocr_line' id='line_1_11' title="bbox 296 1600 1745 1695; baseline 0.001 -26"><span class='ocrx_word' id='word_1_80' title='bbox 296 1614 327 1670; x_wconf 82' lang='lat'><strong>10</strong></span> <span class='ocrx_word' id='word_1_81' title='bbox 419 1600 561 1686; x_wconf 83' lang='lat' dir='ltr'><strong>Placuit,</strong></span> <span class='ocrx_word' id='word_1_82' title='bbox 584 1601 669 1688; x_wconf 92' lang='lat' dir='ltr'><strong>quod</strong></span> <span class='ocrx_word' id='word_1_83' title='bbox 695 1602 808 1668; x_wconf 90' lang='lat' dir='ltr'><strong>volens</strong></span> <span class='ocrx_word' id='word_1_84' title='bbox 837 1601 976 1691; x_wconf 84' lang='lat' dir='ltr'><strong>aliquem</strong></span> <span class='ocrx_word' id='word_1_85' title='bbox 1003 1605 1233 1691; x_wconf 85' lang='lat' dir='ltr'><strong>magistrorum</strong></span> <span class='ocrx_word' id='word_1_86' title='bbox 1260 1605 1420 1695; x_wconf 91' lang='lat' dir='ltr'><strong>impedire</strong></span> <span class='ocrx_word' id='word_1_87' title='bbox 1448 1628 1508 1693; x_wconf 90' lang='lat' dir='ltr'><strong>pro</strong></span> <span class='ocrx_word' id='word_1_88' title='bbox 1536 1607 1684 1692; x_wconf 78' lang='lat' dir='ltr'><strong>ingressu</strong></span> <span class='ocrx_word' id='word_1_89' title='bbox 1709 1605 1745 1670; x_wconf 87' lang='lat' dir='ltr'><strong>ad</strong></span> 
     </span>
    </p>
   </div>
   <div class='ocr_carea' id='block_1_6' title="bbox 334 1700 1746 1892">
    <p class='ocr_par' dir='ltr' id='par_1_6' title="bbox 334 1700 1746 1892">
     <span class='ocr_line' id='line_1_12' title="bbox 336 1700 1746 1792; baseline -0.001 -21"><span class='ocrx_word' id='word_1_90' title='bbox 336 1702 506 1772; x_wconf 89' lang='lat' dir='ltr'><strong>consilium</strong></span> <span class='ocrx_word' id='word_1_91' title='bbox 525 1702 688 1768; x_wconf 84' lang='lat' dir='ltr'><strong>facultatis</strong></span> <span class='ocrx_word' id='word_1_92' title='bbox 710 1700 806 1768; x_wconf 89' lang='lat' dir='ltr'><strong>debet</strong></span> <span class='ocrx_word' id='word_1_93' title='bbox 827 1701 970 1788; x_wconf 85' lang='lat' dir='ltr'><strong>allegare</strong></span> <span class='ocrx_word' id='word_1_94' title='bbox 990 1703 1223 1770; x_wconf 87' lang='lat' dir='ltr'><strong>racionabilem</strong></span> <span class='ocrx_word' id='word_1_95' title='bbox 1245 1727 1392 1787; x_wconf 84' lang='lat' dir='ltr'><strong>causam,</strong></span> <span class='ocrx_word' id='word_1_96' title='bbox 1414 1727 1473 1792; x_wconf 90' lang='lat' dir='ltr'><strong>per</strong></span> <span class='ocrx_word' id='word_1_97' title='bbox 1501 1706 1657 1770; x_wconf 89' lang='lat' dir='ltr'><strong>maiorem</strong></span> <span class='ocrx_word' id='word_1_98' title='bbox 1683 1728 1746 1792; x_wconf 85' lang='lat' dir='ltr'><strong>par·</strong></span> 
     </span>
     <span class='ocr_line' id='line_1_13' title="bbox 334 1799 1667 1892; baseline -0.001 -22"><span class='ocrx_word' id='word_1_99' title='bbox 334 1815 399 1870; x_wconf 89' lang='lat' dir='ltr'><strong>tem</strong></span> <span class='ocrx_word' id='word_1_100' title='bbox 422 1803 652 1889; x_wconf 86' lang='lat' dir='ltr'><strong>magistrorum</strong></span> <span class='ocrx_word' id='word_1_101' title='bbox 674 1801 714 1866; x_wconf 91' lang='lat' dir='ltr'><strong>de</strong></span> <span class='ocrx_word' id='word_1_102' title='bbox 736 1799 870 1867; x_wconf 90' lang='lat' dir='ltr'><strong>consilio</strong></span> <span class='ocrx_word' id='word_1_103' title='bbox 890 1801 1052 1868; x_wconf 85' lang='lat' dir='ltr'><strong>facultatis</strong></span> <span class='ocrx_word' id='word_1_104' title='bbox 1083 1804 1334 1870; x_wconf 87' lang='lat' dir='ltr'><strong>examinandam</strong></span> <span class='ocrx_word' id='word_1_105' title='bbox 1356 1815 1388 1870; x_wconf 89' lang='lat' dir='ltr'><strong>et</strong></span> <span class='ocrx_word' id='word_1_106' title='bbox 1411 1803 1667 1892; x_wconf 82' lang='lat' dir='ltr'><strong>approbandam.</strong></span> 
     </span>
    </p>
   </div>
   <div class='ocr_carea' id='block_1_7' title="bbox 334 1978 1675 2136">
    <p class='ocr_par' dir='ltr' id='par_1_7' title="bbox 334 1978 1675 2136">
     <span class='ocr_line' id='line_1_14' title="bbox 334 1978 1675 2054; baseline -0.003 -14"><span class='ocrx_word' id='word_1_107' title='bbox 334 1978 361 2041; x_wconf 82' lang='lat'><strong>3·</strong></span> <span class='ocrx_word' id='word_1_108' title='bbox 389 1987 620 2038; x_wconf 78' lang='lat' dir='ltr'><strong>IURAMENTUM</strong></span> <span class='ocrx_word' id='word_1_109' title='bbox 641 1985 807 2034; x_wconf 72' lang='lat' dir='ltr'><strong>morsum</strong></span> <span class='ocrx_word' id='word_1_110' title='bbox 826 1985 1023 2034; x_wconf 67' lang='lat' dir='ltr'><strong>seeundum</strong></span> <span class='ocrx_word' id='word_1_111' title='bbox 1043 1987 1090 2034; x_wconf 81' lang='lat' dir='ltr'><strong>AD</strong></span> <span class='ocrx_word' id='word_1_112' title='bbox 1113 1986 1300 2036; x_wconf 72' lang='lat' dir='ltr'><strong>consumet</strong></span> <span class='ocrx_word' id='word_1_113' title='bbox 1324 1989 1555 2054; x_wconf 66' lang='lat' dir='ltr'><strong>recentum,</strong></span> <span class='ocrx_word' id='word_1_114' title='bbox 1578 1987 1675 2050; x_wconf 82' lang='lat' dir='ltr'><strong>Quon</strong></span> 
     </span>
     <span class='ocr_line' id='line_1_15' title="bbox 744 2085 1265 2136; baseline 0.002 -3"><span class='ocrx_word' id='word_1_115' title='bbox 744 2085 1012 2134; x_wconf 76' lang='lat' dir='ltr'><strong>CORPOEALITER</strong></span> <span class='ocrx_word' id='word_1_116' title='bbox 1038 2086 1265 2136; x_wconf 74' lang='lat' dir='ltr'><strong>PRAESTABIT.</strong></span> 
     </span>
    </p>
   </div>
   <div class='ocr_carea' id='block_1_8' title="bbox 294 2199 1753 2786">
    <p class='ocr_par' dir='ltr' id='par_1_8' title="bbox 294 2199 1753 2688">
     <span class='ocr_line' id='line_1_16' title="bbox 294 2199 1749 2288; baseline 0 -20"><span class='ocrx_word' id='word_1_117' title='bbox 294 2213 324 2269; x_wconf 83' lang='lat' dir='ltr'><strong>u</strong></span> <span class='ocrx_word' id='word_1_118' title='bbox 417 2201 563 2284; x_wconf 81' lang='lat' dir='ltr'><strong>Quilibet</strong></span> <span class='ocrx_word' id='word_1_119' title='bbox 583 2203 738 2288; x_wconf 80' lang='lat' dir='ltr'><strong>magister</strong></span> <span class='ocrx_word' id='word_1_120' title='bbox 764 2202 888 2266; x_wconf 89' lang='lat' dir='ltr'><strong>intrans</strong></span> <span class='ocrx_word' id='word_1_121' title='bbox 912 2199 952 2266; x_wconf 92' lang='lat' dir='ltr'><strong>de</strong></span> <span class='ocrx_word' id='word_1_122' title='bbox 980 2223 1066 2267; x_wconf 89' lang='lat' dir='ltr'><strong>novo</strong></span> <span class='ocrx_word' id='word_1_123' title='bbox 1095 2201 1263 2268; x_wconf 90' lang='lat' dir='ltr'><strong>consilium</strong></span> <span class='ocrx_word' id='word_1_124' title='bbox 1291 2203 1456 2270; x_wconf 84' lang='lat' dir='ltr'><strong>facultatis</strong></span> <span class='ocrx_word' id='word_1_125' title='bbox 1483 2202 1608 2270; x_wconf 86' lang='lat' dir='ltr'><strong>iurabit</strong></span> <span class='ocrx_word' id='word_1_126' title='bbox 1637 2202 1749 2270; x_wconf 86' lang='lat' dir='ltr'><strong>decano</strong></span> 
     </span>
     <span class='ocr_line' id='line_1_17' title="bbox 334 2299 1751 2387; baseline -0.001 -20"><span class='ocrx_word' id='word_1_127' title='bbox 334 2301 393 2367; x_wconf 91' lang='lat' dir='ltr'><strong>sub</strong></span> <span class='ocrx_word' id='word_1_128' title='bbox 414 2302 478 2368; x_wconf 88' lang='lat' dir='ltr'><strong>bac</strong></span> <span class='ocrx_word' id='word_1_129' title='bbox 497 2302 617 2368; x_wconf 90' lang='lat' dir='ltr'><strong>forma:</strong></span> <span class='ocrx_word' id='word_1_130' title='bbox 656 2301 750 2387; x_wconf 82' lang='lat' dir='ltr'><strong>„Ego</strong></span> <span class='ocrx_word' id='word_1_131' title='bbox 773 2301 821 2365; x_wconf 69' lang='grc' dir='ltr'><strong>Ν.</strong></span> <span class='ocrx_word' id='word_1_132' title='bbox 845 2301 916 2366; x_wconf 87' lang='lat' dir='ltr'><strong>iuro</strong></span> <span class='ocrx_word' id='word_1_133' title='bbox 937 2300 1031 2366; x_wconf 89' lang='lat' dir='ltr'><strong>vobis</strong></span> <span class='ocrx_word' id='word_1_134' title='bbox 1054 2299 1178 2366; x_wconf 87' lang='lat' dir='ltr'><strong>decano</strong></span> <span class='ocrx_word' id='word_1_135' title='bbox 1201 2313 1232 2366; x_wconf 89' lang='lat' dir='ltr'><strong>et</strong></span> <span class='ocrx_word' id='word_1_136' title='bbox 1252 2304 1371 2368; x_wconf 86' lang='lat' dir='ltr'><strong>vestris</strong></span> <span class='ocrx_word' id='word_1_137' title='bbox 1401 2301 1645 2368; x_wconf 85' lang='lat' dir='ltr'><strong>successoribus</strong></span> <span class='ocrx_word' id='word_1_138' title='bbox 1670 2324 1751 2368; x_wconf 80' lang='lat' dir='ltr'><strong>reve</strong></span> 
     </span>
     <span class='ocr_line' id='line_1_18' title="bbox 332 2397 1752 2485; baseline -0.001 -17"><span class='ocrx_word' id='word_1_139' title='bbox 332 2403 477 2468; x_wconf 90' lang='lat' dir='ltr'><strong>renciam</strong></span> <span class='ocrx_word' id='word_1_140' title='bbox 497 2411 528 2466; x_wconf 90' lang='lat' dir='ltr'><strong>et</strong></span> <span class='ocrx_word' id='word_1_141' title='bbox 544 2400 765 2468; x_wconf 89' lang='lat' dir='ltr'><strong>obedienciam</strong></span> <span class='ocrx_word' id='word_1_142' title='bbox 780 2403 814 2465; x_wconf 90' lang='lat' dir='ltr'><strong>in</strong></span> <span class='ocrx_word' id='word_1_143' title='bbox 835 2397 933 2466; x_wconf 89' lang='lat' dir='ltr'><strong>licitis</strong></span> <span class='ocrx_word' id='word_1_144' title='bbox 955 2411 987 2467; x_wconf 92' lang='lat' dir='ltr'><strong>et</strong></span> <span class='ocrx_word' id='word_1_145' title='bbox 1008 2401 1166 2485; x_wconf 87' lang='lat' dir='ltr'><strong>honestis,</strong></span> <span class='ocrx_word' id='word_1_146' title='bbox 1188 2412 1220 2466; x_wconf 92' lang='lat' dir='ltr'><strong>et</strong></span> <span class='ocrx_word' id='word_1_147' title='bbox 1241 2424 1372 2468; x_wconf 84' lang='lat' dir='ltr'><strong>servare</strong></span> <span class='ocrx_word' id='word_1_148' title='bbox 1395 2412 1516 2468; x_wconf 87' lang='lat' dir='ltr'><strong>statuta</strong></span> <span class='ocrx_word' id='word_1_149' title='bbox 1536 2413 1569 2468; x_wconf 88' lang='lat' dir='ltr'><strong>et</strong></span> <span class='ocrx_word' id='word_1_150' title='bbox 1590 2401 1752 2469; x_wconf 84' lang='lat' dir='ltr'><strong>statuenda</strong></span> 
     </span>
     <span class='ocr_line' id='line_1_19' title="bbox 333 2500 1753 2591; baseline -0.001 -25"><span class='ocrx_word' id='word_1_151' title='bbox 333 2524 393 2590; x_wconf 90' lang='lat' dir='ltr'><strong>pro</strong></span> <span class='ocrx_word' id='word_1_152' title='bbox 418 2523 514 2589; x_wconf 88' lang='lat' dir='ltr'><strong>posse</strong></span> <span class='ocrx_word' id='word_1_153' title='bbox 536 2524 575 2566; x_wconf 89' lang='lat' dir='ltr'><strong>ac</strong></span> <span class='ocrx_word' id='word_1_154' title='bbox 595 2523 700 2582; x_wconf 93' lang='lat' dir='ltr'><strong>nosse,</strong></span> <span class='ocrx_word' id='word_1_155' title='bbox 723 2522 965 2587; x_wconf 87' lang='lat' dir='ltr'><strong>procurareque</strong></span> <span class='ocrx_word' id='word_1_156' title='bbox 989 2501 1109 2566; x_wconf 91' lang='lat' dir='ltr'><strong>bonum</strong></span> <span class='ocrx_word' id='word_1_157' title='bbox 1131 2500 1305 2566; x_wconf 79' lang='lat' dir='ltr'><strong>facrrltatia</strong></span> <span class='ocrx_word' id='word_1_158' title='bbox 1348 2502 1429 2568; x_wconf 90' lang='lat' dir='ltr'><strong>Item</strong></span> <span class='ocrx_word' id='word_1_159' title='bbox 1451 2505 1534 2585; x_wconf 91' lang='lat' dir='ltr'><strong>iuro,</strong></span> <span class='ocrx_word' id='word_1_160' title='bbox 1556 2501 1654 2591; x_wconf 88' lang='lat' dir='ltr'><strong>quod,</strong></span> <span class='ocrx_word' id='word_1_161' title='bbox 1686 2523 1753 2589; x_wconf 92' lang='lat' dir='ltr'><strong>quo·</strong></span> 
     </span>
     <span class='ocr_line' id='line_1_20' title="bbox 336 2599 1752 2688; baseline -0.001 -21"><span class='ocrx_word' id='word_1_162' title='bbox 336 2604 551 2688; x_wconf 90' lang='lat' dir='ltr'><strong>cienscunque</strong></span> <span class='ocrx_word' id='word_1_163' title='bbox 579 2601 613 2665; x_wconf 90' lang='lat' dir='ltr'><strong>in</strong></span> <span class='ocrx_word' id='word_1_164' title='bbox 641 2599 799 2665; x_wconf 91' lang='lat' dir='ltr'><strong>decanum</strong></span> <span class='ocrx_word' id='word_1_165' title='bbox 829 2609 884 2664; x_wconf 90' lang='lat' dir='ltr'><strong>aut</strong></span> <span class='ocrx_word' id='word_1_166' title='bbox 914 2602 948 2664; x_wconf 93' lang='lat' dir='ltr'><strong>in</strong></span> <span class='ocrx_word' id='word_1_167' title='bbox 969 2600 1225 2666; x_wconf 82' lang='lat' dir='ltr'><strong>examinatorem</strong></span> <span class='ocrx_word' id='word_1_168' title='bbox 1253 2601 1549 2688; x_wconf 88' lang='lat' dir='ltr'><strong>promovendorum</strong></span> <span class='ocrx_word' id='word_1_169' title='bbox 1571 2603 1607 2666; x_wconf 93' lang='lat' dir='ltr'><strong>in</strong></span> <span class='ocrx_word' id='word_1_170' title='bbox 1627 2599 1752 2682; x_wconf 83' lang='lat' dir='ltr'><strong>artibus,</strong></span> 
     </span>
    </p>

    <p class='ocr_par' dir='ltr' id='par_1_9' title="bbox 294 2697 1752 2786">
     <span class='ocr_line' id='line_1_21' title="bbox 294 2697 1752 2786; baseline -0.003 -17"><span class='ocrx_word' id='word_1_171' title='bbox 294 2711 406 2768; x_wconf 72' lang='lat' dir='ltr'><strong>totam</strong></span> <span class='ocrx_word' id='word_1_172' title='bbox 427 2700 471 2765; x_wconf 88' lang='lat' dir='ltr'><strong>ad</strong></span> <span class='ocrx_word' id='word_1_173' title='bbox 492 2700 717 2785; x_wconf 80' lang='lat' dir='ltr'><strong>magisterium</strong></span> <span class='ocrx_word' id='word_1_174' title='bbox 738 2721 835 2786; x_wconf 85' lang='lat' dir='ltr'><strong>quam</strong></span> <span class='ocrx_word' id='word_1_175' title='bbox 858 2697 901 2764; x_wconf 89' lang='lat' dir='ltr'><strong>ad</strong></span> <span class='ocrx_word' id='word_1_176' title='bbox 922 2698 1186 2781; x_wconf 88' lang='lat' dir='ltr'><strong>baccalariatum‚</strong></span> <span class='ocrx_word' id='word_1_177' title='bbox 1211 2698 1332 2766; x_wconf 88' lang='lat' dir='ltr'><strong>electus</strong></span> <span class='ocrx_word' id='word_1_178' title='bbox 1352 2702 1453 2783; x_wconf 87' lang='lat' dir='ltr'><strong>fuero,</strong></span> <span class='ocrx_word' id='word_1_179' title='bbox 1475 2701 1648 2766; x_wconf 88' lang='lat' dir='ltr'><strong>admittere</strong></span> <span class='ocrx_word' id='word_1_180' title='bbox 1665 2698 1752 2764; x_wconf 88' lang='lat' dir='ltr'><strong>velim</strong></span> 
     </span>
    </p>
   </div>
   <div class='ocr_carea' id='block_1_9' title="bbox 335 2797 1754 2986">
    <p class='ocr_par' dir='ltr' id='par_1_10' title="bbox 335 2797 1754 2986">
     <span class='ocr_line' id='line_1_22' title="bbox 338 2797 1754 2887; baseline -0.003 -21"><span class='ocrx_word' id='word_1_181' title='bbox 338 2799 529 2887; x_wconf 88' lang='lat' dir='ltr'><strong>simpliciter</strong></span> <span class='ocrx_word' id='word_1_182' title='bbox 550 2798 665 2884; x_wconf 88' lang='lat' dir='ltr'><strong>dignos</strong></span> <span class='ocrx_word' id='word_1_183' title='bbox 689 2807 722 2863; x_wconf 91' lang='lat' dir='ltr'><strong>et</strong></span> <span class='ocrx_word' id='word_1_184' title='bbox 741 2799 875 2863; x_wconf 89' lang='lat' dir='ltr'><strong>reiicere</strong></span> <span class='ocrx_word' id='word_1_185' title='bbox 896 2798 1056 2885; x_wconf 88' lang='lat' dir='ltr'><strong>indignos.</strong></span> <span class='ocrx_word' id='word_1_186' title='bbox 1098 2798 1154 2866; x_wconf 82' lang='lat' dir='ltr'><strong>Sic</strong></span> <span class='ocrx_word' id='word_1_187' title='bbox 1175 2821 1227 2864; x_wconf 90' lang='lat' dir='ltr'><strong>me</strong></span> <span class='ocrx_word' id='word_1_188' title='bbox 1246 2798 1326 2864; x_wconf 91' lang='lat' dir='ltr'><strong>deus</strong></span> <span class='ocrx_word' id='word_1_189' title='bbox 1353 2799 1485 2866; x_wconf 86' lang='lat' dir='ltr'><strong>adiuvet</strong></span> <span class='ocrx_word' id='word_1_190' title='bbox 1509 2809 1542 2866; x_wconf 90' lang='lat' dir='ltr'><strong>et</strong></span> <span class='ocrx_word' id='word_1_191' title='bbox 1569 2809 1683 2866; x_wconf 74' lang='lat' dir='ltr'><strong>meu</strong></span> <span class='ocrx_word' id='word_1_192' title='bbox 1708 2797 1754 2862; x_wconf 89' lang='lat' dir='ltr'><strong>dei</strong></span> 
     </span>
     <span class='ocr_line' id='line_1_23' title="bbox 335 2898 562 2986; baseline -0.013 -20"><span class='ocrx_word' id='word_1_193' title='bbox 335 2898 535 2986; x_wconf 84' lang='lat' dir='ltr'><strong>evangelia“</strong></span> <span class='ocrx_word' id='word_1_194' title='bbox 550 2898 562 2940; x_wconf 82' lang='lat'><strong>²</strong></span> 
     </span>
    </p>
   </div>
   <div class='ocr_carea' id='block_1_10' title="bbox 292 3090 1752 3348">
    <p class='ocr_par' dir='ltr' id='par_1_11' title="bbox 292 3090 1752 3348">
     <span class='ocr_line' id='line_1_24' title="bbox 334 3090 1751 3163; baseline -0.002 -14"><span class='ocrx_word' id='word_1_195' title='bbox 334 3090 361 3149; x_wconf 85' lang='grc'><strong>4.</strong></span> <span class='ocrx_word' id='word_1_196' title='bbox 386 3099 619 3148; x_wconf 61' lang='lat' dir='ltr'><strong>murmurum</strong></span> <span class='ocrx_word' id='word_1_197' title='bbox 640 3097 794 3158; x_wconf 79' lang='lat' dir='ltr'><strong>SEQUENS</strong></span> <span class='ocrx_word' id='word_1_198' title='bbox 815 3097 1049 3163; x_wconf 71' lang='lat' dir='ltr'><strong>racemum,</strong></span> <span class='ocrx_word' id='word_1_199' title='bbox 1069 3098 1137 3145; x_wconf 84' lang='lat' dir='ltr'><strong>PER</strong></span> <span class='ocrx_word' id='word_1_200' title='bbox 1160 3097 1327 3147; x_wconf 75' lang='lat' dir='ltr'><strong>sumouus</strong></span> <span class='ocrx_word' id='word_1_201' title='bbox 1347 3098 1612 3148; x_wconf 73' lang='lat' dir='ltr'><strong>umvuusmuls</strong></span> <span class='ocrx_word' id='word_1_202' title='bbox 1633 3097 1751 3148; x_wconf 74' lang='lat' dir='ltr'><strong>APPRO·</strong></span> 
     </span>
     <span class='ocr_line' id='line_1_25' title="bbox 332 3195 1752 3264; baseline -0.002 -17"><span class='ocrx_word' id='word_1_203' title='bbox 332 3199 452 3250; x_wconf 76' lang='lat' dir='ltr'>BATUM</span> <span class='ocrx_word' id='word_1_204' title='bbox 472 3200 518 3246; x_wconf 76' lang='grc' dir='ltr'><strong>ΕΤ</strong></span> <span class='ocrx_word' id='word_1_205' title='bbox 538 3198 703 3248; x_wconf 74' lang='lat' dir='ltr'><strong>Domum</strong></span> <span class='ocrx_word' id='word_1_206' title='bbox 724 3198 920 3246; x_wconf 82' lang='lat' dir='ltr'><strong>EPISCOPUM</strong></span> <span class='ocrx_word' id='word_1_207' title='bbox 942 3195 1268 3246; x_wconf 77' lang='lat' dir='ltr'><strong>MERSEBURGENSEM</strong></span> <span class='ocrx_word' id='word_1_208' title='bbox 1287 3196 1555 3264; x_wconf 71' lang='lat' dir='ltr'><strong>commun,</strong></span> <span class='ocrx_word' id='word_1_209' title='bbox 1585 3197 1752 3248; x_wconf 71' lang='lat' dir='ltr'><strong>mmmm</strong></span> 
     </span>
     <span class='ocr_line' id='line_1_26' title="bbox 292 3291 1686 3348; baseline -0.001 0"><span class='ocrx_word' id='word_1_210' title='bbox 292 3291 325 3348; x_wconf 79' lang='lat'><strong>25</strong></span> <span class='ocrx_word' id='word_1_211' title='bbox 417 3298 532 3347; x_wconf 79' lang='lat' dir='ltr'><strong>OMNES</strong></span> <span class='ocrx_word' id='word_1_212' title='bbox 554 3297 719 3346; x_wconf 71' lang='lat' dir='ltr'><strong>nsulsum</strong></span> <span class='ocrx_word' id='word_1_213' title='bbox 741 3298 904 3346; x_wconf 79' lang='lat' dir='ltr'><strong>TEMPORE</strong></span> <span class='ocrx_word' id='word_1_214' title='bbox 927 3296 1157 3346; x_wconf 76' lang='lat' dir='ltr'><strong>RECEPTIONIS</strong></span> <span class='ocrx_word' id='word_1_215' title='bbox 1179 3297 1226 3344; x_wconf 74' lang='lat' dir='ltr'><strong>AD</strong></span> <span class='ocrx_word' id='word_1_216' title='bbox 1251 3295 1440 3346; x_wconf 75' lang='lat' dir='ltr'><strong>cousunuu</strong></span> <span class='ocrx_word' id='word_1_217' title='bbox 1460 3297 1686 3347; x_wconf 69' lang='lat' dir='ltr'><strong>neccaram</strong></span> 
     </span>
    </p>
   </div>
   <div class='ocr_carea' id='block_1_11' title="bbox 292 3411 1755 4595">
    <p class='ocr_par' dir='ltr' id='par_1_12' title="bbox 334 3411 1752 3800">
     <span class='ocr_line' id='line_1_27' title="bbox 417 3411 1752 3502; baseline -0.002 -24"><span class='ocrx_word' id='word_1_218' title='bbox 417 3411 535 3501; x_wconf 57' lang='lat' dir='ltr'><strong>[Blae]</strong></span> <span class='ocrx_word' id='word_1_219' title='bbox 544 3415 648 3496; x_wconf 88' lang='lat' dir='ltr'><strong>„Item</strong></span> <span class='ocrx_word' id='word_1_220' title='bbox 656 3415 737 3494; x_wconf 89' lang='lat' dir='ltr'><strong>iuro,</strong></span> <span class='ocrx_word' id='word_1_221' title='bbox 748 3412 836 3499; x_wconf 91' lang='lat' dir='ltr'><strong>quod</strong></span> <span class='ocrx_word' id='word_1_222' title='bbox 846 3411 1063 3501; x_wconf 85' lang='lat' dir='ltr'><strong>personaevel</strong></span> <span class='ocrx_word' id='word_1_223' title='bbox 1075 3413 1234 3500; x_wconf 89' lang='lat' dir='ltr'><strong>personis,</strong></span> <span class='ocrx_word' id='word_1_224' title='bbox 1243 3421 1356 3476; x_wconf 90' lang='lat' dir='ltr'><strong>contra</strong></span> <span class='ocrx_word' id='word_1_225' title='bbox 1365 3412 1520 3500; x_wconf 90' lang='lat' dir='ltr'><strong>quamvel</strong></span> <span class='ocrx_word' id='word_1_226' title='bbox 1531 3436 1614 3502; x_wconf 89' lang='lat' dir='ltr'><strong>quas</strong></span> <span class='ocrx_word' id='word_1_227' title='bbox 1624 3413 1752 3479; x_wconf 86' lang='lat' dir='ltr'><strong>facultas</strong></span> 
     </span>
     <span class='ocr_line' id='line_1_28' title="bbox 334 3511 1751 3601; baseline -0.002 -23"><span class='ocrx_word' id='word_1_228' title='bbox 334 3515 458 3578; x_wconf 90' lang='lat' dir='ltr'><strong>arcium</strong></span> <span class='ocrx_word' id='word_1_229' title='bbox 475 3523 611 3600; x_wconf 88' lang='lat' dir='ltr'><strong>propter</strong></span> <span class='ocrx_word' id='word_1_230' title='bbox 633 3535 709 3577; x_wconf 89' lang='lat' dir='ltr'><strong>suos</strong></span> <span class='ocrx_word' id='word_1_231' title='bbox 732 3534 887 3578; x_wconf 87' lang='lat' dir='ltr'><strong>excessus</strong></span> <span class='ocrx_word' id='word_1_232' title='bbox 909 3512 1117 3595; x_wconf 87' lang='lat' dir='ltr'><strong>exclusionis,</strong></span> <span class='ocrx_word' id='word_1_233' title='bbox 1139 3511 1363 3598; x_wconf 91' lang='lat' dir='ltr'><strong>suspensionis</strong></span> <span class='ocrx_word' id='word_1_234' title='bbox 1386 3535 1442 3577; x_wconf 92' lang='lat' dir='ltr'><strong>seu</strong></span> <span class='ocrx_word' id='word_1_235' title='bbox 1463 3511 1530 3577; x_wconf 86' lang='lat' dir='ltr'><strong>alia</strong></span> <span class='ocrx_word' id='word_1_236' title='bbox 1549 3515 1667 3601; x_wconf 86' lang='lat' dir='ltr'><strong>quavis</strong></span> <span class='ocrx_word' id='word_1_237' title='bbox 1688 3535 1751 3577; x_wconf 92' lang='lat' dir='ltr'><strong>con·</strong></span> 
     </span>
     <span class='ocr_line' id='line_1_29' title="bbox 334 3609 1749 3700; baseline -0.001 -22"><span class='ocrx_word' id='word_1_238' title='bbox 334 3613 435 3700; x_wconf 77' lang='lat' dir='ltr'><strong>digna</strong></span> <span class='ocrx_word' id='word_1_239' title='bbox 456 3633 563 3698; x_wconf 89' lang='lat' dir='ltr'><strong>poena</strong></span> <span class='ocrx_word' id='word_1_240' title='bbox 584 3613 782 3699; x_wconf 88' lang='lat' dir='ltr'><strong>processerit</strong></span> <span class='ocrx_word' id='word_1_241' title='bbox 810 3622 867 3676; x_wconf 91' lang='lat' dir='ltr'><strong>aut</strong></span> <span class='ocrx_word' id='word_1_242' title='bbox 895 3612 1073 3700; x_wconf 88' lang='lat' dir='ltr'><strong>procedere</strong></span> <span class='ocrx_word' id='word_1_243' title='bbox 1095 3611 1282 3698; x_wconf 85' lang='lat' dir='ltr'><strong>contigerit,</strong></span> <span class='ocrx_word' id='word_1_244' title='bbox 1308 3609 1491 3676; x_wconf 87' lang='lat' dir='ltr'><strong>nullatcnus</strong></span> <span class='ocrx_word' id='word_1_245' title='bbox 1520 3612 1620 3677; x_wconf 87' lang='lat' dir='ltr'><strong>velim</strong></span> <span class='ocrx_word' id='word_1_246' title='bbox 1651 3621 1749 3677; x_wconf 82' lang='lat' dir='ltr'><strong>astare</strong></span> 
     </span>
     <span class='ocr_line' id='line_1_30' title="bbox 334 3709 1749 3800; baseline -0.003 -24"><span class='ocrx_word' id='word_1_247' title='bbox 334 3722 391 3776; x_wconf 90' lang='lat' dir='ltr'><strong>aut</strong></span> <span class='ocrx_word' id='word_1_248' title='bbox 402 3732 474 3776; x_wconf 90' lang='lat' dir='ltr'><strong>eam</strong></span> <span class='ocrx_word' id='word_1_249' title='bbox 486 3709 537 3774; x_wconf 88' lang='lat' dir='ltr'><strong>vel</strong></span> <span class='ocrx_word' id='word_1_250' title='bbox 553 3732 618 3792; x_wconf 88' lang='lat' dir='ltr'><strong>eas,</strong></span> <span class='ocrx_word' id='word_1_251' title='bbox 639 3713 668 3773; x_wconf 88' lang='lat' dir='ltr'><strong>si</strong></span> <span class='ocrx_word' id='word_1_252' title='bbox 686 3709 765 3796; x_wconf 92' lang='lat' dir='ltr'><strong>quid</strong></span> <span class='ocrx_word' id='word_1_253' title='bbox 780 3718 893 3775; x_wconf 86' lang='lat' dir='ltr'><strong>contra</strong></span> <span class='ocrx_word' id='word_1_254' title='bbox 913 3711 1033 3777; x_wconf 89' lang='lat' dir='ltr'><strong>dictam</strong></span> <span class='ocrx_word' id='word_1_255' title='bbox 1053 3709 1238 3776; x_wconf 88' lang='lat' dir='ltr'><strong>facultatem</strong></span> <span class='ocrx_word' id='word_1_256' title='bbox 1258 3720 1391 3798; x_wconf 91' lang='lat' dir='ltr'><strong>propter</strong></span> <span class='ocrx_word' id='word_1_257' title='bbox 1411 3710 1596 3777; x_wconf 89' lang='lat' dir='ltr'><strong>huiusmodi</strong></span> <span class='ocrx_word' id='word_1_258' title='bbox 1618 3731 1749 3800; x_wconf 89' lang='lat' dir='ltr'><strong>poenam</strong></span> 
     </span>
    </p>

    <p class='ocr_par' dir='ltr' id='par_1_13' title="bbox 292 3809 1755 4595">
     <span class='ocr_line' id='line_1_31' title="bbox 292 3809 1750 3899; baseline -0.003 -22"><span class='ocrx_word' id='word_1_259' title='bbox 292 3821 327 3877; x_wconf 84' lang='grc' dir='ltr'><strong>3ο</strong></span> <span class='ocrx_word' id='word_1_260' title='bbox 337 3809 399 3876; x_wconf 92' lang='lat' dir='ltr'><strong>sibi</strong></span> <span class='ocrx_word' id='word_1_261' title='bbox 420 3809 576 3874; x_wconf 87' lang='lat' dir='ltr'><strong>inflictam</strong></span> <span class='ocrx_word' id='word_1_262' title='bbox 597 3818 756 3874; x_wconf 88' lang='lat' dir='ltr'><strong>attentare</strong></span> <span class='ocrx_word' id='word_1_263' title='bbox 781 3813 1037 3897; x_wconf 86' lang='lat' dir='ltr'><strong>praesumpserit</strong></span> <span class='ocrx_word' id='word_1_264' title='bbox 1057 3810 1109 3875; x_wconf 89' lang='lat' dir='ltr'><strong>vel</strong></span> <span class='ocrx_word' id='word_1_265' title='bbox 1136 3811 1431 3897; x_wconf 87' lang='lat' dir='ltr'><strong>praesumpserint,</strong></span> <span class='ocrx_word' id='word_1_266' title='bbox 1454 3812 1489 3874; x_wconf 89' lang='lat' dir='ltr'><strong>in</strong></span> <span class='ocrx_word' id='word_1_267' title='bbox 1509 3832 1567 3875; x_wconf 89' lang='lat' dir='ltr'><strong>auo</strong></span> <span class='ocrx_word' id='word_1_268' title='bbox 1590 3811 1750 3899; x_wconf 87' lang='lat' dir='ltr'><strong>proposito</strong></span> 
     </span>
     <span class='ocr_line' id='line_1_32' title="bbox 335 3908 1752 4000; baseline -0.003 -24"><span class='ocrx_word' id='word_1_269' title='bbox 335 3911 450 3999; x_wconf 83' lang='lat' dir='ltr'><strong>quovis</strong></span> <span class='ocrx_word' id='word_1_270' title='bbox 472 3908 568 3973; x_wconf 90' lang='lat' dir='ltr'><strong>modo</strong></span> <span class='ocrx_word' id='word_1_271' title='bbox 593 3908 774 3973; x_wconf 88' lang='lat' dir='ltr'><strong>confortare</strong></span> <span class='ocrx_word' id='word_1_272' title='bbox 795 3908 847 3973; x_wconf 90' lang='lat' dir='ltr'><strong>vel</strong></span> <span class='ocrx_word' id='word_1_273' title='bbox 869 3910 1042 3993; x_wconf 88' lang='lat' dir='ltr'><strong>adiuvare,</strong></span> <span class='ocrx_word' id='word_1_274' title='bbox 1063 3931 1124 3974; x_wconf 91' lang='lat' dir='ltr'><strong>nec</strong></span> <span class='ocrx_word' id='word_1_275' title='bbox 1145 3910 1249 3973; x_wconf 93' lang='lat' dir='ltr'><strong>eciam</strong></span> <span class='ocrx_word' id='word_1_276' title='bbox 1276 3909 1413 3991; x_wconf 90' lang='lat' dir='ltr'><strong>factum,</strong></span> <span class='ocrx_word' id='word_1_277' title='bbox 1436 3919 1559 3974; x_wconf 86' lang='lat' dir='ltr'><strong>certam</strong></span> <span class='ocrx_word' id='word_1_278' title='bbox 1586 3931 1752 4000; x_wconf 88' lang='lat' dir='ltr'><strong>personam</strong></span> 
     </span>
     <span class='ocr_line' id='line_1_33' title="bbox 336 4007 1753 4094; baseline -0.001 -20"><span class='ocrx_word' id='word_1_279' title='bbox 336 4032 393 4074; x_wconf 88' lang='lat' dir='ltr'><strong>seu</strong></span> <span class='ocrx_word' id='word_1_280' title='bbox 414 4019 519 4072; x_wconf 89' lang='lat' dir='ltr'><strong>certas</strong></span> <span class='ocrx_word' id='word_1_281' title='bbox 541 4029 697 4094; x_wconf 87' lang='lat' dir='ltr'><strong>personas</strong></span> <span class='ocrx_word' id='word_1_282' title='bbox 718 4030 932 4092; x_wconf 88' lang='lat' dir='ltr'><strong>concernens,</strong></span> <span class='ocrx_word' id='word_1_283' title='bbox 960 4011 1068 4075; x_wconf 88' lang='lat' dir='ltr'><strong>facere</strong></span> <span class='ocrx_word' id='word_1_284' title='bbox 1089 4007 1254 4074; x_wconf 89' lang='lat' dir='ltr'><strong>nationale</strong></span> <span class='ocrx_word' id='word_1_285' title='bbox 1276 4019 1334 4074; x_wconf 90' lang='lat' dir='ltr'><strong>aut</strong></span> <span class='ocrx_word' id='word_1_286' title='bbox 1356 4018 1392 4074; x_wconf 91' lang='lat' dir='ltr'><strong>ut</strong></span> <span class='ocrx_word' id='word_1_287' title='bbox 1412 4009 1578 4075; x_wconf 89' lang='lat' dir='ltr'><strong>nationale</strong></span> <span class='ocrx_word' id='word_1_288' title='bbox 1599 4010 1673 4093; x_wconf 89' lang='lat' dir='ltr'><strong>fiat,</strong></span> <span class='ocrx_word' id='word_1_289' title='bbox 1699 4009 1753 4073; x_wconf 90' lang='lat' dir='ltr'><strong>hoc</strong></span> 
     </span>
     <span class='ocr_line' id='line_1_34' title="bbox 336 4106 1753 4196; baseline -0.002 -22"><span class='ocrx_word' id='word_1_290' title='bbox 336 4119 385 4174; x_wconf 90' lang='lat' dir='ltr'><strong>est</strong></span> <span class='ocrx_word' id='word_1_291' title='bbox 406 4108 493 4196; x_wconf 90' lang='lat' dir='ltr'><strong>quod</strong></span> <span class='ocrx_word' id='word_1_292' title='bbox 512 4109 605 4174; x_wconf 92' lang='lat' dir='ltr'><strong>nacio</strong></span> <span class='ocrx_word' id='word_1_293' title='bbox 629 4131 699 4173; x_wconf 88' lang='lat' dir='ltr'><strong>sese</strong></span> <span class='ocrx_word' id='word_1_294' title='bbox 720 4107 760 4173; x_wconf 89' lang='lat' dir='ltr'><strong>de</strong></span> <span class='ocrx_word' id='word_1_295' title='bbox 780 4106 966 4175; x_wconf 91' lang='lat' dir='ltr'><strong>huiusmodi</strong></span> <span class='ocrx_word' id='word_1_296' title='bbox 998 4111 1085 4174; x_wconf 87' lang='lat' dir='ltr'><strong>facto</strong></span> <span class='ocrx_word' id='word_1_297' title='bbox 1117 4109 1330 4192; x_wconf 89' lang='lat' dir='ltr'><strong>intromittat,</strong></span> <span class='ocrx_word' id='word_1_298' title='bbox 1354 4111 1555 4192; x_wconf 90' lang='lat' dir='ltr'><strong>consentire,</strong></span> <span class='ocrx_word' id='word_1_299' title='bbox 1577 4131 1638 4175; x_wconf 90' lang='lat' dir='ltr'><strong>nec</strong></span> <span class='ocrx_word' id='word_1_300' title='bbox 1661 4109 1753 4174; x_wconf 88' lang='lat' dir='ltr'><strong>eciam</strong></span> 
     </span>
     <span class='ocr_line' id='line_1_35' title="bbox 337 4206 1755 4296; baseline -0.002 -23"><span class='ocrx_word' id='word_1_301' title='bbox 337 4207 410 4273; x_wconf 91' lang='lat' dir='ltr'><strong>aliis</strong></span> <span class='ocrx_word' id='word_1_302' title='bbox 434 4209 468 4272; x_wconf 90' lang='lat' dir='ltr'><strong>in</strong></span> <span class='ocrx_word' id='word_1_303' title='bbox 489 4207 576 4272; x_wconf 91' lang='lat' dir='ltr'><strong>idem</strong></span> <span class='ocrx_word' id='word_1_304' title='bbox 606 4207 879 4274; x_wconf 88' lang='lat' dir='ltr'><strong>consentientibus</strong></span> <span class='ocrx_word' id='word_1_305' title='bbox 907 4232 966 4296; x_wconf 90' lang='lat' dir='ltr'><strong>per</strong></span> <span class='ocrx_word' id='word_1_306' title='bbox 994 4231 1046 4273; x_wconf 90' lang='lat' dir='ltr'><strong>me</strong></span> <span class='ocrx_word' id='word_1_307' title='bbox 1067 4207 1119 4272; x_wconf 87' lang='lat' dir='ltr'><strong>vel</strong></span> <span class='ocrx_word' id='word_1_308' title='bbox 1150 4207 1249 4273; x_wconf 85' lang='lat' dir='ltr'><strong>alium</strong></span> <span class='ocrx_word' id='word_1_309' title='bbox 1278 4206 1400 4273; x_wconf 89' lang='lat' dir='ltr'><strong>directe</strong></span> <span class='ocrx_word' id='word_1_310' title='bbox 1428 4207 1482 4272; x_wconf 85' lang='lat' dir='ltr'><strong>vel</strong></span> <span class='ocrx_word' id='word_1_311' title='bbox 1515 4207 1675 4274; x_wconf 89' lang='lat' dir='ltr'><strong>indirecte</strong></span> <span class='ocrx_word' id='word_1_312' title='bbox 1706 4229 1755 4272; x_wconf 88' lang='lat' dir='ltr'><strong>seu</strong></span> 
     </span>
     <span class='ocr_line' id='line_1_36' title="bbox 293 4305 1754 4398; baseline -0.003 -24"><span class='ocrx_word' id='word_1_313' title='bbox 293 4307 453 4398; x_wconf 74' lang='lat' dir='ltr'><strong>aequoris</strong></span> <span class='ocrx_word' id='word_1_314' title='bbox 474 4305 538 4371; x_wconf 85' lang='lat' dir='ltr'><strong>ulio</strong></span> <span class='ocrx_word' id='word_1_315' title='bbox 558 4307 654 4374; x_wconf 94' lang='lat' dir='ltr'><strong>modo</strong></span> <span class='ocrx_word' id='word_1_316' title='bbox 677 4307 845 4374; x_wconf 91' lang='lat' dir='ltr'><strong>consilium</strong></span> <span class='ocrx_word' id='word_1_317' title='bbox 866 4308 918 4373; x_wconf 89' lang='lat' dir='ltr'><strong>vel</strong></span> <span class='ocrx_word' id='word_1_318' title='bbox 939 4307 1096 4375; x_wconf 85' lang='lat' dir='ltr'><strong>auxilium</strong></span> <span class='ocrx_word' id='word_1_319' title='bbox 1117 4317 1295 4394; x_wconf 87' lang='lat' dir='ltr'><strong>praestare,</strong></span> <span class='ocrx_word' id='word_1_320' title='bbox 1317 4329 1377 4372; x_wconf 91' lang='lat' dir='ltr'><strong>nec</strong></span> <span class='ocrx_word' id='word_1_321' title='bbox 1399 4309 1503 4372; x_wconf 86' lang='lat' dir='ltr'><strong>eciam</strong></span> <span class='ocrx_word' id='word_1_322' title='bbox 1525 4307 1754 4374; x_wconf 87' lang='lat' dir='ltr'><strong>convocationi·</strong></span> 
     </span>
     <span class='ocr_line' id='line_1_37' title="bbox 335 4405 1752 4493; baseline -0.001 -20"><span class='ocrx_word' id='word_1_323' title='bbox 335 4406 397 4473; x_wconf 93' lang='lat' dir='ltr'><strong>bus</strong></span> <span class='ocrx_word' id='word_1_324' title='bbox 420 4415 478 4471; x_wconf 89' lang='lat' dir='ltr'><strong>aut</strong></span> <span class='ocrx_word' id='word_1_325' title='bbox 498 4407 607 4471; x_wconf 87' lang='lat' dir='ltr'><strong>verius</strong></span> <span class='ocrx_word' id='word_1_326' title='bbox 629 4407 880 4491; x_wconf 86' lang='lat' dir='ltr'><strong>conventiculis,</strong></span> <span class='ocrx_word' id='word_1_327' title='bbox 909 4407 965 4473; x_wconf 92' lang='lat' dir='ltr'><strong>ubi</strong></span> <span class='ocrx_word' id='word_1_328' title='bbox 993 4407 1072 4472; x_wconf 88' lang='lat' dir='ltr'><strong>talia</strong></span> <span class='ocrx_word' id='word_1_329' title='bbox 1100 4405 1216 4471; x_wconf 88' lang='lat' dir='ltr'><strong>fierent</strong></span> <span class='ocrx_word' id='word_1_330' title='bbox 1241 4417 1298 4472; x_wconf 92' lang='lat' dir='ltr'><strong>aut</strong></span> <span class='ocrx_word' id='word_1_331' title='bbox 1325 4417 1558 4490; x_wconf 88' lang='lat' dir='ltr'><strong>tractarentur,</strong></span> <span class='ocrx_word' id='word_1_332' title='bbox 1585 4406 1752 4493; x_wconf 90' lang='lat' dir='ltr'><strong>quomodo·</strong></span> 
     </span>
     <span class='ocr_line' id='line_1_38' title="bbox 337 4505 1753 4595; baseline 0 -23"><span class='ocrx_word' id='word_1_333' title='bbox 337 4505 418 4572; x_wconf 90' lang='lat' dir='ltr'><strong>libet</strong></span> <span class='ocrx_word' id='word_1_334' title='bbox 438 4507 603 4587; x_wconf 89' lang='lat' dir='ltr'><strong>interesse,</strong></span> <span class='ocrx_word' id='word_1_335' title='bbox 626 4506 685 4572; x_wconf 88' lang='lat' dir='ltr'><strong>sub</strong></span> <span class='ocrx_word' id='word_1_336' title='bbox 706 4530 813 4595; x_wconf 89' lang='lat' dir='ltr'><strong>poena</strong></span> <span class='ocrx_word' id='word_1_337' title='bbox 832 4509 966 4595; x_wconf 87' lang='lat' dir='ltr'><strong>periurii</strong></span> <span class='ocrx_word' id='word_1_338' title='bbox 989 4528 1028 4571; x_wconf 89' lang='lat' dir='ltr'><strong>ac</strong></span> <span class='ocrx_word' id='word_1_339' title='bbox 1047 4515 1226 4592; x_wconf 89' lang='lat' dir='ltr'><strong>perpetuae</strong></span> <span class='ocrx_word' id='word_1_340' title='bbox 1248 4506 1444 4572; x_wconf 85' lang='lat' dir='ltr'><strong>exclusionis</strong></span> <span class='ocrx_word' id='word_1_341' title='bbox 1465 4529 1486 4571; x_wconf 88' lang='lat' dir='ltr'><strong>a</strong></span> <span class='ocrx_word' id='word_1_342' title='bbox 1508 4506 1643 4574; x_wconf 89' lang='lat' dir='ltr'><strong>coneilio</strong></span> <span class='ocrx_word' id='word_1_343' title='bbox 1664 4505 1753 4572; x_wconf 90' lang='lat' dir='ltr'><strong>facul·</strong></span> 
     </span>
    </p>
   </div>
   <div class='ocr_carea' id='block_1_12' title="bbox 336 4605 1752 4774">
    <p class='ocr_par' dir='ltr' id='par_1_14' title="bbox 336 4605 1752 4774">
     <span class='ocr_line' id='line_1_39' title="bbox 337 4605 1752 4697; baseline -0.001 -24"><span class='ocrx_word' id='word_1_344' title='bbox 337 4609 415 4673; x_wconf 91' lang='lat' dir='ltr'><strong>tatis</strong></span> <span class='ocrx_word' id='word_1_345' title='bbox 429 4605 564 4687; x_wconf 88' lang='lat' dir='ltr'><strong>arcium,</strong></span> <span class='ocrx_word' id='word_1_346' title='bbox 582 4605 781 4692; x_wconf 86' lang='lat' dir='ltr'><strong>privacionis</strong></span> <span class='ocrx_word' id='word_1_347' title='bbox 799 4605 863 4672; x_wconf 90' lang='lat' dir='ltr'><strong>loci</strong></span> <span class='ocrx_word' id='word_1_348' title='bbox 885 4616 918 4671; x_wconf 91' lang='lat' dir='ltr'><strong>et</strong></span> <span class='ocrx_word' id='word_1_349' title='bbox 939 4605 1107 4672; x_wconf 87' lang='lat' dir='ltr'><strong>carenciae</strong></span> <span class='ocrx_word' id='word_1_350' title='bbox 1130 4607 1272 4672; x_wconf 90' lang='lat' dir='ltr'><strong>omnium</strong></span> <span class='ocrx_word' id='word_1_351' title='bbox 1293 4607 1572 4673; x_wconf 88' lang='lat' dir='ltr'><strong>emolimentorum</strong></span> <span class='ocrx_word' id='word_1_352' title='bbox 1594 4608 1752 4697; x_wconf 81' lang='lat' dir='ltr'><strong>praefatae</strong></span> 
     </span>
     <span class='ocr_line' id='line_1_40' title="bbox 336 4705 531 4774; baseline -0.021 0"><span class='ocrx_word' id='word_1_353' title='bbox 336 4705 531 4774; x_wconf 86' lang='lat' dir='ltr'><strong>facultatis.“</strong></span> 
     </span>
    </p>
   </div>
   <div class='ocr_carea' id='block_1_13' title="bbox 422 4951 1552 5027">
    <p class='ocr_par' dir='ltr' id='par_1_15' title="bbox 422 4951 1552 5027">
     <span class='ocr_line' id='line_1_41' title="bbox 422 4951 1552 5027; baseline 0.002 -17"><span class='ocrx_word' id='word_1_354' title='bbox 422 4951 597 5010; x_wconf 77' lang='lat' dir='ltr'><strong>filies-nach</strong></span> <span class='ocrx_word' id='word_1_355' title='bbox 613 4953 650 5007; x_wconf 87' lang='lat' dir='ltr'><strong>ist</strong></span> <span class='ocrx_word' id='word_1_356' title='bbox 666 4952 710 5008; x_wconf 88' lang='lat' dir='ltr'><strong>ain</strong></span> <span class='ocrx_word' id='word_1_357' title='bbox 728 4955 818 5011; x_wconf 79' lang='lat' dir='ltr'><strong>Reum</strong></span> <span class='ocrx_word' id='word_1_358' title='bbox 836 4955 887 5011; x_wconf 85' lang='lat' dir='ltr'><strong>frei</strong></span> <span class='ocrx_word' id='word_1_359' title='bbox 906 4955 1050 5026; x_wconf 64' lang='lat' dir='ltr'><strong>galeamn,</strong></span> <span class='ocrx_word' id='word_1_360' title='bbox 1067 4955 1139 5011; x_wconf 78' lang='lat' dir='ltr'><strong>wohl</strong></span> <span class='ocrx_word' id='word_1_361' title='bbox 1154 4973 1190 5011; x_wconf 83' lang='lat' dir='ltr'><strong>au</strong></span> <span class='ocrx_word' id='word_1_362' title='bbox 1207 4955 1343 5027; x_wconf 73' lang='lat' dir='ltr'><strong>etwaigen</strong></span> <span class='ocrx_word' id='word_1_363' title='bbox 1364 4954 1552 5027; x_wconf 79' lang='lat' dir='ltr'><strong>Nachtritgen.</strong></span> 
     </span>
    </p>
   </div>
   <div class='ocr_carea' id='block_1_14' title="bbox 337 5037 1752 5198">
    <p class='ocr_par' dir='ltr' id='par_1_16' title="bbox 337 5037 1752 5198">
     <span class='ocr_line' id='line_1_42' title="bbox 337 5037 1752 5198; baseline 0.001 -102"><span class='ocrx_word' id='word_1_364' title='bbox 337 5121 394 5198; x_wconf 80' lang='lat'><strong>(51</strong></span> <span class='ocrx_word' id='word_1_365' title='bbox 422 5038 614 5197; x_wconf 75' lang='lat' dir='ltr'><strong>2)Hiemeben</strong></span> <span class='ocrx_word' id='word_1_366' title='bbox 632 5054 677 5093; x_wconf 88' lang='lat' dir='ltr'><strong>am</strong></span> <span class='ocrx_word' id='word_1_367' title='bbox 695 5037 806 5098; x_wconf 81' lang='lat' dir='ltr'><strong>Raude:</strong></span> <span class='ocrx_word' id='word_1_368' title='bbox 843 5039 977 5096; x_wconf 73' lang='lat' dir='ltr'><strong>Conclusa</strong></span> <span class='ocrx_word' id='word_1_369' title='bbox 995 5040 1149 5112; x_wconf 63' lang='lat' dir='ltr'><strong>secabunt</strong></span> <span class='ocrx_word' id='word_1_370' title='bbox 1172 5041 1239 5098; x_wconf 79' lang='lat' dir='ltr'><strong>tuce</strong></span> <span class='ocrx_word' id='word_1_371' title='bbox 1262 5040 1389 5098; x_wconf 61' lang='lat' dir='ltr'><strong>clamata</strong></span> <span class='ocrx_word' id='word_1_372' title='bbox 1415 5041 1567 5098; x_wconf 62' lang='lat' dir='ltr'><strong>macodo</strong></span> <span class='ocrx_word' id='word_1_373' title='bbox 1592 5043 1643 5100; x_wconf 72' lang='lat' dir='ltr'><strong>aab</strong></span> <span class='ocrx_word' id='word_1_374' title='bbox 1658 5040 1752 5098; x_wconf 69' lang='lat' dir='ltr'><strong>noua</strong></span> 
     </span>
     <span class='ocr_line' id='line_1_43' title="bbox 350 5129 454 5180; baseline 0 -1"><span class='ocrx_word' id='word_1_375' title='bbox 350 5129 362 5179; x_wconf 87' lang='lat' dir='ltr'><strong>l</strong></span> <span class='ocrx_word' id='word_1_376' title='bbox 398 5129 454 5180; x_wconf 74' lang='lat'><strong>9¹².</strong></span> 
     </span>
    </p>
   </div>
   <div class='ocr_carea' id='block_1_15' title="bbox 0 0 1915 6068">
    <p class='ocr_par' dir='ltr' id='par_1_17' title="bbox 0 0 1915 6068">
     <span class='ocr_line' id='line_1_44' title="bbox 0 0 1915 6068; baseline 0 0"><span class='ocrx_word' id='word_1_377' title='bbox 0 0 1915 6068; x_wconf 95' lang='lat' dir='ltr'><strong> </strong></span> 
     </span>
    </p>
   </div>
  </div>
 </body>
</html>
