3794 6060
322 443 360 504 14
778 439 829 491 Die
847 437 1028 490 &lemnon
1043 453 1107 490 vom
1124 437 1207 492 Jabre
1226 443 1298 493 1446.

320 619 517 707 praefertur,
547 617 696 685 babitare
716 623 988 710 praesumpserit,
1014 621 1068 686 ille
1096 644 1156 709 pro
1178 619 1322 707 quobbet
1343 638 1454 686 meme
1473 619 1593 686 rectori
1611 618 1738 684 univer-

320 722 426 785 sitatis
448 719 589 785 medium
610 720 642 785 fl.
664 741 832 786 renensem
853 721 979 787 solvere
999 729 1156 787 teneatur.

399 820 481 884 Item
495 817 643 884 volumus
666 829 698 884 et
713 822 892 904 statuimus,
914 820 1001 906 quod
1018 821 1167 907 magistri
1184 827 1240 884 aut
1256 818 1405 884 doctores
1423 817 1625 884 diversarum
1641 815 1739 882 facul·

317 925 420 984 tatum
443 919 612 1002 sallariati,
631 921 666 984 in
687 941 751 984 una
774 929 806 983 et
827 920 861 983 in
882 918 1031 985 alienon
1052 918 1248 1002 laborantes,
1270 918 1486 984 emolumenta
1503 917 1601 1000 illius,
1621 919 1656 981 in
1677 937 1740 1001 qua

292 1029 383 1084 bnon
402 1018 570 1103 laborant,
600 1017 721 1085 babere
740 1041 804 1083 non
827 1017 955 1084 debent.
997 1018 1123 1105 Regula
1149 1019 1234 1083 enim
1260 1017 1440 1104 apostolica
1468 1018 1515 1084 sic
1537 1017 1739 1098 determinat,

318 1118 406 1204 quod
425 1139 491 1183 non
510 1118 663 1183 laborans
686 1139 752 1182 non
772 1116 869 1182 debet
886 1116 1095 1182 manducare.
1136 1118 1181 1182 Et
1202 1120 1279 1203 quia
1297 1117 1456 1184 beneficia
1470 1117 1589 1182 dantur
1606 1125 1741 1204 propter

318 1217 426 1284 officia
446 1226 478 1283 et
504 1239 627 1282 merces
648 1215 770 1280 laboris
794 1216 1035 1304 compensanda
1058 1225 1123 1300 est,
1152 1217 1227 1283 ideo
1255 1219 1426 1282 statuimus
1454 1227 1487 1284 et
1511 1217 1740 1304 praecipimus,

317 1317 403 1403 qnod
426 1339 535 1383 omnes
556 1317 706 1403 magistri
733 1326 766 1381 et
792 1315 941 1382 doctores
971 1316 1128 1382 sallariati
1149 1315 1245 1382 buius
1265 1317 1497 1400 universitatis,
1520 1318 1739 1401 ctriuacunque

318 1418 382 1482 sint
404 1415 620 1500 condicionis,
651 1425 753 1480 status
773 1425 829 1480 aut
849 1418 986 1503 gradm,
1018 1415 1258 1484 valitudinariis
1284 1427 1317 1484 et
1342 1418 1479 1482 infirmis
1500 1415 1664 1481 duntaxat
1684 1435 1739 1480 ex-

277 1527 308 1582 1⁰
318 1517 430 1603 ceptis,
451 1519 486 1580 in
508 1519 574 1581 suis
595 1513 802 1580 facultatibus
816 1515 967 1583 laborare
986 1515 1114 1581 debent.
1157 1516 1254 1598 Quod
1271 1519 1386 1606 siquis
1403 1525 1584 1599 recusaret,
1605 1514 1739 1580 sallario

315 1599 461 1703 suo⁸pro
487 1625 634 1703 tempore
657 1613 874 1700 negligentiae
900 1637 978 1680 suae
1006 1616 1223 1702 computando
1247 1639 1359 1682 carere
1385 1626 1417 1681 et
1443 1613 1524 1680 illud
1550 1615 1594 1680 ad
1625 1613 1738 1680 liscum

313 1715 478 1782 facultatis
500 1723 556 1780 aut
579 1713 707 1799 collegii
729 1736 790 1800 pro
811 1713 1033 1780 communibus
1054 1715 1167 1782 usibus
1189 1715 1286 1781 debet
1307 1716 1477 1804 applicari.

395 1817 533 1902 Insuper
548 1814 707 1896 volumus,
728 1812 815 1899 quod
835 1835 946 1879 omnes
962 1813 1125 1902 collegiati
1141 1837 1403 1902 quormnounque
1415 1813 1636 1900 collegiorum,
1657 1813 1738 1879 inibi

313 1914 534 1997 residentcs¹,
562 1911 656 1977 simul
684 1910 803 1977 debent
824 1935 895 1978 esse
916 1915 949 1977 in
971 1937 1083 1980 mensa
1102 1917 1279 1998 communi,
1311 1925 1409 2002 prout
1426 1913 1490 1978 boc
1512 1912 1615 1978 eciam
1636 1923 1737 1978 statu-

274 2020 305 2079 ts
315 2015 359 2079 tis
379 2014 520 2099 antiquis
542 2022 672 2078 cautum
692 2021 757 2095 est,
787 2021 819 2076 et
841 2012 883 2077 ab
903 2012 960 2078 illa
981 2013 1087 2078 nullus
1115 2017 1178 2080 uisi
1201 2015 1378 2081 debilitatis
1401 2021 1457 2078 aut
1477 2011 1612 2078 alterius
1632 2014 1738 2077 iustae

312 2123 346 2179 et
364 2111 574 2184 racionabilis
594 2113 821 2198 occupacionis
843 2135 900 2177 seu
913 2113 1135 2201 impedimenti
1155 2137 1264 2198 causa,
1286 2115 1328 2181 de
1348 2135 1413 2200 qua
1432 2112 1561 2178 notoria
1577 2111 1735 2177 certitudo

312 2221 371 2297 est,
393 2236 428 2278 se
450 2211 639 2278 abstrahere
660 2209 766 2275 debet
809 2209 906 2292 Quod
927 2214 954 2277 si
974 2214 1106 2297 laceret,
1128 2223 1204 2280 tunc
1225 2238 1286 2302 pro
1308 2216 1373 2280 ista
1393 2214 1466 2278 vice
1485 2213 1522 2276 in
1543 2211 1632 2293 cibo,
1655 2221 1736 2298 potu

309 2311 363 2378 vel
385 2314 487 2378 eciam
516 2314 654 2400 pecunia
675 2311 787 2397 porcio
807 2309 897 2374 nulla
916 2310 1062 2378 debetur.
1105 2315 1238 2379 Etcum
1257 2313 1462 2380 admoneam
1484 2333 1520 2376 se
1545 2310 1735 2394 locaverint,

309 2411 481 2478 lectionem
502 2410 652 2494 habeant,
674 2419 709 2474 ut
729 2430 795 2474 non
809 2409 913 2474 solum
934 2412 1043 2478 lauces
1064 2423 1192 2478 sumant
1211 2413 1328 2498 cibum,
1346 2413 1405 2478 sed
1424 2423 1457 2477 st
1477 2432 1572 2478 aures
1591 2411 1736 2476 esmient

268 2511 365 2577 wdei
390 2510 536 2576 verbum.
578 2509 734 2575 Lectione
762 2529 841 2574 vero
868 2511 1042 2598 completa,
1072 2513 1208 2580 honesta
1239 2513 1400 2599 colloquia
1425 2511 1567 2578 babeant
1591 2531 1653 2576 uec
1679 2510 1731 2574 de

309 2609 523 2675 auctionibus
546 2618 602 2674 aut
628 2609 710 2673 rixis
735 2607 936 2674 inhaereant
978 2611 1108 2698 Siquis
1135 2622 1241 2678 autem
1268 2615 1302 2678 in
1326 2635 1440 2678 mensa
1465 2613 1573 2677 rixam
1599 2608 1734 2674 auderet

311 2731 461 2792 movere,
489 2707 543 2774 ille
571 2710 644 2795 ipso
666 2709 752 2772 facto
779 2729 918 2794 poenam
940 2707 1051 2773 decem
1080 2733 1269 2796 grossorum
1291 2733 1449 2779 novorum
1468 2719 1607 2792 mereat,
1640 2729 1732 2794 quos,

310 2819 482 2894 antequam
504 2807 652 2872 decetero
673 2807 779 2894 portio
800 2806 864 2872 sibi
884 2807 987 2890 detur,
1003 2808 1129 2874 solvere
1150 2811 1246 2877 debet
1267 2814 1453 2900 praeposito
1470 2809 1598 2896 collegii
1618 2811 1732 2896 ipsius.

391 2907 613 2973 Exhortamur
635 2907 746 2990 eciam,
768 2905 856 2993 quod
872 2905 1035 2992 collegiati
1055 2919 1103 2974 tot
1119 2909 1305 2978 domicellos
1327 2933 1446 2995 secum,
1469 2912 1610 2976 maxime
1624 2907 1732 2994 quoad

269 3009 507 3076 catusionem
527 3005 734 3094 praebendae
756 3027 848 3086 snae,
876 3026 941 3072 non
968 3006 1125 3092 babeant,
1154 3009 1212 3074 sed
1231 3033 1329 3076 unum
1351 3010 1505 3076 famulum
1526 3031 1587 3096 pro
1608 3031 1730 3090 mensa,

310 3117 346 3173 ut
367 3109 413 3173 sio
435 3115 510 3195 post
531 3127 640 3171 eorum
668 3115 699 3169 et
717 3104 911 3170 famulorum
938 3106 1145 3173 refectionem
1169 3109 1366 3196 superfluum
1394 3107 1594 3197 pauperibus
1622 3107 1730 3172 diem-i-

307 3205 435 3272 buatur.
477 3203 590 3271 Fidele
622 3205 706 3268 enim
734 3205 953 3270 testimonium
987 3215 1018 3270 et
1050 3231 1152 3272 verax
1186 3217 1236 3274 est
1269 3231 1394 3296 organo
1429 3207 1610 3290 dominicae
1638 3207 1730 3274 vocis

306 3307 475 3372 emissum:
497 3303 594 3388 „date
616 3303 843 3369 elemosinam‘
865 3313 910 3368 et:
933 3304 1030 3388 „date
1053 3319 1084 3372 et
1106 3307 1237 3372 dabitur
1255 3308 1382 3374 vobis.“

388 3406 470 3472 Item
497 3404 584 3490 quod
612 3425 723 3469 omnes
750 3401 912 3488 collegiati
939 3405 973 3469 in
1000 3408 1066 3472 suis
1093 3407 1312 3494 collegiatae-is
1344 3405 1558 3494 personaliter
1585 3404 1730 3470 residere

264 3503 442 3588 todebent,
472 3527 510 3570 eo
532 3503 624 3568 salvo
646 3501 733 3587 quod
761 3501 801 3565 dc
821 3501 957 3567 medicis
985 3506 1019 3568 in
1040 3505 1105 3570 alia
1131 3509 1233 3593 priori
1259 3507 1493 3572 reformacioue
1520 3513 1648 3571 cautum
1670 3515 1728 3570 est

307 3607 343 3671 Si
370 3609 441 3692 quis
471 3615 577 3670 autem
603 3623 715 3666 eornm
742 3599 784 3664 ad
815 3609 942 3688 tempus
977 3625 1019 3668 ex
1045 3605 1230 3671 rationabili
1264 3627 1321 3673 seu
1350 3603 1531 3671 inevitabili
1559 3625 1659 3669 causa
1687 3604 1729 3669 de

305 3705 443 3770 licencia
463 3725 594 3769 suorum
622 3699 893 3785 collegiatorum²
918 3723 953 3766 se
982 3702 1181 3788 absentaret,
1208 3705 1296 3791 quod
1325 3704 1389 3770 sibi
1418 3706 1467 3769 sic
1493 3713 1525 3769 et
1548 3727 1614 3768 non
1634 3704 1729 3770 aliter

305 3803 433 3887 licebit,
460 3815 538 3868 tunc
555 3803 678 3866 frustm
702 3809 733 3864 et
759 3809 950 3885 proventus,
979 3804 1033 3886 qui
1055 3803 1117 3868 sibi
1144 3803 1316 3887 debentur,
1343 3827 1401 3892 per
1423 3805 1645 3891 praepositum
1666 3827 1727 3892 pro

306 3911 451 3990 tempore
479 3903 669 3968 existentem
698 3897 741 3964 ad
759 3899 873 3964 fiscum
899 3898 1027 3986 collegii
1054 3925 1114 3990 pro
1144 3905 1390 3970 conservatione
1418 3913 1652 3969 structurarum
1671 3915 1728 3969 aut

263 4002 379 4068 mulis
399 4003 503 4090 ipsius
521 3999 768 4068 necessitatibus
791 3997 925 4064 recondi
946 3999 1074 4068 debent.
1117 4001 1153 4068 si
1174 4023 1253 4068 vero
1267 4001 1363 4088 longe
1384 4005 1526 4068 maxime
1544 4001 1589 4067 ad
1606 4025 1726 4070 annum

304 4101 435 4168 abesset
456 4125 514 4167 eeu
536 4101 579 4168 ad
601 4100 689 4166 aliud
711 4099 853 4164 officium
869 4111 1096 4185 assumeretur,
1118 4111 1237 4166 extunc
1249 4100 1320 4167 fieri
1335 4101 1618 4168 debetsecundum
1638 4102 1727 4188 quod

303 4203 338 4267 in
361 4201 426 4268 alia
447 4212 560 4267 nostra
579 4201 810 4266 reformatione
832 4197 872 4262 de
894 4198 956 4263 hoc
973 4209 1022 4264 est
1043 4201 1237 4266 ordinatum.

386 4301 469 4367 Item
489 4300 576 4389 quod
596 4299 695 4366 iidem
720 4297 883 4384 collegiati
903 4301 1134 4386 etquicunque
1155 4299 1212 4364 alii
1233 4298 1409 4384 sallariati,
1430 4299 1584 4386 collegia,
1611 4299 1726 4368 domos

304 4411 359 4468 aut
380 4401 496 4467 bursas
518 4422 579 4488 pro
602 4401 668 4464 suis
690 4399 807 4464 officiis
829 4395 1001 4484 deputatas
1022 4397 1194 4482 babentes,
1215 4399 1388 4486 diligenter
1408 4400 1454 4465 ad
1475 4399 1537 4464 boc
1556 4400 1726 4466 intendere

261 4501 423 4569 rodebant
445 4510 477 4566 et
498 4499 635 4583 efficere,
655 4499 746 4563 utin
768 4519 840 4563 esse
861 4507 894 4561 et
915 4506 1076 4562 sbucmra
1098 4497 1207 4564 debita
1223 4511 1463 4583 conserventur,
1482 4522 1525 4564 ne
1542 4521 1603 4587 per
1623 4500 1725 4588 negli-

302 4603 451 4690 genciam
476 4598 617 4665 finaliter
643 4607 775 4664 ruerent
801 4607 834 4662 et
862 4596 980 4662 exinde
1011 4599 1218 4664 universitati
1244 4621 1347 4686 grave
1375 4598 1604 4666 detrimentum
1628 4623 1724 4688 gene·

300 4711 438 4768 raretur.

381 4799 522 4882 Rursus,
547 4799 624 4884 quia
644 4795 803 4886 probatae
831 4795 1009 4862 affectionis
1035 4799 1138 4863 virtus
1165 4778 1457 4864 remunerationem
1484 4808 1626 4864 meretur
1649 4822 1723 4866 oon-

301 4900 450 4987 dignam,
476 4897 640 4981 volumem,
669 4897 871 4985 disponimus
890 4904 925 4960 et
944 4896 1148 4979 ordinamus,
1178 4907 1212 4961 ut
1233 4899 1386 4982 quociens
1408 4899 1552 4985 aliquam
1572 4900 1607 4963 in
1628 4899 1722 4966 colle

368 5118 379 5169 1
398 5112 587 5171 cestreton
603 5111 677 5169 runt
692 5111 879 5168 scaenam
914 5115 929 5167 2
947 5109 1096 5170 veneten
1112 5110 1285 5181 cemma
