3768 6072
338 450 399 514 232
917 447 972 497 uss
990 447 1078 498 sterne
1096 445 1200 512 cotug.

336 631 566 719 magistrorum
589 629 830 718 collegiatorum
852 629 973 698 dictum
993 633 1217 720 praepositum
1238 630 1363 696 iniuriis
1384 629 1572 697 verbalibus
1592 629 1646 697 vel
1668 631 1759 696 reali·

335 731 396 798 bns
418 731 549 816 afficiat,
572 730 633 797 sub
654 753 760 818 poena
782 729 888 798 eidem
908 733 1076 798 iniuriauti
1098 753 1157 819 per
1177 729 1348 818 collegium
1369 729 1533 798 dictanda

395 905 441 966 14.
466 917 514 964 on
535 913 717 966 numerius
738 915 784 964 nr
808 915 1006 966 surrosms
1027 917 1095 964 rna
1117 911 1363 964 rumvosmuu
1382 912 1635 966 cormovunms
1656 917 1702 964 nu

927 1013 1172 1064 coumesums.

294 1143 310 1196 5
415 1134 508 1217 Item,
527 1133 555 1196 si
576 1130 761 1220 praeposito
783 1129 903 1195 factum
924 1131 1061 1196 alicuius
1082 1131 1232 1216 magistri
1252 1129 1303 1195 vel
1326 1131 1496 1219 suppositi,
1517 1153 1677 1218 praesens
1700 1133 1761 1199 col·

334 1232 457 1318 legium
477 1233 689 1313 immerentis,
709 1229 922 1317 displicuerit,
953 1239 1072 1298 extunc
1100 1231 1197 1296 talem
1219 1231 1411 1316 magistrum
1431 1229 1485 1298 vel
1512 1231 1694 1298 scholarem
1722 1232 1763 1298 sd

336 1355 371 1397 se
393 1334 566 1400 convocari
596 1331 696 1396 faciat
724 1339 756 1394 et
781 1330 919 1396 eundem
944 1332 998 1417 pie
1026 1340 1227 1396 commoneat
1261 1339 1331 1413 aut,
1359 1332 1387 1396 si
1415 1354 1498 1418 opus
1525 1331 1637 1415 fuerit,
1667 1333 1763 1398 etiam

337 1433 457 1498 acriter
479 1433 631 1518 corrigat,
653 1441 690 1495 ut
710 1429 751 1497 ab
774 1427 959 1495 huiusmodi
979 1427 1066 1496 facto
1088 1428 1225 1496 desistat
1242 1429 1294 1496 vel
1316 1452 1485 1495 excessum
1507 1429 1660 1520 (siquem
1673 1433 1762 1510 fecit)

336 1532 376 1597 de
398 1542 504 1598 cetero
526 1555 591 1600 uon
612 1531 801 1597 committat.
845 1529 910 1611 Qui
933 1531 960 1594 si
986 1531 1033 1596 sic
1053 1531 1194 1595 monitus
1222 1538 1278 1594 aut
1300 1537 1464 1594 correctus
1492 1551 1562 1594 sese
1591 1531 1763 1597 emendare

296 1641 327 1698 ¹0
335 1631 423 1698 haud
452 1633 615 1698 curaverit
637 1629 690 1694 vel
711 1632 923 1710 recusaverit,
953 1652 1085 1696 causam
1105 1629 1204 1694 talem
1227 1628 1270 1694 ad
1291 1628 1461 1716 collegium
1490 1627 1642 1715 deducat,
1669 1653 1763 1716 quam

335 1731 420 1798 idern
443 1731 614 1818 collegium
634 1729 728 1794 iuxta
748 1729 826 1794 facti
849 1728 1037 1816 qualitatem
1059 1727 1190 1795 decidat
1210 1739 1242 1794 et
1265 1739 1429 1794 crescente
1450 1729 1525 1794 talis
1547 1727 1764 1795 inobedientis

334 1831 387 1898 vel
408 1831 535 1899 malitia
559 1829 610 1896 vel
639 1829 812 1895 rebellione
842 1852 914 1894 eum
940 1837 1107 1918 tamquam
1128 1827 1381 1916 incorrigibilem
1403 1853 1423 1894 a
1445 1827 1581 1916 collegio
1602 1829 1763 1912 excludat,

334 1955 395 1998 nec
416 1929 553 1996 eundem
574 1929 745 2016 collegium
765 1931 924 1994 reintrare
946 1929 1101 2015 patiatur,
1124 1927 1228 1994 donec
1249 1927 1354 1994 eidem
1380 1952 1439 2016 per
1461 1930 1637 2018 suiipsius
1661 1953 1764 1996 emen·

334 2031 496 2096 dationem
525 2040 558 2095 et
583 2051 707 2117 poenae
729 2025 793 2116 [4¹³]
816 2028 878 2094 sibi
901 2028 1042 2094 dictatae
1062 2027 1113 2094 vel
1144 2027 1317 2094 dictandae
1346 2029 1546 2094 affectualem
1572 2030 1764 2097 solutionem

295 2129 562 2196 irreconciliatus
581 2129 686 2194 fuant
1282 2169 1285 2178 .

801 2285 848 2343 l5.
868 2295 915 2343 DE
937 2295 1025 2344 Pacu
1048 2294 1292 2345 PROGURANDA.

416 2413 507 2496 Item,
534 2421 569 2478 ut
594 2412 743 2498 magistri
770 2412 973 2478 concorditer
1006 2421 1037 2477 et
1066 2411 1201 2500 pacifice
1232 2412 1347 2478 vivant
1375 2423 1405 2480 et
1433 2421 1543 2477 mutuo
1573 2436 1764 2478 conversen-

335 2523 397 2596 tur,
425 2512 542 2598 placet,
571 2511 657 2598 quod
680 2512 862 2598 quicunque
890 2511 991 2576 alium
1012 2513 1210 2599 percusserit
1233 2511 1285 2576 vel
1315 2513 1398 2578 alias
1425 2513 1601 2578 enormiter
1623 2513 1763 2596 laeserit,

335 2614 417 2678 citra
443 2621 551 2676 tamen
572 2610 837 2692 vulnerationem,
867 2609 973 2676 solvat
994 2611 1130 2698 collegio
1154 2621 1220 2676 tres
1248 2635 1428 2699 sexagenas
1451 2635 1554 2678 novas
1577 2636 1638 2700 pro
1661 2637 1765 2702 poena

293 2719 368 2777 uoet
388 2710 476 2798 parti
496 2708 604 2776 laesae
627 2710 813 2774 satisfaciat
840 2708 876 2776 Si
897 2720 1005 2774 autem
1025 2709 1166 2799 aliquem
1186 2711 1416 2794 vulneraverit,
1440 2715 1522 2776 citra
1541 2723 1651 2778 tamen
1673 2717 1764 2778 muti·

247 2857 251 2871 .
334 2810 497 2892 lationem,
520 2809 624 2874 solvat
646 2831 705 2896 pro
725 2831 829 2896 poena
850 2807 962 2874 decem
976 2818 1007 2873 ct
1021 2819 1092 2875 octo
1106 2810 1247 2876 florenos
1268 2821 1299 2875 et
1318 2809 1528 2876 nihilominus
1549 2814 1639 2899 parti
1658 2811 1765 2878 laesae

336 2909 524 2976 satisfaciat.
555 2907 591 2973 Si
613 2919 719 2974 autern
741 2907 843 2998 (quod
865 2908 965 2986 absit)
987 2907 1127 2996 aliquem
1148 2910 1354 2993 mutilaverit,
1376 2919 1541 2997 tamquam
1563 2932 1643 3000 pars
1667 2913 1764 3000 putri-

335 3009 378 3074 da
400 3017 432 3074 et
452 3009 543 3095 pacis
565 3009 772 3095 perturbator
794 3031 813 3072 a
835 3007 970 3094 collegio
993 3007 1195 3074 excludatur

418 3109 500 3174 Item
527 3107 640 3173 levans
668 3105 821 3195 lapidem,
850 3118 1018 3174 cantarum
1041 3107 1093 3172 vel
1116 3107 1314 3174 consimilem
1341 3131 1409 3174 rem
1436 3109 1544 3176 animo
1571 3113 1764 3199 proiiciendi

292 3218 410 3298 25post
431 3207 484 3274 vel
504 3209 538 3274 in
567 3206 707 3296 aliquem
733 3208 973 3294 magistrorum,
1001 3217 1196 3274 nontamen
1224 3233 1295 3273 cum
1324 3209 1646 3300 effectuproiiciens,
1675 3211 1766 3277 dabit

335 3306 471 3393 collegio
501 3307 612 3373 decem
643 3331 777 3393 grossos
804 3330 906 3372 novos
937 3330 997 3394 pro
1024 3329 1139 3395 poena.
1182 3307 1227 3374 Et
1255 3317 1380 3374 tantam
1409 3333 1548 3396 poenam
1577 3312 1765 3398 persolvere

335 3406 467 3474 debebit
494 3407 549 3472 ille
569 3407 714 3493 collegio,
744 3409 799 3493 qui
827 3407 921 3472 alteri
942 3410 976 3472 in
997 3409 1230 3474 convocatione
1257 3408 1308 3473 vel
1331 3409 1479 3496 prandiis
1501 3409 1631 3496 collegii
1657 3414 1765 3478 convi-

334 3509 419 3574 cium
441 3507 569 3572 dixerit
597 3506 633 3571 Si
651 3529 730 3572 vero
752 3508 927 3594 proiecerit
947 3514 979 3572 et
1000 3507 1142 3595 aliquem
1163 3531 1229 3573 non
1250 3511 1402 3595 tetigerit,
1425 3509 1529 3576 solvat
1550 3534 1652 3576 unum
1673 3511 1765 3580 flore

332 3629 408 3673 num
424 3629 484 3693 pro
497 3629 614 3692 poena.
642 3605 678 3672 Si
699 3617 807 3671 autem
828 3609 935 3692 ipsum
956 3608 1109 3692 tetigerit,
1133 3608 1216 3672 citra
1238 3616 1348 3672 tamen
1367 3607 1635 3694 vulnerationem,
1659 3611 1766 3678 solvat

291 3717 401 3774 30tres
423 3728 604 3790 sexagenas
626 3729 726 3770 novas
749 3729 809 3792 pro
833 3727 946 3791 poena.
991 3706 1056 3786 Qui
1078 3716 1187 3773 autem
1208 3731 1347 3794 poenam
1371 3707 1554 3774 huiusmodi
1577 3711 1766 3796 persolvere

334 3815 365 3872 ct
392 3807 427 3870 in
455 3805 629 3869 dictamine
654 3803 782 3890 collegii
813 3813 899 3870 stare
925 3802 1218 3894 recu[5⁵]saverit,
1248 3831 1308 3894 pro
1333 3810 1463 3898 periuro
1489 3817 1660 3896 reputetur
1686 3822 1718 3876 et
1745 3835 1765 3876 a

335 3903 470 3990 collegio
489 3899 689 3968 excludatur.

416 4001 498 4068 Item
519 4003 548 4068 si
569 4001 686 4088 aliquis
708 4003 938 4087 magistrorum
960 4003 1054 4068 alteri
1076 4005 1314 4094 inpraesentia
1337 4006 1466 4094 collegii
1489 4010 1692 4075 conviciatus
1712 4009 1763 4074 vel

333 4103 505 4168 iniuriatus
527 4102 624 4191 (quod
639 4099 736 4178 absit)
756 4101 861 4183 fucrit,
885 4111 916 4166 et
940 4105 1011 4190 ipsc
1031 4105 1191 4170 iniurians
1213 4109 1400 4194 praeposito
1421 4108 1472 4172 vel
1496 4109 1625 4192 seniori,
1648 4133 1762 4197 pacem

291 4211 389 4268 ttaut
419 4200 580 4267 silentium
612 4203 641 4268 ci
671 4199 895 4284 demandanti,
928 4225 993 4269 non
1024 4207 1170 4292 paruerit
1203 4207 1312 4293 sicque
1345 4207 1520 4272 convitium
1552 4211 1694 4275 convitio
1724 4233 1763 4276 ac

334 4302 470 4368 iniurias
491 4302 617 4368 iniuriis
638 4301 899 4385 accumulaverit,
922 4301 1027 4370 solvat
1049 4303 1182 4391 collegio
1203 4315 1268 4370 tres
1291 4305 1431 4372 florenos
1453 4329 1512 4394 pro
1535 4331 1652 4395 poena.

641 4491 686 4552 16.
709 4503 756 4550 nn
777 4503 983 4553 nouusrsrs
1005 4503 1041 4552 nv
1059 4504 1236 4554 consueto
1259 4505 1449 4556 snavsuns.

413 4619 495 4684 Item
521 4617 628 4684 nullus
658 4619 701 4684 ad
729 4619 934 4685 commodum
964 4645 1056 4687 suum
1086 4622 1271 4688 introducat
1299 4623 1352 4688 vel
1375 4623 1536 4689 introduci
1564 4625 1665 4690 faciat
1692 4627 1761 4690 sive

335 4719 375 4784 de
407 4718 461 4784 die
493 4719 562 4784 sive
592 4717 633 4783 dc
665 4731 759 4786 nocte
788 4721 954 4788 mulierem
984 4721 1025 4788 de
1058 4721 1189 4808 publica
1219 4723 1432 4790 fornicatione
1466 4733 1667 4810 suspectam,
1701 4725 1760 4790 sub

290 4830 438 4906 apsens
459 4819 556 4883 unius
578 4841 762 4905 sexagenas
783 4844 896 4905 novae,
928 4820 1062 4907 collegio
1084 4822 1352 4889 irremissibiliter
1374 4823 1620 4910 persolvendae.
1663 4825 1760 4890 Etsi

332 4921 404 5004 quis
431 4919 527 4984 tertio
553 4916 737 4984 huiusmodi
766 4931 920 4986 statutum
946 4931 1170 5007 transgressus
1197 4921 1303 5004 fuerit,
1332 4925 1407 5011 quia
1435 4924 1501 4987 iam
1526 4921 1760 5010 incorrigibilis

332 5020 559 5106 praesumitur,
589 5039 622 5082 a·
639 5019 774 5104 singulis
796 5022 953 5087 fructibus
974 5029 1007 5086 et
1028 5019 1249 5087 emolumentis
1273 5023 1400 5109 collegii
1423 5021 1642 5109 suspendatur
1663 5033 1703 5106 et,
1732 5023 1759 5088 si

333 5115 466 5204 collegio
487 5117 715 5185 reconciliatus
737 5141 801 5185 non
823 5121 933 5204 fuerit,
965 5119 1007 5186 ab
1030 5117 1142 5186 aculem
1164 5121 1364 5188 excludatur.
1407 5121 1536 5210 Siquis
1559 5121 1666 5188 autem
1688 5145 1759 5188 cum
