3768 6072
640 507 691 560 Die
710 506 829 562 Statoten
851 521 904 560 ron
926 507 1098 562 teat-1537.
1517 507 1575 572 251

167 715 270 780 supra.
286 729 324 740 -
348 689 413 756 Sed
434 691 613 757 novissima
634 692 820 779 1666116116Ι
841 693 998 759 16616611
1019 693 1053 758 16
1077 690 1130 756 (116
1159 712 1354 779 6616666666
1375 697 1414 770 (ct
1436 695 1464 756 9.
1484 691 1586 772 April)

166 791 242 858 hora
262 791 368 879 prima
390 789 623 878 pomeridiana,
647 815 731 858 anno
755 801 813 858 etc.
837 798 924 860 1512.

243 893 362 957 116666
383 891 526 957 doctoris
546 891 662 978 Magni
682 891 797 958 Hundt
817 889 1120 979 Parthenopolitani
1147 893 1227 972 (6611
1248 900 1309 971 aas
1323 897 1382 955 No.
1407 895 1444 957 13
1467 913 1495 955 6.
1520 892 1581 972 14).

161 1059 166 1068 ’
246 1064 294 1125 15.
318 1053 379 1142 [Bl.
401 1062 440 1124 32
450 1055 474 1146 ⁸]
507 1056 603 1124 Anno
630 1057 752 1124 domini
783 1057 952 1124 millesimo
983 1058 1239 1144 quingentesimo
1267 1066 1381 1122 octavo
1408 1057 1442 1121 in
1470 1055 1584 1143 1161116

165 1159 269 1222 sancti
290 1157 459 1222 Laurentii
481 1161 576 1238 (1508
598 1164 626 1220 d.
647 1157 825 1239 9.,169611)
848 1157 928 1223 obiit
947 1156 1138 1244 magnificus
1160 1155 1307 1222 dominus
1328 1154 1584 1222 Hermannus
1609 1161 1625 1220 5

164 1257 321 1344 Kayser
342 1255 388 1322 de
410 1255 614 1344 Stolbe'rg,
643 1259 761 1322 artium
784 1259 949 1345 magister,
976 1277 1089 1321 sacrae
1118 1254 1299 1342 theologiae
1320 1255 1493 1342 professor,
1520 1253 1584 1320 eol·

161 1355 235 1443 legii
266 1356 362 1421 buius
389 1355 593 1441 collegiatus,
625 1355 769 1443 sepultus
797 1358 832 1422 in
859 1355 1026 1421 Tridento.
1069 1353 1169 1422 Cuius
1191 1356 1433 1438 testamentarii,
1462 1354 1583 1420 Paulus

162 1453 300 1520 Sobiller
321 1454 362 1519 de
380 1455 512 1536 Placen,
542 1455 662 1520 artium
686 1454 870 1522 liberalium
891 1477 1065 1520 66666166
1086 1457 1226 1542 paginae
1248 1455 1422 1542 professor,
1453 1454 1581 1540 collegii

161 1555 293 1619 maioris
315 1553 516 1640 collegiatus,
543 1563 574 1620 et
597 1553 754 1620 Melcbior
776 1555 954 1643 Marquart,
976 1554 1069 1620 huius
1092 1553 1204 1642 oppidi
1229 1551 1417 1635 consolaris,
1446 1552 1580 1639 collegio

159 1663 268 1719 nostro
298 1675 358 1740 pro
391 1663 549 1740 perpetua
575 1655 740 1736 memoria,
769 1654 904 1741 singulis
932 1655 1026 1720 annis
1055 1656 1142 1720 eirca
1170 1655 1255 1718 diem
1282 1652 1388 1718 obitus
1421 1651 1581 1739 praedicti
1592 1663 1624 1716 10

160 1750 298 1818 doctoris
313 1751 494 1817 Hermanni
516 1751 689 1834 servanda,
712 1754 949 1840 quinquaginta
959 1755 1098 1820 florenos
1120 1775 1295 1840 reynenses
1314 1753 1348 1816 in
1369 1753 1507 1837 pecunia
1529 1750 1582 1816 de·

160 1850 277 1916 derunt
303 1859 429 1916 etcum
452 1853 566 1918 effectu
588 1863 848 1936 numeraverunt,
877 1856 923 1918 ita
953 1869 988 1918 ut
1014 1853 1199 1920 huiusmodi
1227 1854 1384 1918 memoria
1411 1850 1454 1915 ad
1478 1851 1582 1916 instar

160 1949 295 2016 aliarum
321 1973 380 2037 661
403 1950 550 2016 dominos
577 1949 764 2036 collegiatos
786 1953 881 2018 buius
905 1951 1035 2038 collegii
1056 1963 1179 2018 tantum
1203 1951 1404 2018 observetur.
1446 1949 1499 2016 De
1519 1973 1583 2038 qua

159 2071 267 2116 corum
288 2051 509 2116 conscienciae
530 2049 701 2116 voluerunt
721 2050 841 2116 babere
863 2063 1021 2116 oneratas.
1051 2052 1137 2117 Acta
1158 2061 1232 2116 sunt
1252 2051 1333 2116 baec
1353 2073 1438 2115 anno
1460 2049 1582 2116 16161111

163 2153 236 2214 1513
257 2151 293 2214 16
312 2149 427 2236 vigilia
449 2151 552 2214 sancti
573 2148 711 2215 Osualdi
730 2152 765 2216 in
786 2152 972 2238 praesentia
993 2152 1135 2216 omnium
1157 2150 1410 2236 collegiatorum.
1591 2160 1621 2214 15

241 2255 288 2316 16.
317 2247 413 2315 Α666
441 2249 573 2334 graciae
600 2248 771 2316 millesimo
800 2251 1057 2338 quingentesimo
1078 2249 1278 2330 duodecimo,
1306 2249 1403 2314 161116
1425 2247 1477 2314 die
1499 2249 1578 2336 Sep·

159 2346 290 2412 tembris
317 2353 413 2426 (1512
437 2354 464 2412 d.
490 2354 517 2416 3.
540 2351 733 2432 8661611161),
762 2372 845 2437 6666
871 2361 941 2414 6161
962 2363 1056 2414 661116
1077 2359 1153 2436 6661
1173 2347 1314 2434 11661111,
1344 2347 1426 2413 obiit
1453 2358 1576 2436 specta·

160 2446 230 2512 bilis
251 2447 313 2529 vir,
342 2445 491 2511 dominus
513 2447 781 2513 Leonbardus
803 2447 1078 2534 Meysebergk
1104 2447 1369 2534 Liptaensis,
1400 2447 1517 2512 artium
1541 2469 1581 2513 ac

161 2548 236 2610 ioris
251 2545 410 2634 pontificii
424 2545 547 2627 doctor,
564 2545 720 2612 ecclesiae
733 2546 990 2633 Numburgensis
1005 2549 1188 2629 canonicus,
1206 2547 1301 2612 buius
1317 2545 1446 2632 collegii
1463 2547 1580 2630 senior,

159 2647 212 2730 qui
240 2645 458 2732 quadraginta
485 2667 543 2710 sex
572 2647 665 2710 annis
693 2647 755 2712 1611
783 2646 981 2734 collegiatus,
1011 2671 1049 2713 ac
1076 2649 1110 2712 16
1137 2656 1327 2712 testamento
1358 2667 1416 2711 suo
1444 2645 1623 2734 6611661620

157 2755 265 2812 666116
300 2744 423 2830 1666111
453 2743 565 2809 literas
594 2747 834 2832 reempcionum
865 2749 1007 2834 quinque
1040 2747 1235 2814 florenorum
1266 2745 1489 2832 reynensium,
1521 2769 1581 2832 pro

157 2855 283 2910 centum
312 2843 442 2910 florenis
473 2846 544 2908 6611
576 2848 746 2930 reynensis
772 2846 860 2932 apud
886 2846 1086 2913 consulatum
1116 2845 1210 2910 huius
1243 2844 1357 2933 oppidi
1390 2856 1580 2930 emptorum,

158 2969 238 3032 quae
260 2942 396 3028 collegio
417 2965 475 3029 per
498 2965 573 3008 6666
595 2948 853 3010 testamentarios
875 2955 949 3010 sunt
970 2955 1204 3032 praesentatae,
1232 2943 1410 3029 dequibus
1433 2943 1494 3008 6111
1525 2967 1580 3008 66-

158 3067 252 3109 uuam
281 3044 470 3108 memoriam
499 3053 656 3129 perpetuo
685 3046 773 3108 cirea
803 3045 888 3110 diem
917 3044 1023 3109 6111116
1051 3047 1101 3110 661
1129 3047 1163 3110 16
1192 3043 1329 3109 66616616
1357 3042 1426 3107 1111
1454 3042 1580 3108 Nicolai

157 3166 214 3230 per
235 3163 347 3208 omnes
369 3141 556 3226 collegiatos
578 3142 673 3208 buius
695 3144 916 3208 universitatis
939 3140 1023 3230 [321]
1046 3143 1089 3209 61
1116 3145 1219 3208 166161
1246 3143 1381 3208 aliarum
1409 3144 1620 3208 memoria-25

156 3267 225 3308 rum
247 3243 388 3306 instituit
408 3240 656 3324 observandam,
685 3241 728 3306 ad
748 3242 879 3308 laudem
900 3242 962 3322 dei,
984 3242 1099 3307 Amen.
1137 3244 1275 3329 Insuper
1298 3241 1441 3327 phialam
1463 3264 1579 3327 61666-

156 3352 238 3408 team
261 3341 410 3406 similiter
431 3339 567 3427 collegio
589 3339 723 3426 legavit.
1366 3399 1369 3404 .

240 3448 288 3508 17.
317 3441 412 3504 Anno
435 3439 557 3506 domini
578 3443 749 3527 15291666
773 3439 826 3505 116
848 3449 1033 3505 sanctorum
1058 3451 1238 3528 martyrum
1260 3439 1400 3505 Fabiani
1424 3449 1457 3504 et
1477 3439 1578 3506 Seba-

155 3544 261 3624 stiani,
283 3562 366 3628 quae
378 3550 448 3604 6161
467 3545 507 3605 20
517 3539 662 3604 Ianuarii
685 3545 780 3614 (1529
801 3545 828 3603 d.
846 3547 893 3608 20.
906 3545 1056 3622 Jonaar),
1079 3540 1160 3606 obiit
1179 3541 1329 3626 66166166
1346 3540 1407 3620 vir,
1431 3537 1577 3604 dominus

155 3640 381 3728 Gregorius
408 3637 681 3726 Bredekcppe
708 3661 755 3704 ex
777 3641 951 3721 Konitz,
980 3641 1034 3726 qui
1055 3640 1089 3704 16
1110 3647 1301 3705 testamento
1324 3661 1382 3704 666
1402 3637 1525 3724 legavit
1546 3647 1620 3704 6130

154 3741 289 3808 donavit
310 3737 385 3804 1616
406 3737 550 3824 collegio,
578 3740 668 3804 66166
690 3739 815 3826 collega
841 3739 901 3804 fuit
923 3747 955 3803 et
975 3739 1155 3804 membrum
1176 3737 1395 3820 memorabile,
1423 3739 1577 3826 6616666-
1624 3772 1633 3790 ·

155 3841 247 3926 ginta
267 3839 407 3903 florenos
429 3857 582 3902 16666666
605 3861 664 3924 616
686 3861 793 3904 annua
804 3840 874 3904 6166
895 3840 1060 3922 memoria,
1082 3860 1141 3926 661
1161 3839 1278 3904 1161166
1292 3837 1436 3904 61661616
1452 3837 1578 3924 collegii

153 3935 353 4004 instituenda
381 3946 412 4000 61
440 3935 655 4019 6166116616,
685 3938 718 4002 16
749 3939 798 4002 661
820 3938 926 4004 611166
954 3938 1008 4004 116
1037 3937 1189 4002 similium
1218 3939 1448 4004 memoriarum
1475 3939 1579 4004 instar

152 4036 343 4127 peragenda
368 4037 403 4100 in
429 4035 509 4100 aede
537 4035 605 4100 divi
626 4037 763 4103 Nicolai.
801 4037 892 4118 Quos
920 4039 1154 4126 quinquaginta
1175 4037 1315 4102 florenos
1335 4049 1524 4102 executores
1546 4048 1579 4104 et

152 4137 390 4204 testamentarii
411 4136 489 4217 6166,
512 4133 673 4222 Georgius
687 4136 865 4202 Dottanius
879 4136 1133 4224 Meyningensis,
1154 4139 1276 4200 6161616
1299 4147 1465 4201 61666166
1487 4137 1572 4203 theo·
1584 4147 1618 4203 35

152 4238 258 4324 legiae
288 4235 453 4322 professor
480 4245 512 4300 et
537 4234 632 4300 buius
659 4234 787 4322 collegii
815 4235 956 4322 collega,
993 4245 1025 4300 61
1049 4236 1198 4300 dominus
1225 4234 1361 4300 Iacobus
1388 4235 1507 4323 Hoppe
1534 4260 1576 4302 ex

152 4337 280 4418 Konitz,
309 4333 466 4400 ecclesiae
486 4333 766 4420 Merseburgonsis
788 4337 939 4414 vicarius,
966 4335 1052 4400 dicto
1079 4333 1215 4420 collegio
1238 4334 1448 4400 effectualiter
1467 4358 1575 4400 nume

151 4447 306 4503 raverunt
326 4445 358 4499 et
380 4433 510 4499 realiter
531 4432 696 4498 solverunt
716 4435 750 4498 in
774 4434 862 4500 bona
888 4443 1017 4498 moneta
1044 4435 1166 4520 grossis
1192 4435 1328 4520 integris
1348 4434 1576 4500 Misnensibua.

151 4535 333 4620 Collegium
359 4535 535 4620 assumpsit
560 4542 592 4598 et
622 4533 795 4598 secundum
823 4533 969 4598 nltimam
999 4534 1164 4598 testatoris
1192 4532 1389 4600 voluntatem
1416 4533 1575 4620 disposuit

152 4635 336 4721 locavitque
359 4643 526 4720 acceptam
549 4633 719 4720 pecuniam
742 4657 801 4720 pro
822 4633 938 4697 annuis
959 4631 1140 4698 redditibus
1161 4633 1375 4720 reempcionis
1396 4631 1487 4698 titulo
1509 4635 1615 4698 661-10

151 4735 225 4800 1616
256 4733 321 4798 civi
349 4731 436 4798 lanio
462 4731 556 4796 Hans
577 4731 665 4818 Voyt
692 4755 789 4820 super
816 4731 908 4798 horto
934 4731 1118 4818 bipotecato
1141 4755 1213 4797 6616
1240 4731 1335 4798 16166
1363 4732 1573 4816 conducticia,

152 4843 248 4922 prout
268 4835 304 4898 in
331 4832 434 4897 literis
464 4829 550 4896 datis
581 4832 770 4916 continetur,
800 4831 856 4920 qui
883 4830 1018 4918 singolis
1045 4831 1138 4897 annis
1165 4831 1333 4897 literarum
1361 4830 1573 4916 promissione

150 5103 241 5242 burghl
261 5095 378 5153 Beziebt
395 5095 453 5150 6161
471 5095 523 5151 661
536 5095 590 5152 den
602 5097 675 5169 Tag,
692 5115 729 5152 66
747 5097 877 5154 welobem
893 5097 993 5154 Hundt
1011 5096 1086 5152 disse
1101 5093 1292 5154 Aetenstiieke
1309 5096 1339 5150 in
1354 5095 1413 5150 dies
1429 5093 1571 5154 816111166-

239 5183 360 5254 6161166.
