3794 6060
627 397 679 446 Die
697 396 882 446 Reformatton
899 408 960 444 vom
981 395 1064 445 Jahre
1085 399 1158 446 1⁴9⁶.
1563 399 1604 462 23

167 575 248 640 bant
270 597 349 641 esse
371 576 498 642 astricti
520 575 563 640 ad
589 574 846 664 extorquendum
873 573 1011 661 singulis
1037 574 1276 642 mutacionibue
1302 598 1426 662 poenas
1457 577 1604 664 supposi-

167 683 278 740 torum
310 697 380 740 non
408 677 657 762 opponentium,
678 697 744 740 non
764 675 982 762 arguentium,
1003 697 1069 741 non
1088 674 1368 762 respondentium,
1391 673 1604 762 disputationi

168 775 340 840 serotinae
362 795 429 839 non
450 775 709 838 interessendum
732 795 771 838 ao
792 772 1071 860 vulgarisantium.
1113 773 1239 854 Quibus
1261 775 1375 860 poenis
1403 777 1552 842 amonitis
1573 785 1605 841 et

168 874 331 955 extortis,
355 871 487 938 easdem
508 873 628 959 partim
648 873 682 938 iu
705 873 862 938 solacium
883 874 971 938 etin
992 872 1200 938 refectionem
1223 874 1466 960 suppositorum
1478 883 1512 939 et
1530 897 1605 962 par-

168 972 227 1036 tim
250 971 297 1036 ad
317 971 491 1060 coquinam
512 994 571 1059 pro
593 971 784 1038 utensilibus
805 971 1033 1059 comparandis
1056 981 1112 1037 aut
1127 971 1310 1037 reficiendis
1325 971 1465 1040 fideliter
1482 995 1601 1061 expen-
1628 983 1645 1039 5

170 1069 264 1156 dant,
286 1091 350 1136 nec
369 1069 553 1136 huiusmodi
574 1093 697 1158 poenas
720 1070 784 1136 sibi
804 1069 1220 1158 imbursarepraesumant,
1240 1070 1300 1137 sub
1321 1094 1428 1158 poena
1442 1074 1605 1140 carentiae

170 1179 247 1234 actu
269 1169 438 1256 regentiae
459 1191 518 1256 per
540 1171 702 1257 integrum
723 1193 852 1236 annum.

234 1339 287 1400 20.
320 1352 368 1399 nn
390 1351 589 1402 surrosrrrs
609 1355 656 1400 an
679 1352 877 1402 senormau
896 1354 942 1400 ar
965 1354 1181 1403 onnmaumu
1201 1351 1476 1401 nrsruraorouns
1497 1352 1542 1401 ac

486 1451 706 1501 nsrmmarrs
729 1453 995 1502 onsnnvaurmu
1017 1451 1294 1503 comannorum.

255 1562 415 1629 Volumus
439 1575 472 1630 et
492 1565 695 1648 ordinamus,
718 1565 806 1652 quod
827 1565 969 1632 decanus
990 1577 1136 1654 tempore
1161 1566 1356 1653 inceptionis
1376 1563 1551 1630 lectionum
1571 1572 1603 1628 et
1615 1573 1647 1629 lo

173 1663 412 1728 exerciciorum
436 1673 592 1728 convocet
614 1686 724 1728 omnes
745 1674 777 1728 et
799 1665 944 1752 singulos
969 1667 1155 1753 magistros,
1178 1663 1411 1732 commensales
1432 1672 1489 1728 aut
1509 1685 1603 1750 quos·

172 1783 300 1849 cunque
322 1761 465 1827 scolares
485 1785 544 1849 pro
566 1761 672 1848 gradu
693 1761 800 1851 aliquo
822 1765 856 1828 in
878 1766 1003 1830 artibus
1024 1765 1222 1852 complentes
1254 1785 1363 1829 secum
1382 1771 1544 1844 tenentes,
1573 1769 1605 1825 et

173 1858 307 1926 eosdem
329 1859 534 1926 adhortando
558 1863 721 1949 requirat,
742 1873 778 1927 ut
798 1865 927 1929 statutis
949 1865 1088 1953 privatis
1111 1860 1423 1929 inhabitationibus
1445 1861 1512 1926 suis
1528 1881 1603 1946 pro·

174 1957 324 2042 videant,
347 1959 434 2047 quod
455 1959 535 2026 dicti
555 1960 697 2026 scolares
719 1963 768 2027 sui
791 1965 966 2029 serotinam
995 1972 1027 2029 et
1048 1962 1248 2028 ordinariam
1275 1960 1510 2047 disputationes
1530 1957 1602 2024 dili·

174 2065 289 2143 genter
309 2059 444 2123 visitent
465 2069 496 2124 st
516 2061 550 2124 in
572 2058 694 2124 eisdem
719 2083 789 2126 sess
810 2062 987 2146 audiendo,
1015 2061 1208 2150 opponendo
1230 2071 1262 2126 et
1282 2057 1526 2146 respondendo,
1548 2081 1599 2122 ar-
1612 2067 1642 2122 15

175 2155 324 2241 guendo,
348 2157 543 2224 conferendo
566 2167 598 2224 et
619 2158 816 2245 disputando
847 2184 944 2250 quam
967 2161 1140 2248 diligenter
1165 2161 1344 2225 exercitent
1364 2178 1404 2222 ac
1426 2156 1536 2224 sedule
1556 2156 1603 2221 la·

175 2256 243 2320 tina
262 2253 438 2343 loquantur
455 2257 515 2322 sub
536 2259 649 2345 poenis
672 2269 833 2324 certorum
855 2259 1063 2326 denariorum
1086 2257 1352 2324 irremissibiliter
1373 2256 1602 2345 persolvendo·

175 2377 256 2418 rum.
299 2353 344 2419 Et
366 2357 420 2444 qui
441 2356 625 2422 huiusmodi
647 2366 766 2424 statuto
785 2358 914 2445 poenali
940 2381 1016 2425 suos
1039 2356 1217 2446 discipulos
1240 2355 1283 2422 ad
1303 2355 1470 2443 praefatas
1491 2354 1601 2442 dispu-

175 2455 315 2518 tationes
336 2465 368 2518 et
387 2454 556 2520 latinitatis
575 2456 816 2522 observantiam
833 2457 921 2522 haud
940 2458 1142 2545 compulerit,
1163 2479 1223 2545 per
1245 2455 1404 2520 decanum
1415 2455 1602 2520 etseniores

174 2552 340 2618 facultatis
363 2554 525 2640 condigna
554 2577 661 2643 poena
692 2558 854 2642 puniatur.
897 2555 1047 2622 Scolares
1070 2579 1165 2639 vero,
1195 2557 1249 2644 qui
1272 2575 1307 2620 se
1327 2551 1512 2620 huiusmodi
1537 2559 1644 2618 sta-20

176 2651 254 2716 tutis
276 2653 417 2738 privatis
438 2655 649 2742 opposuerint
671 2664 729 2719 aut
747 2675 880 2742 poenas,
900 2678 982 2743 quas
1005 2654 1047 2721 ob
1067 2678 1133 2721 non
1155 2654 1397 2720 observantiam
1417 2649 1602 2718 huiusmodi

177 2759 371 2816 statutorum
391 2752 579 2837 inciderint,
607 2755 772 2840 magistris
801 2755 867 2818 suis
887 2775 953 2818 non
975 2753 1193 2840 persolverint
1214 2763 1270 2820 aut
1297 2751 1485 2840 persolvere
1512 2773 1603 2816 recn-

177 2851 341 3014 mrim,
361 2859 508 2938 tempore
529 2874 586 2917 suo
610 2851 653 2916 ad
674 2873 811 2917 examen
832 2875 892 2939 pro
914 2851 1020 2938 gradu
1043 2853 1152 2940 aliquo
1178 2854 1212 2918 iu
1242 2852 1366 2918 artibus
1394 2871 1600 2938 nequaquam

252 2949 400 3014 ittantun

646 3120 695 3182 21.
716 3133 763 3182 nn
783 3133 1126 3184 orsrnusarrorunus.
1611 3121 1645 3178 25

258 3241 417 3309 Volumus
438 3253 470 3308 et
490 3245 693 3329 ordinamus,
717 3245 804 3334 quod
824 3247 937 3331 largae
959 3246 1218 3334 dispensationes
1247 3244 1545 3332 promovendorum
1567 3245 1602 3310 in

177 3341 302 3408 artibus
325 3344 454 3409 omnino
474 3343 697 3428 moderentur,
724 3346 772 3409 sic
788 3344 875 3433 quod
904 3345 1174 3410 baccalariandus
1202 3345 1288 3410 ultra
1319 3343 1512 3432 quindecim,
1534 3365 1601 3408 ma·

177 3439 365 3530 gistrandus
386 3463 465 3505 vero
485 3441 571 3506 ultra
591 3445 727 3529 triginta
746 3465 879 3530 grossos
909 3455 1081 3529 argenteos
1107 3465 1168 3531 pro
1195 3442 1439 3530 dispensatione
1465 3440 1600 3528 speciali

177 3538 362 3630 expendere
389 3540 478 3606 haud
505 3551 657 3628 cogatur,
688 3541 838 3631 quodque
865 3544 1014 3628 magistri
1047 3542 1087 3608 de
1120 3542 1254 3607 consilio
1286 3539 1451 3606 facultatis
1481 3541 1600 3606 artium

177 3639 331 3728 deinceps
360 3662 423 3726 quo
451 3637 493 3704 ad
520 3641 694 3726 stanciam,
725 3651 852 3728 tempus
879 3649 910 3706 et
941 3649 1079 3707 aetatem
1101 3663 1173 3705 cum
1195 3637 1426 3727 promovendis
1446 3661 1512 3704 non
1533 3637 1642 3704 dis-³0

177 3746 323 3828 pensent,
342 3740 405 3804 nisi
428 3737 468 3802 de
489 3737 633 3804 abilitate
655 3749 687 3804 et
706 3741 830 3827 pericia
847 3739 983 3806 scolaris
998 3739 1213 3828 promovendi
1235 3737 1401 3804 evidenter
1422 3747 1599 3823 constaret,

176 3850 253 3904 tunc
273 3839 372 3904 etiam
394 3859 468 3902 cum
486 3836 545 3901 tali
565 3837 691 3927 quoad
712 3848 839 3924 tempus
860 3849 892 3904 et
914 3847 1052 3904 aetatem
1077 3838 1191 3903 saltem
1219 3839 1253 3902 in
1275 3837 1402 3904 modico
1424 3836 1599 3904 rationabi-

175 3937 247 4004 liter
271 3936 462 4024 dispensare
484 3945 645 4024 potenmt.

572 4105 623 4167 22.
644 4119 691 4166 nn
713 4117 1014 4167 nusummornsus
1035 4117 1203 4167 rusnrcrs.

258 4229 468 4314 Ordinamus,
490 4231 577 4321 quod
599 4235 834 4320 resumptiones
856 4231 1007 4321 publicae
1030 4232 1088 4298 sub
1109 4230 1389 4319 disputacionibus
1408 4232 1552 4297 serotina
1565 4238 1639 4296 etas

178 4332 344 4398 ordinaria
364 4330 489 4419 subque
508 4330 597 4396 horis
625 4331 797 4396 lectionum
826 4341 858 4396 et
885 4332 1120 4396 exerciciorum
1149 4330 1235 4396 nullo
1263 4328 1359 4395 modo
1390 4329 1470 4394 fiant
1496 4351 1600 4418 neque

178 4429 407 4512 admitterer,
432 4428 532 4494 salvis
554 4439 662 4496 tamen
684 4429 773 4495 horis
794 4453 854 4519 pro
876 4429 1059 4494 huiusmodi
1080 4428 1220 4516 publicis
1247 4427 1521 4515 resumptionibus
1543 4427 1595 4492 de-

178 4529 310 4616 putatis,
331 4537 448 4617 quarta
467 4527 631 4610 videlicet,
654 4530 766 4616 quinta
787 4540 819 4594 et
840 4537 934 4594 sexta
952 4550 1057 4610 mane,
1080 4536 1112 4592 et
1138 4528 1201 4593 hoc
1221 4529 1255 4592 in
1276 4536 1412 4593 aestate:
1441 4528 1475 4592 iu
1495 4527 1601 4592 hieme

177 4649 252 4693 vero
273 4651 369 4693 mane
389 4629 501 4716 quinta
523 4635 554 4690 et
576 4635 684 4690 sexta:
711 4627 752 4691 de
774 4651 846 4694 sero
870 4635 976 4691 autem
999 4635 1124 4714 quarta,
1151 4633 1219 4693 tam
1240 4628 1274 4691 in
1301 4635 1425 4692 aestate
1447 4649 1543 4715 quam
1563 4625 1599 4689 in

177 4726 287 4791 hieme.
327 4727 373 4792 Et
395 4726 537 4792 decanus
558 4723 721 4790 facultatis
743 4727 861 4792 artium
882 4723 1014 4790 realiter
1036 4734 1068 4791 et
1095 4749 1167 4791 cum
1189 4727 1304 4792 effectu
1328 4725 1443 4812 puniat
1469 4731 1640 4789 contra-to

178 4827 345 4909 facientes,
364 4847 406 4890 ne
427 4825 585 4908 scolares,
608 4847 667 4912 pro
689 4823 796 4911 aliquo
819 4823 926 4911 gradu
948 4823 1161 4912 complentes,
1187 4824 1400 4890 electionum
1420 4832 1453 4888 et
1474 4822 1597 4888 exerci-

179 4927 299 4992 ciorum
319 4922 485 4992 auditione
503 4923 718 4990 retrahantur.
747 4923 792 4988 Et
813 4926 841 4988 si
860 4945 967 5011 poena
990 4923 1026 4988 in
1046 4925 1185 5006 statutis,
1207 4931 1322 4989 contra
1341 4920 1470 5009 publice
1491 4923 1527 4986 in
1546 4943 1597 4987 ar·

178 5023 262 5090 tibna
282 5023 343 5090 sub
363 5025 577 5112 praescriptis
595 5023 684 5088 horis
707 5030 739 5087 et
759 5021 959 5109 temporibus
982 5031 1182 5090 resumentes
1192 5021 1297 5103 editis,
1320 5041 1478 5106 expressa
1498 5020 1595 5086 nimia
