3762 6074
325 407 384 472 520
816 401 865 454 Dic
884 401 1104 466 philosophische
1120 401 1248 454 Faculttt.

323 586 475 654 habuerit
500 585 700 668 mandatum,
726 586 761 650 iu
787 586 921 652 consilio
950 585 1189 650 communitatis
1217 582 1317 650 studii
1344 582 1506 650 bonarum
1530 583 1649 648 artium
1674 583 1741 648 reti-

322 691 393 754 neri
416 698 447 752 et
467 685 620 751 mandato
649 684 814 750 doctrinae
843 707 975 752 munere
1001 686 1093 771 firngi
1115 683 1221 749 debet.
1263 684 1299 749 Si
1327 685 1362 748 in
1389 683 1454 749 alio
1483 704 1604 768 genere
1625 692 1657 746 et
1683 681 1742 748 alia

323 788 553 854 communitate
574 783 703 872 publice
718 784 833 850 docere
848 787 1002 872 coeperit,
1024 783 1114 850 locus
1136 781 1211 848 dein
1230 785 1264 849 in
1278 784 1510 849 communitate
1530 780 1630 848 studii
1650 780 1742 847 bona-

321 911 393 953 rum
419 887 537 951 artium
557 884 604 949 illi
625 883 762 970 relinqui
784 907 847 949 non
869 885 998 971 poterit.

279 1065 296 1120 5
830 1069 878 1116 DE
898 1069 1077 1118 ELIGENDO
1099 1067 1249 1118 onemo.

934 1187 1040 1251 Caput
1059 1187 1134 1238 1111.

404 1303 458 1366 Ex
479 1303 541 1367 isto
566 1299 693 1366 consilii
714 1299 836 1386 publici
859 1323 996 1389 corpore
1016 1323 1144 1388 quoquc
1167 1300 1314 1365 semestri
1334 1298 1463 1385 legatur
1484 1295 1639 1380 domnus,
1668 1298 1744 1362 serie

322 1403 478 1468 hactenus
506 1399 689 1482 observata,
718 1423 782 1486 qua
809 1411 947 1486 quatuor
974 1402 1122 1465 nationes
1149 1408 1225 1465 sunt
1246 1400 1434 1486 dispositae.
1476 1396 1622 1482 Legstur
1643 1407 1743 1462 autem

323 1501 384 1566 hoc
413 1499 519 1566 modo.
563 1499 725 1585 Tempore
753 1511 784 1564 et
812 1500 884 1566 loco
914 1501 1086 1565 constituto
1117 1499 1258 1564 decanus
1294 1499 1344 1562 sui
1380 1498 1545 1562 semestris
1582 1495 1744 1560 consilium

284 1612 314 1666 10
324 1599 531 1680 convocabit,
560 1609 592 1663 et
618 1597 659 1662 de
687 1598 792 1664 tribus
813 1599 999 1665 nationibus
1028 1610 1122 1664 extra
1150 1621 1233 1682 eam,
1262 1599 1352 1662 cuius
1379 1596 1523 1661 decanus
1550 1594 1617 1680 legi
1647 1595 1744 1678 debet,

322 1709 409 1766 sorte
431 1698 588 1764 ducentur
609 1709 675 1762 tres
699 1722 741 1764 ex
762 1698 895 1764 consilio
919 1697 1059 1785 publico.
1101 1697 1164 1762 His
1187 1697 1388 1785 professores
1410 1693 1563 1782 publicae
1585 1694 1745 1760 doctrinae

323 1798 469 1864 similiter
491 1800 586 1862 trium
608 1799 774 1862 nationum
797 1797 924 1862 illarum
946 1808 1070 1862 tantum
1093 1797 1325 1882 adiungentur,
1354 1805 1453 1883 atque
1472 1795 1515 1861 ab
1537 1793 1589 1859 his
1611 1794 1745 1859 deosum

322 1897 555 1984 designabitur,
591 1897 700 1961 statim
733 1897 815 1962 hora
847 1905 879 1960 et
909 1895 981 1962 loco
1015 1895 1068 1961 illo
1098 1905 1283 1962 conventus.
1326 1895 1390 1962 Oui
1419 1894 1551 1981 plurimi
1583 1893 1746 1978 suffragati

321 1998 450 2078 fuerint,
477 1999 506 2060 is
528 1995 796 2082 pronunciabitur
818 1994 970 2060 decanus.
1012 1995 1048 2060 Si
1071 1995 1227 2082 suffragia
1249 1993 1382 2059 diversa
1401 1994 1485 2060 forte
1506 1992 1657 2079 aequalia
1678 1994 1746 2074 sint,

282 2109 313 2162 15
324 2101 379 2185 qui
400 2107 467 2161 tum
496 2093 611 2160 decani
634 2119 748 2159 munus
769 2104 871 2180 geret,
895 2095 934 2175 is,
961 2095 1024 2158 utri
1046 2097 1133 2182 parti
1154 2093 1251 2175 volet,
1279 2094 1430 2158 assentiri
1451 2093 1570 2180 poterit
1592 2105 1625 2156 et
1645 2115 1746 2158 acces-

322 2197 411 2261 sione
433 2194 581 2278 suffragii
603 2195 697 2259 huius
719 2216 822 2259 novus
853 2192 994 2258 decanus
1017 2193 1190 2258 creabitur.
1232 2191 1277 2257 Ut
1304 2203 1410 2257 autem
1437 2191 1523 2258 banc
1551 2194 1746 2258 emotionem

321 2297 375 2360 uni
399 2293 513 2359 crebro
536 2294 684 2359 mandari
705 2317 771 2357 non
791 2303 927 2380 oportet,
958 2295 986 2358 si
1008 2293 1100 2376 alter,
1123 2293 1178 2378 qui
1199 2290 1340 2358 nondum
1363 2293 1475 2378 gessit,
1497 2303 1632 2378 praesto
1655 2293 1696 2357 sit
1717 2303 1746 2354 et

321 2397 349 2460 is
371 2416 441 2460 esse
463 2395 675 2474 existimetur,
704 2393 760 2479 qui
789 2415 831 2456 ex
858 2391 996 2458 utilitate
1024 2391 1155 2479 publica
1180 2393 1374 2478 magistratu
1402 2390 1465 2456 boo
1485 2392 1656 2456 functurus
1681 2413 1747 2454 esse

320 2494 485 2559 videatur:
528 2493 585 2575 sic,
615 2515 650 2556 re
672 2501 703 2554 ct
723 2502 869 2580 tempore
890 2491 1075 2579 postulante
1096 2504 1153 2556 aut
1174 2491 1414 2558 commoditatis
1436 2493 1563 2556 ratione
1586 2489 1747 2570 suadente,

279 2597 351 2658 mis
373 2592 437 2678 legi
460 2592 588 2678 poterit,
619 2591 672 2654 cui
692 2603 767 2656 ante
788 2613 916 2679 quoque
939 2589 1053 2655 decani
1082 2593 1206 2656 curatio
1235 2591 1302 2656 lata
1329 2591 1396 2656 fuit
1437 2590 1542 2678 quue
1564 2591 1593 2654 si
1614 2588 1747 2670 aecidm,

323 2688 387 2780 [tt]
416 2713 481 2754 non
512 2691 674 2776 pertinere
706 2689 749 2756 ad
782 2689 878 2755 ullius
906 2701 1100 2756 contemtum
1130 2690 1379 2756 existimabitur.
1420 2689 1565 2755 Honeste
1597 2699 1747 2754 autema

321 2788 486 2854 veteribus
515 2789 722 2852 constitutum
744 2800 809 2871 est,
836 2799 871 2853 ut
898 2789 1069 2854 ambitiosa
1092 2790 1253 2877 cupiditas
1275 2791 1309 2854 in
1331 2788 1512 2855 affectando
1535 2788 1597 2855 boo
1620 2811 1747 2854 munere

323 2911 435 2954 severe
455 2887 776 2953 animadverteretur.
800 2888 882 2952 Nam
906 2897 937 2954 et
958 2890 1172 2974 gravissimus
1194 2900 1289 2954 autor
1303 2888 1398 2954 Plato
1419 2887 1590 2976 praeclare
1610 2890 1747 2976 scripsit,

322 3011 378 3054 eos
398 2989 538 3076 optimos
561 2989 771 3073 magistratus
793 3009 873 3069 esse,
896 2989 949 3074 qui
972 2987 1110 3054 honores
1133 2991 1265 3055 minime
1285 2998 1483 3076 appeterent.

280 3163 314 3219 25
799 3172 847 3220 DE
868 3172 997 3220 necem
1018 3173 1258 3222 Paomssloua.

405 3287 569 3368 Decanus,
594 3288 648 3374 qui
668 3297 704 3351 ut
726 3297 823 3374 eaput
845 3287 970 3352 consilii
994 3286 1117 3374 publici
1138 3310 1178 3353 ea
1199 3288 1336 3370 ratione,
1359 3309 1443 3376 quac
1465 3289 1673 3376 praescripta
1692 3297 1747 3368 est,

321 3387 423 3452 lectus
445 3386 556 3468 fuerit,
585 3387 695 3450 statim
714 3409 830 3451 munus
852 3385 915 3452 hoo
936 3398 1086 3474 capesset
1108 3399 1140 3452 st
1161 3385 1347 3468 affirmabit,
1371 3385 1553 3469 bonafide,
1575 3385 1666 3452 nrrlla
1686 3411 1747 3454 am·

323 3485 443 3551 biliosa
476 3484 606 3566 fraude,
636 3485 784 3550 effectum
817 3509 897 3568 esse,
926 3497 962 3550 ut
989 3486 1070 3551 illud
1098 3485 1161 3552 eibi
1190 3485 1406 3552 mandaretur.
1450 3485 1627 3552 Praeterea
1654 3489 1747 3552 iusiu-

321 3583 458 3651 randum
489 3582 583 3649 dabit
614 3584 648 3647 iu
680 3583 760 3649 haee
791 3584 909 3650 verba:
949 3583 1049 3672 „Ego
1079 3587 1125 3651 .N.
1156 3587 1242 3668 iuro,
1270 3607 1322 3650 me
1351 3607 1483 3650 munere
1512 3586 1574 3652 boc
1605 3589 1746 3652 semestri

279 3685 500 3751 todeeanatus
527 3681 666 3747 fideliter
693 3691 725 3746 et
752 3683 862 3750 sedulo
893 3707 963 3749 esse
996 3687 1191 3766 functurum,
1222 3697 1253 3749 et
1281 3685 1524 3750 constitutiones
1554 3708 1593 3750 ac
1620 3685 1747 3751 decreta

322 3783 561 3848 communitatis
582 3789 712 3846 nostrae
733 3781 905 3868 diligenter
926 3795 1151 3866 executurum,
1174 3782 1388 3870 domumque
1409 3806 1554 3872 operam,
1577 3797 1614 3850 ut
1633 3789 1746 3868 omnia,

322 3903 406 3968 quae
432 3881 474 3944 ad
504 3903 555 3946 mc
584 3881 791 3966 spectabunt,
820 3905 882 3968 quo
910 3883 954 3947 ad
975 3883 1045 3948 fieri
1066 3883 1201 3972 poterit,
1232 3906 1252 3947 a
1272 3905 1324 3948 mc
1347 3895 1525 3966 serventur,
1554 3893 1586 3948 et
1611 3907 1654 3949 ne
1679 3886 1746 3972 quis

321 3981 457 4046 aliorum
479 3981 819 4068 quicquamncglectu
840 3994 896 4048 aut
916 3985 1097 4048 temeritate
1119 4006 1178 4048 sua
1201 3981 1406 4048 labefactet.“

404 4079 494 4146 Sciet
514 4082 611 4144 etiam
632 4079 773 4146 decanus
795 4104 909 4166 novus,
931 4082 1057 4169 iniungi
1087 4083 1149 4149 sibi
1172 4082 1212 4148 de
1242 4082 1402 4146 communi
1430 4083 1591 4149 sententia
1613 4085 1744 4164 consilii,

279 4187 358 4245 seut
382 4179 458 4267 ipsa
485 4189 605 4245 statuta
632 4181 740 4245 omnia
769 4183 1007 4247 communitatis
1037 4205 1134 4267 quam
1164 4183 1305 4270 primum
1335 4179 1532 4268 perlegendo
1564 4195 1744 4269 eognoscat,

321 4288 357 4343 ut
378 4279 562 4342 meminisse
583 4281 700 4365 possit,
727 4279 805 4364 quid
834 4301 960 4368 quoque
982 4290 1128 4368 tempore
1154 4303 1269 4346 curare
1289 4278 1473 4345 laciendum
1496 4291 1528 4346 et
1546 4283 1619 4368 ipse
1640 4283 1742 4348 facere
1856 4277 1857 4306 ³

322 4376 449 4442 debeat.

717 4511 764 4559 DE
784 4511 1051 4562 EXECUTORIBUS
1072 4514 1117 4561 ET
1140 4513 1353 4562 cumanum.

943 4631 1056 4694 Caput
1072 4631 1106 4682 V.

280 4771 314 4828 to
406 4758 453 4848 [S.
479 4757 527 4846 12]
552 4759 701 4824 Veterem
724 4761 987 4828 consuetudinem
1016 4761 1056 4826 de
1084 4760 1135 4828 bis
1161 4761 1284 4851 placuit
1312 4765 1453 4849 servari,
1481 4773 1514 4829 et
1540 4766 1688 4834 similiter
1711 4769 1742 4832 in

322 4861 410 4942 aliis,
441 4883 524 4946 quae
556 4881 645 4924 more
674 4859 768 4943 fiunt,
803 4873 869 4926 tam
898 4861 938 4926 de
970 4863 1132 4926 seniorum
1165 4876 1325 4929 conventu
1354 4886 1451 4951 quam
1480 4865 1741 4953 inspectionibus,

321 4957 577 5041 visitationibus,
609 4960 830 5025 curationibus
857 4969 889 5024 ct
918 4963 951 5025 in
980 4963 1096 5048 primis
1124 4961 1165 5026 de
1193 4962 1362 5050 diligentia
1388 4964 1553 5031 tractandi
1583 4965 1740 5054 publicam
1856 4981 1857 4986 ’

322 5059 490 5146 pecuniam
515 5067 546 5122 et
565 5057 742 5122 referendis
763 5060 954 5142 rationibus,
981 5061 1121 5146 itemque
1151 5063 1298 5145 caeteris,
1326 5084 1408 5148 quae
1440 5063 1502 5130 bac
1528 5063 1739 5155 descriptione
