3758 6072
630 497 766 550 Entvvtris
785 511 846 548 vom
865 497 948 548 dabre
967 498 1039 550 1444.
1498 503 1559 568 365

129 679 326 747 iudicaverit
354 680 433 745 satis
468 687 587 767 aptum.
629 676 728 744 Etsi
754 679 826 768 quis
855 679 1083 766 magistrorum
1120 677 1329 766 eligencium,
1358 677 1401 745 ab
1427 681 1560 770 antiquo

130 781 258 846 decano
281 777 342 844 sub
363 801 423 844 sua
442 779 645 844 consciencia
666 787 744 844 tunc
762 780 952 866 requisitus,
975 778 1145 861 fatebitur,
1168 788 1334 845 scrotum
1357 801 1449 845 snum
1469 781 1561 867 prius

135 880 289 968 cuiquam
310 879 511 966 promisisse,
532 887 607 944 voto
628 899 687 944 suo
710 888 821 944 careat
841 877 898 944 illa
918 879 999 944 vice.
1034 877 1141 965 Super
1162 898 1225 965 quo
1247 879 1352 944 eciam
1372 878 1458 944 idem
1480 881 1561 946 anti·

131 1002 217 1068 quus
246 979 390 1046 decanus
417 987 492 1044 ante
523 975 711 1044 dandonem
740 999 851 1044 omnes
871 978 1048 1065 magistros
1074 977 1277 1066 interrogare
1305 976 1466 1045 tenebitur
1495 981 1561 1046 sin·

153 1081 161 1095 '
189 1081 279 1146 atim.
1585 1089 1604 1144 5

128 1077 188 1166 gul
644 1164 673 1226 2.
695 1177 742 1224 nn
765 1177 933 1228 assumo
953 1177 1090 1228 uncam.

214 1293 313 1377 Item,
349 1304 385 1360 ut
415 1295 580 1382 appetitus
609 1293 693 1360 lucri
729 1293 937 1383 temporalis,
977 1295 1033 1382 qui
1062 1316 1161 1382 saepe
1200 1295 1348 1363 iusticiae
1380 1297 1451 1360 vias
1482 1295 1562 1361 facit

134 1391 321 1477 declinare,
342 1393 376 1458 in
397 1391 504 1458 officio
525 1392 702 1460 decanatus
725 1393 909 1481 aliqualiter
928 1393 1129 1476 moderetur,
1150 1392 1275 1480 placet,
1296 1403 1332 1460 ut
1353 1393 1496 1460 decanus
1517 1395 1563 1460 in·

130 1502 231 1558 antea
251 1491 293 1558 de
318 1491 424 1558 officio
446 1514 504 1558 suo
526 1515 587 1580 pro
608 1491 776 1560 laboribus
797 1493 832 1560 in
854 1499 895 1563 36
916 1493 947 1560 fl.
976 1491 1152 1576 summula,
1175 1515 1272 1581 quam
1294 1516 1315 1560 a
1334 1493 1563 1582 promovendis

130 1593 228 1658 iuxta
249 1602 414 1658 monetam
443 1602 626 1658 currentem
654 1593 835 1681 percipiat,
870 1594 912 1658 sit
939 1603 1116 1660 contentus.
1158 1590 1224 1658 Sed
1247 1595 1275 1659 si
1298 1602 1412 1680 pastam
1433 1601 1605 1682 promo-to

131 1691 314 1756 vendorum
336 1690 380 1756 ad
401 1701 525 1757 tantam
539 1715 697 1758 summam
717 1715 752 1759 se
774 1715 839 1758 non
858 1691 1050 1776 extenderit,
1072 1691 1221 1779 suppleat
1239 1691 1377 1758 facultas
1395 1715 1564 1759 numerum

133 1800 383 1878 praetaxatum3
415 1793 443 1856 si
473 1791 550 1880 quid
576 1803 680 1858 autem
715 1793 895 1880 supererit,
930 1791 1025 1858 cedat
1050 1791 1205 1861 facultati.
1247 1791 1291 1856 Et
1317 1792 1378 1858 hoc
1406 1801 1563 1876 teneatur,

132 1913 303 1978 quousque
312 1889 452 1958 facultas
464 1891 557 1957 iuxta
574 1901 756 1980 temporum
771 1891 1019 1979 dispositionem
1033 1889 1128 1956 aliter
1144 1888 1325 1957 decreverit
1338 1889 1562 1958 ordinandum.

431 2063 461 2126 3.
486 2076 534 2124 ns
554 2075 655 2125 nono
677 2075 845 2125 saranum
864 2075 1032 2124 nscauon
1053 2077 1109 2124 vm
1132 2075 1314 2127 scaurum.

221 2190 320 2274 Item,
344 2191 420 2280 quia
441 2192 475 2257 in
497 2192 653 2258 electione
676 2189 810 2280 publica
830 2192 945 2258 decani
964 2213 1117 2258 rancores
1138 2200 1170 2256 et
1191 2190 1267 2258 odia
1287 2193 1373 2257 inter
1391 2192 1564 2279 magistros
1576 2201 1606 2258 tt

138 2290 205 2356 visi
226 2299 302 2356 sunt
322 2290 497 2379 aliquando
520 2291 672 2376 suboriri,
693 2301 729 2358 ut
748 2291 933 2358 huiusmodi
950 2292 1190 2357 controversiae
1212 2291 1419 2357 seminarium
1442 2291 1566 2356 aufera-

137 2401 210 2472 tur,
244 2387 369 2476 placet,
401 2400 439 2457 ut
471 2391 513 2458 de
544 2401 651 2458 cetero
684 2389 826 2458 demnas
857 2391 1129 2480 perscrutinium
1150 2390 1288 2478 eligatur
1307 2399 1340 2457 ct
1361 2392 1567 2478 assignentur

142 2489 277 2578 antiquo
300 2487 424 2557 decano
445 2500 642 2558 scrutatores
664 2489 729 2557 duo
751 2490 929 2558 secundum
950 2500 1087 2574 sortem,
1119 2491 1240 2578 inqua
1263 2502 1349 2558 sorte
1371 2491 1436 2556 sint
1457 2511 1568 2556 omnes

139 2589 292 2676 magistri
321 2597 397 2654 tunc
426 2605 631 2676 praesentes,
662 2589 803 2677 demptis
831 2591 997 2677 magistris
1024 2589 1065 2654 de
1092 2590 1242 2671 nacione,
1271 2612 1367 2679 quam
1393 2592 1499 2676 tangit
1524 2611 1565 2654 ex

140 2687 256 2756 ordine
268 2686 460 2771 decanatus3
484 2700 517 2754 et
535 2689 695 2778 praedicti
715 2698 912 2756 scrutatores
934 2689 977 2756 ad
999 2688 1169 2756 celandum
1190 2697 1268 2754 vota
1281 2689 1512 2774 magistrorum
1533 2695 1608 2753 et20

139 2793 260 2871 eciam,
283 2797 361 2874 quot
381 2787 436 2854 ille
454 2786 506 2854 vel
527 2788 581 2856 ille
603 2799 680 2855 vota
693 2789 853 2872 habuerit,
874 2788 934 2855 sub
959 2811 1019 2855 suo
1039 2789 1218 2854 iuramento
1240 2789 1305 2854 sint
1334 2789 1468 2854 astricti.
1500 2786 1567 2853 Sed

140 2900 173 2955 et
201 2885 307 2953 solum
329 2886 416 2952 bunc
439 2890 621 2974 nominent,
653 2891 708 2978 qui
737 2888 833 2978 plura
859 2887 975 2955 habuit
1002 2899 1080 2955 vota
1108 2889 1346 2974 magistrorum
1391 2887 1566 2956 Convictus

140 2998 250 3054 autem
269 2986 310 3053 de
331 2988 481 3076 opposito
502 2988 589 3055 ultra
610 2999 736 3055 reatum
757 2989 902 3076 periurii,
922 2987 1008 3076 quod
1020 2989 1159 3054 incurrit
1177 2989 1250 3074 ipso
1271 2988 1368 3070 facto,
1389 3012 1410 3054 a
1432 2985 1565 3055 consilio

139 3085 306 3154 facultatis
327 3109 386 3175 per
405 3085 572 3155 biennium
593 3090 637 3155 sit
657 3109 841 3176 suspensus

651 3245 681 3304 4.
701 3255 749 3305 ΒΕ
770 3253 1055 3304 DISPENSATIONE·
1574 3243 1608 3302 25

223 3371 307 3438 Item
333 3371 376 3437 ad
405 3371 585 3439 sedandum
612 3369 839 3438 oblocuciones
864 3379 897 3436 et
921 3369 1209 3456 interpretaciones
1246 3367 1405 3458 quasdam
1437 3367 1567 3434 odiosas

142 3473 250 3538 omnis
271 3471 427 3539 autoritas
449 3470 662 3560 dispensandi
684 3493 743 3558 pro
765 3469 991 3538 examinandis
1013 3477 1180 3534 remaneat
1200 3468 1288 3556 apud
1309 3467 1505 3534 facultatem.

425 3647 453 3708 5.
474 3657 522 3704 nn
542 3654 737 3706 sosarmus
761 3653 853 3704 arra
874 3655 1017 3704 smnus
1037 3655 1083 3703 nr
1102 3653 1325 3703 senesanna.

223 3770 324 3855 Item,
355 3781 390 3838 ut
422 3771 562 3838 facilitas
591 3772 754 3838 inutilium
780 3771 912 3837 tollatur
938 3793 1170 3859 expensarum,
1199 3768 1323 3858 placet,
1348 3777 1384 3836 ut
1409 3771 1484 3858 ipso
1504 3769 1566 3855 die,

141 3893 207 3959 quo
239 3872 385 3958 aperitin
415 3893 552 3938 examen
583 3870 635 3938 vel
666 3881 880 3959 temptamcn,
912 3893 971 3958 per
1001 3869 1236 3938 examinandos
1269 3870 1338 3936 sive
1363 3871 1610 3958 temptandos30

143 3979 279 4058 propter
305 3972 536 4038 invitacionem
567 3972 797 4059 magistrorum
817 3973 885 4038 sive
913 3972 1157 4058 suppositorum
1178 3981 1253 4036 ante
1276 3971 1442 4036 introitum
1464 3969 1570 4036 nullae

140 4071 223 4136 fiant
245 4091 416 4157 expensae.
457 4071 523 4138 Pro
545 4071 706 4138 conductu
724 4079 861 4158 possunt
880 4079 989 4136 tamen
1009 4067 1228 4153 examinandi,
1253 4069 1280 4136 si
1299 4068 1474 4157 placuerit,
1496 4093 1570 4136 con·

140 4170 269 4238 venturi
290 4192 363 4236 cum
380 4168 566 4238 bursalibus
584 4170 837 4238 conducentibus
850 4167 986 4258 quilibet
1002 4193 1136 4258 scopam
1148 4170 1316 4252 cervisiae,
1335 4190 1399 4235 non
1421 4171 1569 4258 amplius,

141 4269 329 4358 propinare,
350 4268 409 4335 sub
420 4293 528 4358 poena
537 4271 632 4337 unius
648 4270 772 4355 florani,
793 4291 1040 4358 quampoenam
1061 4269 1204 4338 decanus
1224 4290 1247 4335 a
1263 4269 1568 4338 contrafacientibus

141 4371 276 4456 exigere
297 4371 418 4456 poterit
438 4391 513 4436 cum
533 4370 659 4438 effectu.

234 4525 263 4588 6.
283 4536 331 4585 DE
352 4537 514 4588 Psorms
534 4539 580 4586 ΕΤ
603 4511 972 4590 rsomsstorvlsusssun
995 4539 1150 4588 nummu
1172 4539 1217 4588 ΕΤ
1239 4537 1474 4591 sumamus.

224 4669 324 4752 Item,
356 4671 434 4758 quia
455 4693 569 4759 preces
590 4673 748 4738 instantes
770 4681 803 4738 et
822 4671 1028 4760 importunae
1048 4693 1276 4761 nonnunquam
1298 4676 1401 4740 eciam
1421 4672 1567 4739 iusticias

142 4771 301 4838 zelatores
331 4791 351 4834 a
376 4773 504 4836 tramite
535 4771 738 4838 rectitudinis
770 4781 890 4859 cogunt
911 4771 1148 4858 quodammodo
1170 4771 1349 4856 declinare,
1380 4773 1503 4860 placet,
1533 4783 1569 4838 ut

141 4869 249 4936 nullus
260 4871 553 4956 promovendorum
565 4870 707 4959 aliquam
727 4873 827 4938 faciat
846 4873 1020 4960 propinam
1042 4871 1111 4936 sive
1132 4874 1377 4958 promissionem
1401 4872 1565 4936 examina·

141 4969 268 5036 toribus
291 4966 351 5033 sub
376 4972 525 5035 examine
554 4971 606 5036 vel
631 4973 857 5058 temptamina,
885 4994 947 5037 nec
968 4973 1072 5036 eciam
1093 4968 1234 5060 aliquem
1255 4972 1483 5056 magistrorum
1512 4978 1609 5036 anttlt

142 5069 312 5137 doctorum
342 5066 394 5133 vel
421 5069 519 5135 alium
542 5092 764 5159 quemcunque
791 5069 941 5136 sollicitet
960 5071 1073 5158 gracia
1092 5069 1194 5154 illius,
1227 5083 1262 5136 ut
1281 5071 1387 5156 ipsum
1415 5068 1568 5158 precibus

141 5164 362 5236 mediantibus
384 5168 662 5238 examinatoribus
684 5169 931 5238 recommendet
