<?xml version="1.0" encoding="UTF-8"?>
<!DOCTYPE html PUBLIC "-//W3C//DTD XHTML 1.0 Transitional//EN"
    "http://www.w3.org/TR/xhtml1/DTD/xhtml1-transitional.dtd">
<html xmlns="http://www.w3.org/1999/xhtml" xml:lang="en" lang="en">
 <head>
  <title>
</title>
<meta http-equiv="Content-Type" content="text/html;charset=utf-8" />
  <meta name='ocr-system' content='tesseract 3.04.00' />
  <meta name='ocr-capabilities' content='ocr_page ocr_carea ocr_par ocr_line ocrx_word'/>
</head>
<body>
  <div class='ocr_page' id='page_1' title='image "./diestatutenbche00leipgoog_0311.png"; bbox 0 0 3748 6070; ppageno 0'>
   <div class='ocr_carea' id='block_1_1' title="bbox 361 519 1241 588">
    <p class='ocr_par' dir='ltr' id='par_1_1' title="bbox 361 519 1241 588">
     <span class='ocr_line' id='line_1_1' title="bbox 361 519 1241 588; baseline -0.001 -17"><span class='ocrx_word' id='word_1_1' title='bbox 361 525 422 588; x_wconf 77' lang='lat'><strong>290</strong></span> <span class='ocrx_word' id='word_1_2' title='bbox 916 519 972 570; x_wconf 79' lang='lat' dir='ltr'><strong>Dar</strong></span> <span class='ocrx_word' id='word_1_3' title='bbox 994 519 1118 572; x_wconf 75' lang='lat' dir='ltr'><strong>Paulines·</strong></span> <span class='ocrx_word' id='word_1_4' title='bbox 1137 519 1241 583; x_wconf 75' lang='lat' dir='ltr'><strong>colleg.</strong></span> 
     </span>
    </p>
   </div>
   <div class='ocr_carea' id='block_1_2' title="bbox 320 697 1820 3070">
    <p class='ocr_par' dir='ltr' id='par_1_2' title="bbox 359 697 1790 1085">
     <span class='ocr_line' id='line_1_2' title="bbox 441 697 1789 788; baseline -0.004 -21"><span class='ocrx_word' id='word_1_5' title='bbox 441 703 588 769; x_wconf 83' lang='lat' dir='ltr'><strong>Forma</strong></span> <span class='ocrx_word' id='word_1_6' title='bbox 618 701 678 766; x_wconf 91' lang='lat' dir='ltr'><strong>erit</strong></span> <span class='ocrx_word' id='word_1_7' title='bbox 706 699 768 765; x_wconf 86' lang='lat' dir='ltr'><strong>hoc</strong></span> <span class='ocrx_word' id='word_1_8' title='bbox 796 709 941 788; x_wconf 89' lang='lat' dir='ltr'><strong>tempore</strong></span> <span class='ocrx_word' id='word_1_9' title='bbox 967 723 1017 784; x_wconf 85' lang='lat' dir='ltr'><strong>ea,</strong></span> <span class='ocrx_word' id='word_1_10' title='bbox 1044 709 1079 766; x_wconf 92' lang='lat' dir='ltr'><strong>ut</strong></span> <span class='ocrx_word' id='word_1_11' title='bbox 1105 709 1241 788; x_wconf 90' lang='lat' dir='ltr'><strong>quatuor</strong></span> <span class='ocrx_word' id='word_1_12' title='bbox 1261 699 1401 786; x_wconf 90' lang='lat' dir='ltr'><strong>primum</strong></span> <span class='ocrx_word' id='word_1_13' title='bbox 1424 697 1574 782; x_wconf 86' lang='lat' dir='ltr'><strong>magistri</strong></span> <span class='ocrx_word' id='word_1_14' title='bbox 1596 697 1789 763; x_wconf 84' lang='lat' dir='ltr'><strong>insedibus</strong></span> 
     </span>
     <span class='ocr_line' id='line_1_3' title="bbox 359 795 1788 886; baseline -0.006 -18"><span class='ocrx_word' id='word_1_15' title='bbox 359 801 506 868; x_wconf 90' lang='lat' dir='ltr'><strong>Paulinis</strong></span> <span class='ocrx_word' id='word_1_16' title='bbox 529 809 650 882; x_wconf 88' lang='lat' dir='ltr'><strong>curent,</strong></span> <span class='ocrx_word' id='word_1_17' title='bbox 679 798 830 886; x_wconf 87' lang='lat' dir='ltr'><strong>discipuli</strong></span> <span class='ocrx_word' id='word_1_18' title='bbox 852 810 959 866; x_wconf 91' lang='lat' dir='ltr'><strong>autem</strong></span> <span class='ocrx_word' id='word_1_19' title='bbox 981 810 1012 864; x_wconf 90' lang='lat' dir='ltr'><strong>et</strong></span> <span class='ocrx_word' id='word_1_20' title='bbox 1033 799 1158 865; x_wconf 83' lang='lat' dir='ltr'>incolae</span> <span class='ocrx_word' id='word_1_21' title='bbox 1180 798 1307 865; x_wconf 90' lang='lat' dir='ltr'><strong>aedium</strong></span> <span class='ocrx_word' id='word_1_22' title='bbox 1336 819 1412 862; x_wconf 88' lang='lat' dir='ltr'><strong>suas</strong></span> <span class='ocrx_word' id='word_1_23' title='bbox 1433 795 1669 878; x_wconf 87' lang='lat' dir='ltr'><strong>habitaciones,</strong></span> <span class='ocrx_word' id='word_1_24' title='bbox 1697 808 1733 862; x_wconf 90' lang='lat' dir='ltr'><strong>ut</strong></span> <span class='ocrx_word' id='word_1_25' title='bbox 1753 797 1788 860; x_wconf 90' lang='lat' dir='ltr'><strong>in</strong></span> 
     </span>
     <span class='ocr_line' id='line_1_4' title="bbox 364 893 1790 982; baseline -0.005 -16"><span class='ocrx_word' id='word_1_26' title='bbox 364 900 566 966; x_wconf 79' lang='lat' dir='ltr'><strong>scholasticis</strong></span> <span class='ocrx_word' id='word_1_27' title='bbox 587 900 871 964; x_wconf 81' lang='lat' dir='ltr'><strong>communitatibus</strong></span> <span class='ocrx_word' id='word_1_28' title='bbox 894 898 1006 982; x_wconf 89' lang='lat' dir='ltr'><strong>solent,</strong></span> <span class='ocrx_word' id='word_1_29' title='bbox 1034 897 1209 964; x_wconf 87' lang='lat' dir='ltr'><strong>conductas</strong></span> <span class='ocrx_word' id='word_1_30' title='bbox 1232 895 1406 962; x_wconf 86' lang='lat' dir='ltr'><strong>habebunt.</strong></span> <span class='ocrx_word' id='word_1_31' title='bbox 1450 893 1551 961; x_wconf 82' lang='lat' dir='ltr'><strong>Cibus</strong></span> <span class='ocrx_word' id='word_1_32' title='bbox 1573 899 1790 961; x_wconf 89' lang='lat' dir='ltr'><strong>communiter</strong></span> 
     </span>
     <span class='ocr_line' id='line_1_5' title="bbox 363 993 1790 1085; baseline -0.004 -19"><span class='ocrx_word' id='word_1_33' title='bbox 363 1003 396 1066; x_wconf 92' lang='lat' dir='ltr'><strong>in</strong></span> <span class='ocrx_word' id='word_1_34' title='bbox 429 999 479 1064; x_wconf 90' lang='lat' dir='ltr'><strong>his</strong></span> <span class='ocrx_word' id='word_1_35' title='bbox 512 997 647 1064; x_wconf 89' lang='lat' dir='ltr'><strong>aedibus</strong></span> <span class='ocrx_word' id='word_1_36' title='bbox 677 1000 823 1063; x_wconf 90' lang='lat' dir='ltr'><strong>instituto</strong></span> <span class='ocrx_word' id='word_1_37' title='bbox 853 997 1061 1064; x_wconf 85' lang='lat' dir='ltr'><strong>illustrissimi</strong></span> <span class='ocrx_word' id='word_1_38' title='bbox 1090 997 1248 1085; x_wconf 88' lang='lat' dir='ltr'><strong>principis</strong></span> <span class='ocrx_word' id='word_1_39' title='bbox 1278 994 1498 1082; x_wconf 85' lang='lat' dir='ltr'><strong>praebebitur,</strong></span> <span class='ocrx_word' id='word_1_40' title='bbox 1526 993 1666 1082; x_wconf 83' lang='lat' dir='ltr'><strong>huicque</strong></span> <span class='ocrx_word' id='word_1_41' title='bbox 1694 1019 1790 1083; x_wconf 88' lang='lat' dir='ltr'><strong>prae-</strong></span> 
     </span>
    </p>

    <p class='ocr_par' dir='ltr' id='par_1_3' title="bbox 320 1093 1820 1384">
     <span class='ocr_line' id='line_1_6' title="bbox 320 1093 1820 1184; baseline -0.005 -18"><span class='ocrx_word' id='word_1_42' title='bbox 320 1113 336 1166; x_wconf 93' lang='grc'><strong>5</strong></span> <span class='ocrx_word' id='word_1_43' title='bbox 366 1099 470 1164; x_wconf 90' lang='lat' dir='ltr'><strong>bendo</strong></span> <span class='ocrx_word' id='word_1_44' title='bbox 493 1097 535 1162; x_wconf 90' lang='lat' dir='ltr'><strong>ab</strong></span> <span class='ocrx_word' id='word_1_45' title='bbox 557 1099 767 1163; x_wconf 83' lang='lat' dir='ltr'><strong>universitate</strong></span> <span class='ocrx_word' id='word_1_46' title='bbox 789 1099 886 1162; x_wconf 88' lang='lat' dir='ltr'><strong>certis</strong></span> <span class='ocrx_word' id='word_1_47' title='bbox 906 1097 1145 1164; x_wconf 88' lang='lat' dir='ltr'><strong>conditionibus</strong></span> <span class='ocrx_word' id='word_1_48' title='bbox 1168 1095 1284 1180; x_wconf 90' lang='lat' dir='ltr'><strong>aliquis</strong></span> <span class='ocrx_word' id='word_1_49' title='bbox 1306 1095 1521 1180; x_wconf 85' lang='lat' dir='ltr'><strong>praeficietur.</strong></span> <span class='ocrx_word' id='word_1_50' title='bbox 1547 1093 1691 1178; x_wconf 86' lang='lat' dir='ltr'><strong>Famuli,</strong></span> <span class='ocrx_word' id='word_1_51' title='bbox 1712 1107 1792 1180; x_wconf 94' lang='lat' dir='ltr'><strong>quot</strong></span> <span class='ocrx_word' id='word_1_52' title='bbox 1818 1179 1820 1184; x_wconf 23' lang='grc' dir='ltr'>Ι</span> 
     </span>
     <span class='ocr_line' id='line_1_7' title="bbox 363 1193 1790 1287; baseline -0.003 -25"><span class='ocrx_word' id='word_1_53' title='bbox 363 1221 489 1287; x_wconf 91' lang='lat' dir='ltr'><strong>quoque</strong></span> <span class='ocrx_word' id='word_1_54' title='bbox 511 1207 655 1284; x_wconf 88' lang='lat' dir='ltr'><strong>tempore</strong></span> <span class='ocrx_word' id='word_1_55' title='bbox 675 1199 852 1262; x_wconf 84' lang='lat' dir='ltr'><strong>necessitas</strong></span> <span class='ocrx_word' id='word_1_56' title='bbox 875 1196 1168 1262; x_wconf 77' lang='lat' dir='ltr'><strong>administracionis</strong></span> <span class='ocrx_word' id='word_1_57' title='bbox 1190 1195 1301 1280; x_wconf 85' lang='lat' dir='ltr'><strong>exigit,</strong></span> <span class='ocrx_word' id='word_1_58' title='bbox 1323 1193 1457 1259; x_wconf 85' lang='lat' dir='ltr'><strong>alentur.</strong></span> <span class='ocrx_word' id='word_1_59' title='bbox 1483 1194 1574 1258; x_wconf 87' lang='lat' dir='ltr'><strong>Intra</strong></span> <span class='ocrx_word' id='word_1_60' title='bbox 1590 1193 1691 1260; x_wconf 86' lang='lat' dir='ltr'><strong>aedes</strong></span> <span class='ocrx_word' id='word_1_61' title='bbox 1705 1194 1790 1259; x_wconf 92' lang='lat' dir='ltr'><strong>Pau-</strong></span> 
     </span>
     <span class='ocr_line' id='line_1_8' title="bbox 362 1292 1473 1384; baseline -0.002 -24"><span class='ocrx_word' id='word_1_62' title='bbox 362 1297 446 1362; x_wconf 84' lang='lat' dir='ltr'><strong>linae</strong></span> <span class='ocrx_word' id='word_1_63' title='bbox 467 1295 688 1362; x_wconf 85' lang='lat' dir='ltr'><strong>doctrinarum</strong></span> <span class='ocrx_word' id='word_1_64' title='bbox 709 1296 839 1384; x_wconf 87' lang='lat' dir='ltr'><strong>publica</strong></span> <span class='ocrx_word' id='word_1_65' title='bbox 859 1296 933 1362; x_wconf 88' lang='lat' dir='ltr'><strong>loca</strong></span> <span class='ocrx_word' id='word_1_66' title='bbox 953 1294 1189 1384; x_wconf 83' lang='lat' dir='ltr'><strong>professoribus</strong></span> <span class='ocrx_word' id='word_1_67' title='bbox 1212 1292 1473 1380; x_wconf 89' lang='lat' dir='ltr'><strong>assignabuntur.</strong></span> 
     </span>
    </p>

    <p class='ocr_par' dir='ltr' id='par_1_4' title="bbox 441 1393 1789 1482">
     <span class='ocr_line' id='line_1_9' title="bbox 441 1393 1789 1482; baseline -0.001 -22"><span class='ocrx_word' id='word_1_68' title='bbox 441 1395 534 1460; x_wconf 88' lang='lat' dir='ltr'><strong>Haec</strong></span> <span class='ocrx_word' id='word_1_69' title='bbox 556 1395 760 1461; x_wconf 86' lang='lat' dir='ltr'><strong>contubernii</strong></span> <span class='ocrx_word' id='word_1_70' title='bbox 779 1398 884 1462; x_wconf 88' lang='lat' dir='ltr'><strong>forma</strong></span> <span class='ocrx_word' id='word_1_71' title='bbox 906 1399 976 1480; x_wconf 91' lang='lat' dir='ltr'><strong>erit,</strong></span> <span class='ocrx_word' id='word_1_72' title='bbox 1006 1394 1316 1461; x_wconf 84' lang='lat' dir='ltr'><strong>administratio</strong></span> <span class='ocrx_word' id='word_1_73' title='bbox 1338 1403 1445 1457; x_wconf 91' lang='lat' dir='ltr'><strong>autem</strong></span> <span class='ocrx_word' id='word_1_74' title='bbox 1466 1393 1552 1475; x_wconf 89' lang='lat' dir='ltr'><strong>talis,</strong></span> <span class='ocrx_word' id='word_1_75' title='bbox 1574 1403 1611 1458; x_wconf 89' lang='lat' dir='ltr'><strong>ut</strong></span> <span class='ocrx_word' id='word_1_76' title='bbox 1632 1395 1789 1482; x_wconf 89' lang='lat' dir='ltr'><strong>sequitur.</strong></span> 
     </span>
    </p>

    <p class='ocr_par' dir='ltr' id='par_1_5' title="bbox 444 1489 1790 1582">
     <span class='ocr_line' id='line_1_10' title="bbox 444 1489 1790 1582; baseline -0.001 -24"><span class='ocrx_word' id='word_1_77' title='bbox 444 1495 590 1559; x_wconf 89' lang='lat' dir='ltr'><strong>Primum</strong></span> <span class='ocrx_word' id='word_1_78' title='bbox 611 1493 739 1559; x_wconf 88' lang='lat' dir='ltr'><strong>Paulini</strong></span> <span class='ocrx_word' id='word_1_79' title='bbox 760 1494 887 1582; x_wconf 89' lang='lat' dir='ltr'><strong>collegii</strong></span> <span class='ocrx_word' id='word_1_80' title='bbox 908 1506 940 1562; x_wconf 88' lang='lat' dir='ltr'><strong>et</strong></span> <span class='ocrx_word' id='word_1_81' title='bbox 961 1495 1254 1560; x_wconf 87' lang='lat' dir='ltr'><strong>administracionis</strong></span> <span class='ocrx_word' id='word_1_82' title='bbox 1277 1502 1454 1580; x_wconf 84' lang='lat' dir='ltr'><strong>perpetuae</strong></span> <span class='ocrx_word' id='word_1_83' title='bbox 1476 1489 1563 1558; x_wconf 90' lang='lat' dir='ltr'><strong>illius</strong></span> <span class='ocrx_word' id='word_1_84' title='bbox 1586 1513 1669 1559; x_wconf 88' lang='lat' dir='ltr'><strong>cura</strong></span> <span class='ocrx_word' id='word_1_85' title='bbox 1691 1503 1790 1578; x_wconf 90' lang='lat' dir='ltr'><strong>atque</strong></span> 
     </span>
    </p>

    <p class='ocr_par' dir='ltr' id='par_1_6' title="bbox 321 1592 1791 3070">
     <span class='ocr_line' id='line_1_11' title="bbox 324 1592 1790 1682; baseline -0.001 -22"><span class='ocrx_word' id='word_1_86' title='bbox 324 1604 530 1682; x_wconf 81' lang='lat' dir='ltr'><strong>10respectus</strong></span> <span class='ocrx_word' id='word_1_87' title='bbox 553 1593 830 1659; x_wconf 89' lang='lat' dir='ltr'><strong>commendabitur</strong></span> <span class='ocrx_word' id='word_1_88' title='bbox 850 1594 893 1660; x_wconf 90' lang='lat' dir='ltr'><strong>ab</strong></span> <span class='ocrx_word' id='word_1_89' title='bbox 917 1595 1128 1660; x_wconf 86' lang='lat' dir='ltr'><strong>universitate</strong></span> <span class='ocrx_word' id='word_1_90' title='bbox 1148 1593 1278 1658; x_wconf 89' lang='lat' dir='ltr'><strong>tribus</strong></span> <span class='ocrx_word' id='word_1_91' title='bbox 1300 1593 1390 1673; x_wconf 88' lang='lat' dir='ltr'><strong>viris,</strong></span> <span class='ocrx_word' id='word_1_92' title='bbox 1417 1601 1523 1656; x_wconf 87' lang='lat' dir='ltr'><strong>aetate</strong></span> <span class='ocrx_word' id='word_1_93' title='bbox 1544 1592 1790 1680; x_wconf 91' lang='lat' dir='ltr'><strong>honoribusque</strong></span> 
     </span>
     <span class='ocr_line' id='line_1_12' title="bbox 364 1689 1789 1783; baseline -0.002 -23"><span class='ocrx_word' id='word_1_94' title='bbox 364 1705 395 1760; x_wconf 92' lang='lat' dir='ltr'><strong>et</strong></span> <span class='ocrx_word' id='word_1_95' title='bbox 415 1717 477 1759; x_wconf 89' lang='lat' dir='ltr'><strong>usu</strong></span> <span class='ocrx_word' id='word_1_96' title='bbox 497 1716 605 1757; x_wconf 89' lang='lat' dir='ltr'><strong>rerum</strong></span> <span class='ocrx_word' id='word_1_97' title='bbox 627 1693 699 1757; x_wconf 88' lang='lat' dir='ltr'><strong>aliis</strong></span> <span class='ocrx_word' id='word_1_98' title='bbox 714 1693 962 1780; x_wconf 87' lang='lat' dir='ltr'><strong>praestantibus,</strong></span> <span class='ocrx_word' id='word_1_99' title='bbox 984 1695 1038 1783; x_wconf 92' lang='lat' dir='ltr'><strong>qui</strong></span> <span class='ocrx_word' id='word_1_100' title='bbox 1060 1704 1213 1778; x_wconf 88' lang='lat' dir='ltr'><strong>tanquam</strong></span> <span class='ocrx_word' id='word_1_101' title='bbox 1235 1689 1455 1778; x_wconf 87' lang='lat' dir='ltr'><strong>praesides</strong></span> <span class='ocrx_word' id='word_1_102' title='bbox 1478 1690 1611 1778; x_wconf 87' lang='lat' dir='ltr'><strong>quidam</strong></span> <span class='ocrx_word' id='word_1_103' title='bbox 1632 1715 1789 1757; x_wconf 88' lang='lat' dir='ltr'><strong>unacum</strong></span> 
     </span>
     <span class='ocr_line' id='line_1_13' title="bbox 360 1789 1791 1878; baseline -0.003 -18"><span class='ocrx_word' id='word_1_104' title='bbox 360 1805 486 1860; x_wconf 89' lang='lat' dir='ltr'><strong>rectore</strong></span> <span class='ocrx_word' id='word_1_105' title='bbox 508 1793 729 1857; x_wconf 88' lang='lat' dir='ltr'><strong>universitatis</strong></span> <span class='ocrx_word' id='word_1_106' title='bbox 758 1793 801 1858; x_wconf 90' lang='lat' dir='ltr'><strong>ad</strong></span> <span class='ocrx_word' id='word_1_107' title='bbox 828 1795 937 1858; x_wconf 87' lang='lat' dir='ltr'><strong>omnia</strong></span> <span class='ocrx_word' id='word_1_108' title='bbox 958 1792 1130 1878; x_wconf 83' lang='lat' dir='ltr'><strong>diligenter</strong></span> <span class='ocrx_word' id='word_1_109' title='bbox 1158 1791 1333 1877; x_wconf 91' lang='lat' dir='ltr'><strong>respicient</strong></span> <span class='ocrx_word' id='word_1_110' title='bbox 1360 1801 1391 1855; x_wconf 87' lang='lat' dir='ltr'><strong>et</strong></span> <span class='ocrx_word' id='word_1_111' title='bbox 1421 1789 1685 1856; x_wconf 87' lang='lat' dir='ltr'><strong>animadvertent</strong></span> <span class='ocrx_word' id='word_1_112' title='bbox 1712 1815 1791 1878; x_wconf 91' lang='lat' dir='ltr'><strong>quo-</strong></span> 
     </span>
     <span class='ocr_line' id='line_1_14' title="bbox 362 1889 1790 1980; baseline -0.004 -22"><span class='ocrx_word' id='word_1_113' title='bbox 362 1916 434 1979; x_wconf 92' lang='lat' dir='ltr'><strong>que,</strong></span> <span class='ocrx_word' id='word_1_114' title='bbox 461 1914 524 1980; x_wconf 94' lang='lat' dir='ltr'><strong>quo</strong></span> <span class='ocrx_word' id='word_1_115' title='bbox 546 1893 681 1980; x_wconf 91' lang='lat' dir='ltr'><strong>quisque</strong></span> <span class='ocrx_word' id='word_1_116' title='bbox 704 1915 738 1958; x_wconf 91' lang='lat' dir='ltr'><strong>se</strong></span> <span class='ocrx_word' id='word_1_117' title='bbox 760 1893 856 1958; x_wconf 92' lang='lat' dir='ltr'><strong>modo</strong></span> <span class='ocrx_word' id='word_1_118' title='bbox 875 1903 977 1978; x_wconf 87' lang='lat' dir='ltr'><strong>gerat,</strong></span> <span class='ocrx_word' id='word_1_119' title='bbox 1005 1891 1179 1957; x_wconf 90' lang='lat' dir='ltr'><strong>monebunt</strong></span> <span class='ocrx_word' id='word_1_120' title='bbox 1200 1889 1396 1972; x_wconf 87' lang='lat' dir='ltr'><strong>obedientes,</strong></span> <span class='ocrx_word' id='word_1_121' title='bbox 1423 1890 1631 1976; x_wconf 88' lang='lat' dir='ltr'><strong>castigabunt</strong></span> <span class='ocrx_word' id='word_1_122' title='bbox 1654 1891 1790 1956; x_wconf 86' lang='lat' dir='ltr'><strong>dissolu-</strong></span> 
     </span>
     <span class='ocr_line' id='line_1_15' title="bbox 363 1987 1790 2078; baseline -0.003 -20"><span class='ocrx_word' id='word_1_123' title='bbox 363 2003 423 2076; x_wconf 91' lang='lat' dir='ltr'><strong>tos,</strong></span> <span class='ocrx_word' id='word_1_124' title='bbox 448 1993 482 2056; x_wconf 94' lang='lat' dir='ltr'><strong>in</strong></span> <span class='ocrx_word' id='word_1_125' title='bbox 503 1991 670 2078; x_wconf 88' lang='lat' dir='ltr'><strong>improbos</strong></span> <span class='ocrx_word' id='word_1_126' title='bbox 692 1992 960 2075; x_wconf 89' lang='lat' dir='ltr'><strong>animadvertent,</strong></span> <span class='ocrx_word' id='word_1_127' title='bbox 982 1993 1050 2057; x_wconf 90' lang='lat' dir='ltr'><strong>sive</strong></span> <span class='ocrx_word' id='word_1_128' title='bbox 1071 1990 1106 2055; x_wconf 95' lang='lat' dir='ltr'><strong>hi</strong></span> <span class='ocrx_word' id='word_1_129' title='bbox 1125 1987 1276 2076; x_wconf 84' lang='lat' dir='ltr'><strong>discipuli</strong></span> <span class='ocrx_word' id='word_1_130' title='bbox 1301 2011 1358 2052; x_wconf 90' lang='lat' dir='ltr'><strong>seu</strong></span> <span class='ocrx_word' id='word_1_131' title='bbox 1378 1991 1474 2054; x_wconf 89' lang='lat' dir='ltr'><strong>etiam</strong></span> <span class='ocrx_word' id='word_1_132' title='bbox 1491 1991 1642 2076; x_wconf 81' lang='lat' dir='ltr'><strong>magistri</strong></span> <span class='ocrx_word' id='word_1_133' title='bbox 1663 1991 1790 2054; x_wconf 83' lang='lat' dir='ltr'><strong>fuerint</strong></span> 
     </span>
     <span class='ocr_line' id='line_1_16' title="bbox 325 2087 1790 2178; baseline -0.002 -21"><span class='ocrx_word' id='word_1_134' title='bbox 325 2104 355 2158; x_wconf 83' lang='lat' dir='ltr'><strong>tt</strong></span> <span class='ocrx_word' id='word_1_135' title='bbox 365 2092 467 2158; x_wconf 90' lang='lat' dir='ltr'><strong>Iidem</strong></span> <span class='ocrx_word' id='word_1_136' title='bbox 490 2099 521 2156; x_wconf 92' lang='lat' dir='ltr'><strong>et</strong></span> <span class='ocrx_word' id='word_1_137' title='bbox 542 2091 616 2173; x_wconf 88' lang='lat' dir='ltr'><strong>alia,</strong></span> <span class='ocrx_word' id='word_1_138' title='bbox 636 2113 718 2178; x_wconf 86' lang='lat' dir='ltr'><strong>quae</strong></span> <span class='ocrx_word' id='word_1_139' title='bbox 740 2093 783 2158; x_wconf 91' lang='lat' dir='ltr'><strong>ad</strong></span> <span class='ocrx_word' id='word_1_140' title='bbox 794 2092 923 2157; x_wconf 87' lang='lat' dir='ltr'><strong>Paulini</strong></span> <span class='ocrx_word' id='word_1_141' title='bbox 943 2090 1070 2177; x_wconf 85' lang='lat' dir='ltr'><strong>collegii</strong></span> <span class='ocrx_word' id='word_1_142' title='bbox 1090 2092 1288 2155; x_wconf 87' lang='lat' dir='ltr'><strong>incrementa</strong></span> <span class='ocrx_word' id='word_1_143' title='bbox 1308 2089 1471 2175; x_wconf 90' lang='lat' dir='ltr'><strong>pertinere</strong></span> <span class='ocrx_word' id='word_1_144' title='bbox 1486 2087 1697 2172; x_wconf 89' lang='lat' dir='ltr'><strong>videbuntur,</strong></span> <span class='ocrx_word' id='word_1_145' title='bbox 1720 2089 1790 2153; x_wconf 91' lang='lat' dir='ltr'><strong>dili-</strong></span> 
     </span>
     <span class='ocr_line' id='line_1_17' title="bbox 361 2188 1790 2279; baseline -0.003 -23"><span class='ocrx_word' id='word_1_146' title='bbox 361 2193 449 2278; x_wconf 89' lang='lat' dir='ltr'><strong>genti</strong></span> <span class='ocrx_word' id='word_1_147' title='bbox 477 2191 539 2256; x_wconf 91' lang='lat' dir='ltr'><strong>sibi</strong></span> <span class='ocrx_word' id='word_1_148' title='bbox 569 2214 666 2256; x_wconf 89' lang='lat' dir='ltr'><strong>curae</strong></span> <span class='ocrx_word' id='word_1_149' title='bbox 694 2214 764 2257; x_wconf 90' lang='lat' dir='ltr'><strong>esse</strong></span> <span class='ocrx_word' id='word_1_150' title='bbox 791 2193 963 2279; x_wconf 90' lang='lat' dir='ltr'><strong>patientur,</strong></span> <span class='ocrx_word' id='word_1_151' title='bbox 993 2201 1029 2255; x_wconf 89' lang='lat' dir='ltr'><strong>ut</strong></span> <span class='ocrx_word' id='word_1_152' title='bbox 1062 2188 1283 2254; x_wconf 84' lang='lat' dir='ltr'><strong>aedificiorum</strong></span> <span class='ocrx_word' id='word_1_153' title='bbox 1316 2191 1542 2274; x_wconf 87' lang='lat' dir='ltr'><strong>praeparaoio,</strong></span> <span class='ocrx_word' id='word_1_154' title='bbox 1579 2191 1790 2254; x_wconf 85' lang='lat' dir='ltr'><strong>oeconomiae</strong></span> 
     </span>
     <span class='ocr_line' id='line_1_18' title="bbox 361 2287 1787 2376; baseline -0.002 -20"><span class='ocrx_word' id='word_1_155' title='bbox 361 2303 427 2356; x_wconf 90' lang='lat' dir='ltr'><strong>tam</strong></span> <span class='ocrx_word' id='word_1_156' title='bbox 447 2291 605 2356; x_wconf 91' lang='lat' dir='ltr'><strong>institutio</strong></span> <span class='ocrx_word' id='word_1_157' title='bbox 627 2313 723 2374; x_wconf 86' lang='lat' dir='ltr'><strong>quam</strong></span> <span class='ocrx_word' id='word_1_158' title='bbox 746 2293 959 2373; x_wconf 84' lang='lat' dir='ltr'><strong>conservatio,</strong></span> <span class='ocrx_word' id='word_1_159' title='bbox 981 2293 1086 2354; x_wconf 88' lang='lat' dir='ltr'><strong>victus</strong></span> <span class='ocrx_word' id='word_1_160' title='bbox 1107 2287 1268 2353; x_wconf 90' lang='lat' dir='ltr'><strong>ordinatio</strong></span> <span class='ocrx_word' id='word_1_161' title='bbox 1291 2296 1351 2351; x_wconf 89' lang='lat' dir='ltr'><strong>eto.</strong></span> <span class='ocrx_word' id='word_1_162' title='bbox 1391 2288 1437 2351; x_wconf 85' lang='lat' dir='ltr'><strong>Hi</strong></span> <span class='ocrx_word' id='word_1_163' title='bbox 1460 2310 1568 2375; x_wconf 88' lang='lat' dir='ltr'><strong>saepe,</strong></span> <span class='ocrx_word' id='word_1_164' title='bbox 1592 2290 1787 2376; x_wconf 86' lang='lat' dir='ltr'><strong>praesertim</strong></span> 
     </span>
     <span class='ocr_line' id='line_1_19' title="bbox 366 2387 1790 2475; baseline -0.001 -21"><span class='ocrx_word' id='word_1_165' title='bbox 366 2413 451 2455; x_wconf 89' lang='lat' dir='ltr'><strong>nunc</strong></span> <span class='ocrx_word' id='word_1_166' title='bbox 472 2393 555 2454; x_wconf 90' lang='lat' dir='ltr'><strong>inter</strong></span> <span class='ocrx_word' id='word_1_167' title='bbox 575 2391 678 2473; x_wconf 90' lang='lat' dir='ltr'><strong>initia,</strong></span> <span class='ocrx_word' id='word_1_168' title='bbox 701 2399 733 2455; x_wconf 90' lang='lat' dir='ltr'><strong>et</strong></span> <span class='ocrx_word' id='word_1_169' title='bbox 754 2390 891 2455; x_wconf 88' lang='lat' dir='ltr'><strong>diversis</strong></span> <span class='ocrx_word' id='word_1_170' title='bbox 912 2388 1112 2475; x_wconf 89' lang='lat' dir='ltr'><strong>temporibus</strong></span> <span class='ocrx_word' id='word_1_171' title='bbox 1135 2387 1232 2452; x_wconf 90' lang='lat' dir='ltr'><strong>aedes</strong></span> <span class='ocrx_word' id='word_1_172' title='bbox 1254 2387 1381 2472; x_wconf 87' lang='lat' dir='ltr'><strong>collegii</strong></span> <span class='ocrx_word' id='word_1_173' title='bbox 1393 2387 1522 2451; x_wconf 89' lang='lat' dir='ltr'><strong>Paulini</strong></span> <span class='ocrx_word' id='word_1_174' title='bbox 1542 2389 1737 2474; x_wconf 87' lang='lat' dir='ltr'><strong>inspicient,</strong></span> <span class='ocrx_word' id='word_1_175' title='bbox 1760 2397 1790 2451; x_wconf 88' lang='lat' dir='ltr'><strong>et</strong></span> 
     </span>
     <span class='ocr_line' id='line_1_20' title="bbox 364 2486 1788 2576; baseline -0.002 -22"><span class='ocrx_word' id='word_1_176' title='bbox 364 2492 392 2554; x_wconf 93' lang='lat' dir='ltr'><strong>si</strong></span> <span class='ocrx_word' id='word_1_177' title='bbox 415 2489 492 2576; x_wconf 92' lang='lat' dir='ltr'><strong>quid</strong></span> <span class='ocrx_word' id='word_1_178' title='bbox 512 2513 626 2575; x_wconf 88' lang='lat' dir='ltr'><strong>parum</strong></span> <span class='ocrx_word' id='word_1_179' title='bbox 653 2500 741 2554; x_wconf 89' lang='lat' dir='ltr'><strong>recte</strong></span> <span class='ocrx_word' id='word_1_180' title='bbox 761 2490 832 2554; x_wconf 89' lang='lat' dir='ltr'><strong>fieri</strong></span> <span class='ocrx_word' id='word_1_181' title='bbox 854 2490 1078 2574; x_wconf 89' lang='lat' dir='ltr'><strong>cognoverint,</strong></span> <span class='ocrx_word' id='word_1_182' title='bbox 1105 2488 1269 2572; x_wconf 86' lang='lat' dir='ltr'><strong>corrigere</strong></span> <span class='ocrx_word' id='word_1_183' title='bbox 1292 2487 1473 2551; x_wconf 90' lang='lat' dir='ltr'><strong>studebunt.</strong></span> <span class='ocrx_word' id='word_1_184' title='bbox 1515 2486 1580 2551; x_wconf 92' lang='lat' dir='ltr'><strong>Uni</strong></span> <span class='ocrx_word' id='word_1_185' title='bbox 1604 2509 1646 2551; x_wconf 86' lang='lat' dir='ltr'><strong>ex</strong></span> <span class='ocrx_word' id='word_1_186' title='bbox 1671 2487 1723 2551; x_wconf 89' lang='lat' dir='ltr'><strong>his</strong></span> <span class='ocrx_word' id='word_1_187' title='bbox 1744 2489 1788 2550; x_wconf 92' lang='lat' dir='ltr'><strong>in·</strong></span> 
     </span>
     <span class='ocr_line' id='line_1_21' title="bbox 321 2585 1789 2676; baseline -0.003 -22"><span class='ocrx_word' id='word_1_188' title='bbox 321 2590 539 2676; x_wconf 77' lang='lat' dir='ltr'><strong>20spectionis</strong></span> <span class='ocrx_word' id='word_1_189' title='bbox 551 2585 726 2672; x_wconf 86' lang='lat' dir='ltr'><strong>singularis</strong></span> <span class='ocrx_word' id='word_1_190' title='bbox 742 2611 820 2652; x_wconf 90' lang='lat' dir='ltr'><strong>cura</strong></span> <span class='ocrx_word' id='word_1_191' title='bbox 834 2590 1058 2668; x_wconf 89' lang='lat' dir='ltr'><strong>committetur,</strong></span> <span class='ocrx_word' id='word_1_192' title='bbox 1081 2588 1145 2672; x_wconf 91' lang='lat' dir='ltr'><strong>qui,</strong></span> <span class='ocrx_word' id='word_1_193' title='bbox 1167 2585 1262 2650; x_wconf 88' lang='lat' dir='ltr'><strong>simul</strong></span> <span class='ocrx_word' id='word_1_194' title='bbox 1284 2597 1319 2650; x_wconf 93' lang='lat' dir='ltr'><strong>ut</strong></span> <span class='ocrx_word' id='word_1_195' title='bbox 1339 2585 1509 2672; x_wconf 87' lang='lat' dir='ltr'><strong>collegium</strong></span> <span class='ocrx_word' id='word_1_196' title='bbox 1529 2597 1654 2651; x_wconf 89' lang='lat' dir='ltr'><strong>sartum</strong></span> <span class='ocrx_word' id='word_1_197' title='bbox 1668 2597 1789 2651; x_wconf 88' lang='lat' dir='ltr'><strong>tectum</strong></span> 
     </span>
     <span class='ocr_line' id='line_1_22' title="bbox 364 2685 1791 2775; baseline -0.004 -22"><span class='ocrx_word' id='word_1_198' title='bbox 364 2699 547 2775; x_wconf 88' lang='lat' dir='ltr'><strong>praestetur</strong></span> <span class='ocrx_word' id='word_1_199' title='bbox 573 2686 668 2751; x_wconf 89' lang='lat' dir='ltr'><strong>simul</strong></span> <span class='ocrx_word' id='word_1_200' title='bbox 694 2697 802 2752; x_wconf 88' lang='lat' dir='ltr'><strong>cetera</strong></span> <span class='ocrx_word' id='word_1_201' title='bbox 826 2685 861 2752; x_wconf 82' lang='lat' dir='ltr'><strong>u&#39;t</strong></span> <span class='ocrx_word' id='word_1_202' title='bbox 886 2688 981 2769; x_wconf 88' lang='lat' dir='ltr'><strong>fiant,</strong></span> <span class='ocrx_word' id='word_1_203' title='bbox 1009 2709 1092 2771; x_wconf 89' lang='lat' dir='ltr'><strong>quae</strong></span> <span class='ocrx_word' id='word_1_204' title='bbox 1120 2688 1291 2751; x_wconf 83' lang='lat' dir='ltr'><strong>constituta</strong></span> <span class='ocrx_word' id='word_1_205' title='bbox 1318 2685 1530 2772; x_wconf 89' lang='lat' dir='ltr'><strong>ordinataque</strong></span> <span class='ocrx_word' id='word_1_206' title='bbox 1559 2697 1649 2769; x_wconf 86' lang='lat' dir='ltr'><strong>sunt,</strong></span> <span class='ocrx_word' id='word_1_207' title='bbox 1678 2685 1791 2752; x_wconf 86' lang='lat' dir='ltr'><strong>videat</strong></span> 
     </span>
     <span class='ocr_line' id='line_1_23' title="bbox 363 2784 1788 2874; baseline -0.002 -22"><span class='ocrx_word' id='word_1_208' title='bbox 363 2802 395 2854; x_wconf 88' lang='lat' dir='ltr'><strong>et</strong></span> <span class='ocrx_word' id='word_1_209' title='bbox 423 2787 594 2874; x_wconf 87' lang='lat' dir='ltr'><strong>pecuniam</strong></span> <span class='ocrx_word' id='word_1_210' title='bbox 623 2786 865 2872; x_wconf 88' lang='lat' dir='ltr'><strong>stipendiorum,</strong></span> <span class='ocrx_word' id='word_1_211' title='bbox 894 2807 976 2872; x_wconf 90' lang='lat' dir='ltr'><strong>quae</strong></span> <span class='ocrx_word' id='word_1_212' title='bbox 997 2785 1115 2850; x_wconf 82' lang='lat' dir='ltr'><strong>dantur</strong></span> <span class='ocrx_word' id='word_1_213' title='bbox 1137 2784 1335 2850; x_wconf 86' lang='lat' dir='ltr'><strong>disoentibus</strong></span> <span class='ocrx_word' id='word_1_214' title='bbox 1357 2785 1564 2872; x_wconf 88' lang='lat' dir='ltr'><strong>theologiam,</strong></span> <span class='ocrx_word' id='word_1_215' title='bbox 1594 2788 1691 2850; x_wconf 85' lang='lat' dir='ltr'><strong>statis</strong></span> <span class='ocrx_word' id='word_1_216' title='bbox 1711 2797 1788 2850; x_wconf 88' lang='lat' dir='ltr'><strong>tem·</strong></span> 
     </span>
     <span class='ocr_line' id='line_1_24' title="bbox 364 2883 1790 2974; baseline -0.001 -24"><span class='ocrx_word' id='word_1_217' title='bbox 364 2887 498 2974; x_wconf 86' lang='lat' dir='ltr'><strong>poribus</strong></span> <span class='ocrx_word' id='word_1_218' title='bbox 528 2887 670 2972; x_wconf 87' lang='lat' dir='ltr'><strong>accipiat</strong></span> <span class='ocrx_word' id='word_1_219' title='bbox 694 2895 726 2950; x_wconf 92' lang='lat' dir='ltr'><strong>et</strong></span> <span class='ocrx_word' id='word_1_220' title='bbox 752 2884 868 2950; x_wconf 89' lang='lat' dir='ltr'><strong>deinde</strong></span> <span class='ocrx_word' id='word_1_221' title='bbox 896 2884 1071 2950; x_wconf 88' lang='lat' dir='ltr'><strong>distribuat</strong></span> <span class='ocrx_word' id='word_1_222' title='bbox 1096 2894 1268 2972; x_wconf 88' lang='lat' dir='ltr'><strong>praesente</strong></span> <span class='ocrx_word' id='word_1_223' title='bbox 1295 2897 1421 2950; x_wconf 91' lang='lat' dir='ltr'><strong>rectore</strong></span> <span class='ocrx_word' id='word_1_224' title='bbox 1449 2883 1655 2968; x_wconf 86' lang='lat' dir='ltr'><strong>academiae,</strong></span> <span class='ocrx_word' id='word_1_225' title='bbox 1685 2884 1790 2972; x_wconf 87' lang='lat' dir='ltr'><strong>deque</strong></span> 
     </span>
     <span class='ocr_line' id='line_1_25' title="bbox 363 2983 1788 3070; baseline -0.003 -18"><span class='ocrx_word' id='word_1_226' title='bbox 363 2986 510 3052; x_wconf 89' lang='lat' dir='ltr'><strong>omnibus</strong></span> <span class='ocrx_word' id='word_1_227' title='bbox 529 2988 672 3050; x_wconf 85' lang='lat' dir='ltr'><strong>rationes</strong></span> <span class='ocrx_word' id='word_1_228' title='bbox 694 2985 843 3050; x_wconf 86' lang='lat' dir='ltr'><strong>conficiat</strong></span> <span class='ocrx_word' id='word_1_229' title='bbox 864 2987 1021 3070; x_wconf 64' lang='lat' dir='ltr'><strong>atquasi</strong></span> <span class='ocrx_word' id='word_1_230' title='bbox 1049 2983 1259 3070; x_wconf 87' lang='lat' dir='ltr'><strong>postulentur,</strong></span> <span class='ocrx_word' id='word_1_231' title='bbox 1283 2984 1413 3048; x_wconf 77' lang='lat' dir='ltr'><strong>referat.</strong></span> <span class='ocrx_word' id='word_1_232' title='bbox 1456 2983 1583 3065; x_wconf 76' lang='lat' dir='ltr'><strong>Quodsi</strong></span> <span class='ocrx_word' id='word_1_233' title='bbox 1609 2984 1696 3050; x_wconf 87' lang='lat' dir='ltr'><strong>forte</strong></span> <span class='ocrx_word' id='word_1_234' title='bbox 1723 3007 1788 3049; x_wconf 89' lang='lat' dir='ltr'><strong>non</strong></span> 
     </span>
    </p>
   </div>
   <div class='ocr_carea' id='block_1_3' title="bbox 321 3081 1791 3668">
    <p class='ocr_par' dir='ltr' id='par_1_7' title="bbox 321 3081 1791 3668">
     <span class='ocr_line' id='line_1_26' title="bbox 321 3081 1789 3173; baseline -0.003 -22"><span class='ocrx_word' id='word_1_235' title='bbox 321 3087 469 3173; x_wconf 81' lang='lat' dir='ltr'><strong>25possit</strong></span> <span class='ocrx_word' id='word_1_236' title='bbox 489 3085 629 3149; x_wconf 89' lang='lat' dir='ltr'><strong>inveniri</strong></span> <span class='ocrx_word' id='word_1_237' title='bbox 655 3083 790 3149; x_wconf 87' lang='lat' dir='ltr'><strong>idoneus</strong></span> <span class='ocrx_word' id='word_1_238' title='bbox 817 3084 860 3149; x_wconf 89' lang='lat' dir='ltr'><strong>ad</strong></span> <span class='ocrx_word' id='word_1_239' title='bbox 886 3084 948 3150; x_wconf 88' lang='lat' dir='ltr'><strong>hoc</strong></span> <span class='ocrx_word' id='word_1_240' title='bbox 973 3107 1099 3168; x_wconf 89' lang='lat' dir='ltr'><strong>munus,</strong></span> <span class='ocrx_word' id='word_1_241' title='bbox 1129 3087 1184 3170; x_wconf 93' lang='lat' dir='ltr'><strong>qui</strong></span> <span class='ocrx_word' id='word_1_242' title='bbox 1204 3082 1349 3148; x_wconf 89' lang='lat' dir='ltr'><strong>laborem</strong></span> <span class='ocrx_word' id='word_1_243' title='bbox 1376 3105 1550 3170; x_wconf 88' lang='lat' dir='ltr'><strong>curamque</strong></span> <span class='ocrx_word' id='word_1_244' title='bbox 1576 3081 1668 3148; x_wconf 86' lang='lat' dir='ltr'><strong>illam</strong></span> <span class='ocrx_word' id='word_1_245' title='bbox 1691 3085 1789 3149; x_wconf 88' lang='lat' dir='ltr'><strong>susci-</strong></span> 
     </span>
     <span class='ocr_line' id='line_1_27' title="bbox 364 3181 1790 3272; baseline -0.001 -24"><span class='ocrx_word' id='word_1_246' title='bbox 364 3209 441 3272; x_wconf 89' lang='lat' dir='ltr'><strong>pere</strong></span> <span class='ocrx_word' id='word_1_247' title='bbox 462 3183 550 3266; x_wconf 90' lang='lat' dir='ltr'><strong>velit,</strong></span> <span class='ocrx_word' id='word_1_248' title='bbox 579 3187 677 3248; x_wconf 87' lang='lat' dir='ltr'><strong>totius</strong></span> <span class='ocrx_word' id='word_1_249' title='bbox 697 3205 734 3248; x_wconf 87' lang='lat' dir='ltr'><strong>se</strong></span> <span class='ocrx_word' id='word_1_250' title='bbox 761 3187 810 3248; x_wconf 92' lang='lat' dir='ltr'><strong>rei</strong></span> <span class='ocrx_word' id='word_1_251' title='bbox 836 3181 1074 3250; x_wconf 89' lang='lat' dir='ltr'><strong>administratio</strong></span> <span class='ocrx_word' id='word_1_252' title='bbox 1096 3193 1128 3248; x_wconf 91' lang='lat' dir='ltr'><strong>et</strong></span> <span class='ocrx_word' id='word_1_253' title='bbox 1151 3193 1318 3269; x_wconf 88' lang='lat' dir='ltr'><strong>respectus</strong></span> <span class='ocrx_word' id='word_1_254' title='bbox 1340 3181 1383 3246; x_wconf 89' lang='lat' dir='ltr'><strong>ad</strong></span> <span class='ocrx_word' id='word_1_255' title='bbox 1411 3191 1570 3248; x_wconf 85' lang='lat' dir='ltr'><strong>rectorem</strong></span> <span class='ocrx_word' id='word_1_256' title='bbox 1599 3181 1790 3248; x_wconf 82' lang='lat' dir='ltr'><strong>academiae</strong></span> 
     </span>
     <span class='ocr_line' id='line_1_28' title="bbox 364 3281 1790 3371; baseline -0.001 -23"><span class='ocrx_word' id='word_1_257' title='bbox 364 3283 497 3368; x_wconf 86' lang='lat' dir='ltr'><strong>recidet,</strong></span> <span class='ocrx_word' id='word_1_258' title='bbox 521 3285 585 3370; x_wconf 90' lang='lat' dir='ltr'><strong>qui,</strong></span> <span class='ocrx_word' id='word_1_259' title='bbox 609 3282 761 3371; x_wconf 87' lang='lat' dir='ltr'><strong>quicquid</strong></span> <span class='ocrx_word' id='word_1_260' title='bbox 783 3293 850 3348; x_wconf 90' lang='lat' dir='ltr'><strong>tum</strong></span> <span class='ocrx_word' id='word_1_261' title='bbox 870 3283 941 3348; x_wconf 85' lang='lat' dir='ltr'><strong>lieri</strong></span> <span class='ocrx_word' id='word_1_262' title='bbox 962 3292 1109 3371; x_wconf 89' lang='lat' dir='ltr'><strong>oporteat</strong></span> <span class='ocrx_word' id='word_1_263' title='bbox 1129 3291 1213 3362; x_wconf 90' lang='lat' dir='ltr'><strong>(cum</strong></span> <span class='ocrx_word' id='word_1_264' title='bbox 1234 3281 1409 3370; x_wconf 88' lang='lat' dir='ltr'><strong>plurimum</strong></span> <span class='ocrx_word' id='word_1_265' title='bbox 1428 3285 1584 3348; x_wconf 88' lang='lat' dir='ltr'><strong>momenti</strong></span> <span class='ocrx_word' id='word_1_266' title='bbox 1597 3285 1632 3348; x_wconf 92' lang='lat' dir='ltr'><strong>in</strong></span> <span class='ocrx_word' id='word_1_267' title='bbox 1647 3283 1710 3349; x_wconf 86' lang='lat' dir='ltr'><strong>hoo</strong></span> <span class='ocrx_word' id='word_1_268' title='bbox 1723 3285 1790 3365; x_wconf 84' lang='lat' dir='ltr'><strong>sit),</strong></span> 
     </span>
     <span class='ocr_line' id='line_1_29' title="bbox 366 3381 1408 3468; baseline 0 -20"><span class='ocrx_word' id='word_1_269' title='bbox 366 3383 509 3450; x_wconf 88' lang='lat' dir='ltr'><strong>studiose</strong></span> <span class='ocrx_word' id='word_1_270' title='bbox 531 3381 779 3448; x_wconf 86' lang='lat' dir='ltr'><strong>consultandum</strong></span> <span class='ocrx_word' id='word_1_271' title='bbox 802 3382 929 3448; x_wconf 88' lang='lat' dir='ltr'><strong>curabit</strong></span> <span class='ocrx_word' id='word_1_272' title='bbox 950 3391 981 3447; x_wconf 91' lang='lat' dir='ltr'><strong>et</strong></span> <span class='ocrx_word' id='word_1_273' title='bbox 1000 3391 1177 3468; x_wconf 87' lang='lat' dir='ltr'><strong>exequetur</strong></span> <span class='ocrx_word' id='word_1_274' title='bbox 1197 3382 1327 3446; x_wconf 88' lang='lat' dir='ltr'><strong>decreta</strong></span> <span class='ocrx_word' id='word_1_275' title='bbox 1350 3393 1408 3448; x_wconf 85' lang='lat' dir='ltr'><strong>etc.</strong></span> 
     </span>
     <span class='ocr_line' id='line_1_30' title="bbox 448 3481 1791 3569; baseline 0.001 -22"><span class='ocrx_word' id='word_1_276' title='bbox 448 3483 603 3548; x_wconf 89' lang='lat' dir='ltr'><strong>Reotor</strong></span> <span class='ocrx_word' id='word_1_277' title='bbox 629 3481 861 3564; x_wconf 88' lang='lat' dir='ltr'><strong>universitatis,</strong></span> <span class='ocrx_word' id='word_1_278' title='bbox 887 3505 959 3546; x_wconf 89' lang='lat' dir='ltr'><strong>eum</strong></span> <span class='ocrx_word' id='word_1_279' title='bbox 987 3482 1067 3546; x_wconf 87' lang='lat' dir='ltr'><strong>alias</strong></span> <span class='ocrx_word' id='word_1_280' title='bbox 1088 3481 1186 3546; x_wconf 90' lang='lat' dir='ltr'><strong>aedes</strong></span> <span class='ocrx_word' id='word_1_281' title='bbox 1207 3481 1416 3568; x_wconf 83' lang='lat' dir='ltr'><strong>collegiorum</strong></span> <span class='ocrx_word' id='word_1_282' title='bbox 1442 3482 1638 3568; x_wconf 81' lang='lat' dir='ltr'><strong>inspiciendi</strong></span> <span class='ocrx_word' id='word_1_283' title='bbox 1660 3492 1791 3569; x_wconf 86' lang='lat' dir='ltr'><strong>tempus</strong></span> 
     </span>
     <span class='ocr_line' id='line_1_31' title="bbox 323 3580 1790 3668; baseline 0.001 -21"><span class='ocrx_word' id='word_1_284' title='bbox 323 3583 437 3664; x_wconf 80' lang='lat' dir='ltr'><strong>30erit,</strong></span> <span class='ocrx_word' id='word_1_285' title='bbox 459 3584 492 3646; x_wconf 93' lang='lat' dir='ltr'><strong>in</strong></span> <span class='ocrx_word' id='word_1_286' title='bbox 506 3580 659 3646; x_wconf 83' lang='lat' dir='ltr'><strong>Paulines</strong></span> <span class='ocrx_word' id='word_1_287' title='bbox 682 3583 778 3644; x_wconf 86' lang='lat' dir='ltr'><strong>etiam</strong></span> <span class='ocrx_word' id='word_1_288' title='bbox 794 3582 903 3646; x_wconf 86' lang='lat' dir='ltr'><strong>veniet</strong></span> <span class='ocrx_word' id='word_1_289' title='bbox 923 3591 955 3646; x_wconf 87' lang='lat' dir='ltr'><strong>et</strong></span> <span class='ocrx_word' id='word_1_290' title='bbox 975 3581 1049 3646; x_wconf 89' lang='lat' dir='ltr'><strong>illas</strong></span> <span class='ocrx_word' id='word_1_291' title='bbox 1068 3582 1338 3667; x_wconf 84' lang='lat' dir='ltr'><strong>interrogationes</strong></span> <span class='ocrx_word' id='word_1_292' title='bbox 1357 3591 1389 3646; x_wconf 91' lang='lat' dir='ltr'><strong>et</strong></span> <span class='ocrx_word' id='word_1_293' title='bbox 1410 3580 1672 3668; x_wconf 83' lang='lat' dir='ltr'><strong>explorationem</strong></span> <span class='ocrx_word' id='word_1_294' title='bbox 1686 3582 1790 3649; x_wconf 88' lang='lat' dir='ltr'><strong>solen·</strong></span> 
     </span>
    </p>
   </div>
   <div class='ocr_carea' id='block_1_4' title="bbox 360 3812 1796 5232">
    <p class='ocr_par' dir='ltr' id='par_1_8' title="bbox 365 3812 1790 3968">
     <span class='ocr_line' id='line_1_32' title="bbox 365 3812 1790 3885; baseline 0.003 -17"><span class='ocrx_word' id='word_1_295' title='bbox 365 3816 504 3868; x_wconf 82' lang='lat' dir='ltr'><strong>uobiscum</strong></span> <span class='ocrx_word' id='word_1_296' title='bbox 520 3829 584 3866; x_wconf 74' lang='lat' dir='ltr'><strong>aure</strong></span> <span class='ocrx_word' id='word_1_297' title='bbox 601 3817 687 3880; x_wconf 72' lang='lat' dir='ltr'><strong>ccupat,</strong></span> <span class='ocrx_word' id='word_1_298' title='bbox 708 3818 794 3864; x_wconf 68' lang='lat' dir='ltr'><strong>marat</strong></span> <span class='ocrx_word' id='word_1_299' title='bbox 810 3819 836 3864; x_wconf 85' lang='lat' dir='ltr'><strong>et</strong></span> <span class='ocrx_word' id='word_1_300' title='bbox 856 3812 978 3882; x_wconf 73' lang='lat' dir='ltr'><strong>corripit,</strong></span> <span class='ocrx_word' id='word_1_301' title='bbox 998 3814 1090 3867; x_wconf 78' lang='lat' dir='ltr'><strong>reviso</strong></span> <span class='ocrx_word' id='word_1_302' title='bbox 1110 3813 1237 3866; x_wconf 74' lang='lat' dir='ltr'><strong>reditum</strong></span> <span class='ocrx_word' id='word_1_303' title='bbox 1257 3813 1409 3883; x_wconf 76' lang='lat' dir='ltr'><strong>aliquando</strong></span> <span class='ocrx_word' id='word_1_304' title='bbox 1430 3816 1471 3869; x_wconf 79' lang='lat' dir='ltr'><strong>ad</strong></span> <span class='ocrx_word' id='word_1_305' title='bbox 1485 3814 1645 3885; x_wconf 61' lang='lat' dir='ltr'><strong>principem</strong></span> <span class='ocrx_word' id='word_1_306' title='bbox 1661 3834 1697 3872; x_wconf 84' lang='lat' dir='ltr'><strong>ae</strong></span> <span class='ocrx_word' id='word_1_307' title='bbox 1716 3816 1790 3872; x_wconf 80' lang='lat' dir='ltr'><strong>lucu-</strong></span> 
     </span>
     <span class='ocr_line' id='line_1_33' title="bbox 365 3895 1298 3968; baseline 0 -16"><span class='ocrx_word' id='word_1_308' title='bbox 365 3899 444 3952; x_wconf 81' lang='lat' dir='ltr'><strong>lentis</strong></span> <span class='ocrx_word' id='word_1_309' title='bbox 461 3897 560 3950; x_wconf 73' lang='lat' dir='ltr'><strong>literis</strong></span> <span class='ocrx_word' id='word_1_310' title='bbox 576 3895 758 3949; x_wconf 69' lang='lat' dir='ltr'><strong>immittentur</strong></span> <span class='ocrx_word' id='word_1_311' title='bbox 775 3895 907 3949; x_wconf 75' lang='lat' dir='ltr'><strong>Patdiais</strong></span> <span class='ocrx_word' id='word_1_312' title='bbox 925 3897 1065 3951; x_wconf 67' lang='lat' dir='ltr'><strong>corticibus</strong></span> <span class='ocrx_word' id='word_1_313' title='bbox 1082 3897 1151 3968; x_wconf 78' lang='lat' dir='ltr'><strong>(das.</strong></span> <span class='ocrx_word' id='word_1_314' title='bbox 1173 3902 1229 3966; x_wconf 80' lang='grc'><strong>244,</strong></span> <span class='ocrx_word' id='word_1_315' title='bbox 1247 3899 1298 3968; x_wconf 85' lang='lat'><strong>30).</strong></span> 
     </span>
    </p>

    <p class='ocr_par' dir='ltr' id='par_1_9' title="bbox 363 3977 1792 4472">
     <span class='ocr_line' id='line_1_34' title="bbox 442 3977 1791 4056; baseline 0.004 -22"><span class='ocrx_word' id='word_1_316' title='bbox 442 3977 580 4034; x_wconf 85' lang='lat' dir='ltr'><strong>lliernach</strong></span> <span class='ocrx_word' id='word_1_317' title='bbox 598 3980 674 4034; x_wconf 86' lang='lat' dir='ltr'><strong>kann</strong></span> <span class='ocrx_word' id='word_1_318' title='bbox 691 3995 721 4034; x_wconf 92' lang='lat' dir='ltr'><strong>es</strong></span> <span class='ocrx_word' id='word_1_319' title='bbox 740 3977 847 4034; x_wconf 83' lang='lat' dir='ltr'><strong>heinem</strong></span> <span class='ocrx_word' id='word_1_320' title='bbox 860 3979 969 4036; x_wconf 82' lang='lat' dir='ltr'><strong>Zweifel</strong></span> <span class='ocrx_word' id='word_1_321' title='bbox 988 3981 1167 4052; x_wconf 87' lang='lat' dir='ltr'><strong>unterliegeu,</strong></span> <span class='ocrx_word' id='word_1_322' title='bbox 1184 3999 1263 4036; x_wconf 82' lang='lat' dir='ltr'><strong>wenn</strong></span> <span class='ocrx_word' id='word_1_323' title='bbox 1281 3983 1330 4036; x_wconf 84' lang='lat' dir='ltr'><strong>wir</strong></span> <span class='ocrx_word' id='word_1_324' title='bbox 1348 3983 1402 4036; x_wconf 87' lang='lat' dir='ltr'><strong>den</strong></span> <span class='ocrx_word' id='word_1_325' title='bbox 1420 3981 1552 4054; x_wconf 81' lang='lat' dir='ltr'><strong>Eingang</strong></span> <span class='ocrx_word' id='word_1_326' title='bbox 1568 3983 1620 4038; x_wconf 84' lang='lat' dir='ltr'><strong>der</strong></span> <span class='ocrx_word' id='word_1_327' title='bbox 1636 3983 1791 4056; x_wconf 79' lang='lat' dir='ltr'><strong>vortiegan-</strong></span> 
     </span>
     <span class='ocr_line' id='line_1_35' title="bbox 364 4062 1792 4138; baseline 0.006 -20"><span class='ocrx_word' id='word_1_328' title='bbox 364 4067 418 4120; x_wconf 88' lang='lat' dir='ltr'><strong>den</strong></span> <span class='ocrx_word' id='word_1_329' title='bbox 436 4065 564 4119; x_wconf 86' lang='lat' dir='ltr'><strong>Statuteu</strong></span> <span class='ocrx_word' id='word_1_330' title='bbox 581 4062 830 4134; x_wconf 81' lang='lat' dir='ltr'><strong>beriioksichtigen,</strong></span> <span class='ocrx_word' id='word_1_331' title='bbox 847 4063 911 4117; x_wconf 85' lang='lat' dir='ltr'><strong>dass</strong></span> <span class='ocrx_word' id='word_1_332' title='bbox 928 4081 958 4119; x_wconf 87' lang='lat' dir='ltr'><strong>es</strong></span> <span class='ocrx_word' id='word_1_333' title='bbox 972 4066 1037 4134; x_wconf 88' lang='lat' dir='ltr'><strong>jene</strong></span> <span class='ocrx_word' id='word_1_334' title='bbox 1053 4072 1152 4134; x_wconf 85' lang='lat' dir='ltr'><strong>ersten,</strong></span> <span class='ocrx_word' id='word_1_335' title='bbox 1169 4065 1341 4138; x_wconf 78' lang='lat' dir='ltr'><strong>unbestttigt</strong></span> <span class='ocrx_word' id='word_1_336' title='bbox 1356 4065 1545 4138; x_wconf 85' lang='lat' dir='ltr'><strong>gebliebenen,</strong></span> <span class='ocrx_word' id='word_1_337' title='bbox 1562 4085 1619 4124; x_wconf 91' lang='lat' dir='ltr'><strong>von</strong></span> <span class='ocrx_word' id='word_1_338' title='bbox 1637 4067 1792 4126; x_wconf 75' lang='lat' dir='ltr'><strong>Camera-</strong></span> 
     </span>
     <span class='ocr_line' id='line_1_36' title="bbox 364 4147 1792 4226; baseline 0.004 -24"><span class='ocrx_word' id='word_1_339' title='bbox 364 4151 437 4204; x_wconf 85' lang='lat' dir='ltr'><strong>rius</strong></span> <span class='ocrx_word' id='word_1_340' title='bbox 455 4147 639 4219; x_wconf 84' lang='lat' dir='ltr'><strong>abgelassten,</strong></span> <span class='ocrx_word' id='word_1_341' title='bbox 656 4165 706 4202; x_wconf 88' lang='lat' dir='ltr'><strong>aus</strong></span> <span class='ocrx_word' id='word_1_342' title='bbox 724 4147 786 4202; x_wconf 90' lang='lat' dir='ltr'><strong>dom</strong></span> <span class='ocrx_word' id='word_1_343' title='bbox 802 4147 889 4204; x_wconf 81' lang='lat' dir='ltr'><strong>Jahre</strong></span> <span class='ocrx_word' id='word_1_344' title='bbox 904 4152 967 4206; x_wconf 86' lang='grc'><strong>1543</strong></span> <span class='ocrx_word' id='word_1_345' title='bbox 986 4149 1055 4205; x_wconf 84' lang='lat' dir='ltr'><strong>sind.</strong></span> <span class='ocrx_word' id='word_1_346' title='bbox 1081 4149 1127 4204; x_wconf 90' lang='lat' dir='ltr'><strong>Sie</strong></span> <span class='ocrx_word' id='word_1_347' title='bbox 1144 4149 1255 4204; x_wconf 85' lang='lat' dir='ltr'><strong>wurdeu</strong></span> <span class='ocrx_word' id='word_1_348' title='bbox 1270 4155 1341 4206; x_wconf 82' lang='lat' dir='ltr'><strong>treta</strong></span> <span class='ocrx_word' id='word_1_349' title='bbox 1359 4151 1409 4206; x_wconf 89' lang='lat' dir='ltr'><strong>der</strong></span> <span class='ocrx_word' id='word_1_350' title='bbox 1422 4150 1688 4226; x_wconf 75' lang='lat' dir='ltr'><strong>Nichtboettttigung</strong></span> <span class='ocrx_word' id='word_1_351' title='bbox 1705 4155 1792 4226; x_wconf 82' lang='lat' dir='ltr'><strong>regal·</strong></span> 
     </span>
     <span class='ocr_line' id='line_1_37' title="bbox 363 4231 1791 4310; baseline 0.007 -24"><span class='ocrx_word' id='word_1_352' title='bbox 363 4233 466 4303; x_wconf 80' lang='lat' dir='ltr'><strong>mitssig</strong></span> <span class='ocrx_word' id='word_1_353' title='bbox 486 4232 651 4301; x_wconf 86' lang='lat' dir='ltr'><strong>vergelesen.</strong></span> <span class='ocrx_word' id='word_1_354' title='bbox 686 4231 751 4303; x_wconf 89' lang='lat' dir='ltr'><strong>Vgl.</strong></span> <span class='ocrx_word' id='word_1_355' title='bbox 769 4234 845 4287; x_wconf 85' lang='lat' dir='ltr'><strong>Aeta</strong></span> <span class='ocrx_word' id='word_1_356' title='bbox 863 4233 1021 4302; x_wconf 83' lang='lat' dir='ltr'><strong>Raetorum,</strong></span> <span class='ocrx_word' id='word_1_357' title='bbox 1044 4233 1072 4288; x_wconf 89' lang='lat' dir='ltr'><strong>S.</strong></span> <span class='ocrx_word' id='word_1_358' title='bbox 1092 4239 1149 4304; x_wconf 84' lang='grc'><strong>255,</strong></span> <span class='ocrx_word' id='word_1_359' title='bbox 1168 4239 1209 4290; x_wconf 84' lang='grc'><strong>48.</strong></span> <span class='ocrx_word' id='word_1_360' title='bbox 1248 4234 1289 4288; x_wconf 88' lang='lat' dir='ltr'><strong>lm</strong></span> <span class='ocrx_word' id='word_1_361' title='bbox 1312 4233 1399 4290; x_wconf 79' lang='lat' dir='ltr'><strong>lehre</strong></span> <span class='ocrx_word' id='word_1_362' title='bbox 1423 4240 1488 4292; x_wconf 86' lang='grc'><strong>1560</strong></span> <span class='ocrx_word' id='word_1_363' title='bbox 1512 4235 1700 4310; x_wconf 80' lang='lat' dir='ltr'><strong>besohliffigte</strong></span> <span class='ocrx_word' id='word_1_364' title='bbox 1723 4259 1791 4296; x_wconf 84' lang='lat' dir='ltr'><strong>man</strong></span> 
     </span>
     <span class='ocr_line' id='line_1_38' title="bbox 365 4315 1792 4394; baseline 0.008 -24"><span class='ocrx_word' id='word_1_365' title='bbox 365 4317 423 4371; x_wconf 87' lang='lat' dir='ltr'><strong>sich</strong></span> <span class='ocrx_word' id='word_1_366' title='bbox 443 4317 493 4369; x_wconf 93' lang='lat' dir='ltr'><strong>mit</strong></span> <span class='ocrx_word' id='word_1_367' title='bbox 513 4315 601 4371; x_wconf 89' lang='lat' dir='ltr'><strong>einem</strong></span> <span class='ocrx_word' id='word_1_368' title='bbox 621 4334 709 4372; x_wconf 89' lang='lat' dir='ltr'><strong>neuen</strong></span> <span class='ocrx_word' id='word_1_369' title='bbox 727 4316 983 4387; x_wconf 77' lang='lat' dir='ltr'><strong>Statutenentvvurf,</strong></span> <span class='ocrx_word' id='word_1_370' title='bbox 1005 4317 1121 4372; x_wconf 83' lang='lat' dir='ltr'><strong>wieder</strong></span> <span class='ocrx_word' id='word_1_371' title='bbox 1138 4317 1224 4376; x_wconf 88' lang='lat' dir='ltr'><strong>Liber</strong></span> <span class='ocrx_word' id='word_1_372' title='bbox 1240 4319 1344 4376; x_wconf 85' lang='lat' dir='ltr'><strong>Rerum</strong></span> <span class='ocrx_word' id='word_1_373' title='bbox 1363 4318 1545 4376; x_wconf 86' lang='lat' dir='ltr'><strong>Paulinarum</strong></span> <span class='ocrx_word' id='word_1_374' title='bbox 1561 4321 1695 4394; x_wconf 56' lang='lat' dir='ltr'><strong>denham</strong></span> <span class='ocrx_word' id='word_1_375' title='bbox 1722 4325 1792 4382; x_wconf 81' lang='lat' dir='ltr'><strong>aber</strong></span> 
     </span>
     <span class='ocr_line' id='line_1_39' title="bbox 363 4399 1072 4472; baseline 0.004 -18"><span class='ocrx_word' id='word_1_376' title='bbox 363 4417 416 4455; x_wconf 90' lang='lat' dir='ltr'><strong>von</strong></span> <span class='ocrx_word' id='word_1_377' title='bbox 434 4399 535 4454; x_wconf 82' lang='lat' dir='ltr'><strong>diesem</strong></span> <span class='ocrx_word' id='word_1_378' title='bbox 552 4400 588 4453; x_wconf 84' lang='lat' dir='ltr'><strong>ist</strong></span> <span class='ocrx_word' id='word_1_379' title='bbox 605 4400 656 4454; x_wconf 88' lang='lat' dir='ltr'><strong>mir</strong></span> <span class='ocrx_word' id='word_1_380' title='bbox 672 4399 763 4455; x_wconf 85' lang='lat' dir='ltr'><strong>niehts</strong></span> <span class='ocrx_word' id='word_1_381' title='bbox 780 4399 904 4456; x_wconf 86' lang='lat' dir='ltr'><strong>bekannt</strong></span> <span class='ocrx_word' id='word_1_382' title='bbox 920 4401 1072 4472; x_wconf 83' lang='lat' dir='ltr'><strong>geworden.</strong></span> 
     </span>
    </p>

    <p class='ocr_par' dir='ltr' id='par_1_10' title="bbox 364 4483 1793 4644">
     <span class='ocr_line' id='line_1_40' title="bbox 439 4483 1793 4562; baseline 0.01 -26"><span class='ocrx_word' id='word_1_383' title='bbox 439 4483 506 4536; x_wconf 88' lang='lat' dir='ltr'><strong>Man</strong></span> <span class='ocrx_word' id='word_1_384' title='bbox 529 4484 685 4555; x_wconf 86' lang='lat' dir='ltr'><strong>vergleiche</strong></span> <span class='ocrx_word' id='word_1_385' title='bbox 711 4483 783 4540; x_wconf 85' lang='lat' dir='ltr'><strong>auch</strong></span> <span class='ocrx_word' id='word_1_386' title='bbox 808 4486 861 4540; x_wconf 90' lang='lat' dir='ltr'><strong>den</strong></span> <span class='ocrx_word' id='word_1_387' title='bbox 878 4484 1001 4558; x_wconf 84' lang='lat' dir='ltr'><strong>Anhang</strong></span> <span class='ocrx_word' id='word_1_388' title='bbox 1027 4504 1062 4540; x_wconf 85' lang='lat' dir='ltr'><strong>zu</strong></span> <span class='ocrx_word' id='word_1_389' title='bbox 1088 4487 1142 4541; x_wconf 88' lang='lat' dir='ltr'><strong>den</strong></span> <span class='ocrx_word' id='word_1_390' title='bbox 1159 4487 1234 4544; x_wconf 85' lang='lat' dir='ltr'><strong>Aeta</strong></span> <span class='ocrx_word' id='word_1_391' title='bbox 1252 4489 1401 4546; x_wconf 76' lang='lat' dir='ltr'><strong>Raetorum</strong></span> <span class='ocrx_word' id='word_1_392' title='bbox 1426 4487 1454 4546; x_wconf 87' lang='lat' dir='ltr'><strong>S.</strong></span> <span class='ocrx_word' id='word_1_393' title='bbox 1479 4493 1528 4546; x_wconf 84' lang='grc'><strong>516</strong></span> <span class='ocrx_word' id='word_1_394' title='bbox 1545 4489 1594 4562; x_wconf 70' lang='lat' dir='ltr'><strong>lg,</strong></span> <span class='ocrx_word' id='word_1_395' title='bbox 1618 4492 1793 4548; x_wconf 78' lang='lat' dir='ltr'><strong>namentlicli</strong></span> 
     </span>
     <span class='ocr_line' id='line_1_41' title="bbox 364 4568 1262 4644; baseline 0.004 -22"><span class='ocrx_word' id='word_1_396' title='bbox 364 4569 523 4622; x_wconf 75' lang='lat' dir='ltr'><strong>Mensarum</strong></span> <span class='ocrx_word' id='word_1_397' title='bbox 539 4575 565 4620; x_wconf 84' lang='lat' dir='ltr'><strong>et</strong></span> <span class='ocrx_word' id='word_1_398' title='bbox 581 4568 698 4623; x_wconf 81' lang='lat' dir='ltr'><strong>Paulini</strong></span> <span class='ocrx_word' id='word_1_399' title='bbox 714 4570 802 4624; x_wconf 74' lang='lat' dir='ltr'><strong>vicora</strong></span> <span class='ocrx_word' id='word_1_400' title='bbox 818 4571 954 4624; x_wconf 73' lang='lat' dir='ltr'><strong>iaetiartio</strong></span> <span class='ocrx_word' id='word_1_401' title='bbox 970 4569 1093 4626; x_wconf 82' lang='lat' dir='ltr'><strong>daselbst</strong></span> <span class='ocrx_word' id='word_1_402' title='bbox 1112 4569 1140 4627; x_wconf 88' lang='lat' dir='ltr'><strong>S.</strong></span> <span class='ocrx_word' id='word_1_403' title='bbox 1157 4577 1206 4628; x_wconf 80' lang='lat'><strong>520</strong></span> <span class='ocrx_word' id='word_1_404' title='bbox 1223 4571 1262 4644; x_wconf 81' lang='lat' dir='ltr'><strong>fg.</strong></span> 
     </span>
    </p>

    <p class='ocr_par' dir='ltr' id='par_1_11' title="bbox 360 4649 1796 5232">
     <span class='ocr_line' id='line_1_42' title="bbox 440 4649 1795 4734; baseline 0.01 -30"><span class='ocrx_word' id='word_1_405' title='bbox 440 4651 514 4704; x_wconf 84' lang='lat' dir='ltr'><strong>Dass</strong></span> <span class='ocrx_word' id='word_1_406' title='bbox 526 4649 655 4722; x_wconf 73' lang='lat' dir='ltr'><strong>librigens</strong></span> <span class='ocrx_word' id='word_1_407' title='bbox 673 4653 724 4708; x_wconf 87' lang='lat' dir='ltr'><strong>das</strong></span> <span class='ocrx_word' id='word_1_408' title='bbox 740 4653 934 4724; x_wconf 79' lang='lat' dir='ltr'><strong>Collegium</strong></span> <span class='ocrx_word' id='word_1_409' title='bbox 952 4654 1136 4708; x_wconf 83' lang='lat' dir='ltr'><strong>Paulinum</strong></span> <span class='ocrx_word' id='word_1_410' title='bbox 1155 4655 1233 4712; x_wconf 87' lang='lat' dir='ltr'><strong>nicht</strong></span> <span class='ocrx_word' id='word_1_411' title='bbox 1250 4655 1303 4712; x_wconf 89' lang='lat' dir='ltr'><strong>den</strong></span> <span class='ocrx_word' id='word_1_412' title='bbox 1320 4656 1378 4711; x_wconf 86' lang='lat' dir='ltr'><strong>drei</strong></span> <span class='ocrx_word' id='word_1_413' title='bbox 1396 4657 1513 4730; x_wconf 84' lang='lat' dir='ltr'><strong>iibrigan</strong></span> <span class='ocrx_word' id='word_1_414' title='bbox 1524 4657 1668 4733; x_wconf 83' lang='lat' dir='ltr'><strong>Collegien</strong></span> <span class='ocrx_word' id='word_1_415' title='bbox 1684 4661 1795 4734; x_wconf 78' lang='lat' dir='ltr'><strong>gleich-</strong></span> 
     </span>
     <span class='ocr_line' id='line_1_43' title="bbox 362 4733 1790 4812; baseline 0.009 -22"><span class='ocrx_word' id='word_1_416' title='bbox 362 4736 494 4790; x_wconf 84' lang='lat' dir='ltr'><strong>zuatellen</strong></span> <span class='ocrx_word' id='word_1_417' title='bbox 520 4733 563 4800; x_wconf 81' lang='lat' dir='ltr'><strong>ist,</strong></span> <span class='ocrx_word' id='word_1_418' title='bbox 586 4734 687 4789; x_wconf 86' lang='lat' dir='ltr'><strong>bedarf</strong></span> <span class='ocrx_word' id='word_1_419' title='bbox 706 4737 777 4792; x_wconf 83' lang='lat' dir='ltr'><strong>wohl</strong></span> <span class='ocrx_word' id='word_1_420' title='bbox 799 4737 876 4792; x_wconf 87' lang='lat' dir='ltr'><strong>nicht</strong></span> <span class='ocrx_word' id='word_1_421' title='bbox 896 4743 952 4792; x_wconf 84' lang='lat' dir='ltr'><strong>erat</strong></span> <span class='ocrx_word' id='word_1_422' title='bbox 974 4738 1025 4793; x_wconf 86' lang='lat' dir='ltr'><strong>der</strong></span> <span class='ocrx_word' id='word_1_423' title='bbox 1044 4738 1229 4812; x_wconf 80' lang='lat' dir='ltr'><strong>Erwiihnung.</strong></span> <span class='ocrx_word' id='word_1_424' title='bbox 1262 4741 1322 4796; x_wconf 88' lang='lat' dir='ltr'><strong>Das</strong></span> <span class='ocrx_word' id='word_1_425' title='bbox 1345 4741 1381 4796; x_wconf 91' lang='lat' dir='ltr'><strong>im</strong></span> <span class='ocrx_word' id='word_1_426' title='bbox 1399 4742 1631 4800; x_wconf 73' lang='lat' dir='ltr'><strong>Gesammtbmite</strong></span> <span class='ocrx_word' id='word_1_427' title='bbox 1650 4747 1701 4802; x_wconf 86' lang='lat' dir='ltr'><strong>der</strong></span> <span class='ocrx_word' id='word_1_428' title='bbox 1717 4745 1790 4802; x_wconf 89' lang='lat' dir='ltr'><strong>Uni-</strong></span> 
     </span>
     <span class='ocr_line' id='line_1_44' title="bbox 362 4815 1795 4900; baseline 0.011 -28"><span class='ocrx_word' id='word_1_429' title='bbox 362 4821 475 4873; x_wconf 78' lang='lat' dir='ltr'><strong>versitttt</strong></span> <span class='ocrx_word' id='word_1_430' title='bbox 493 4815 659 4874; x_wconf 84' lang='lat' dir='ltr'><strong>belindliehe</strong></span> <span class='ocrx_word' id='word_1_431' title='bbox 678 4819 810 4876; x_wconf 88' lang='lat' dir='ltr'><strong>Pauliner</strong></span> <span class='ocrx_word' id='word_1_432' title='bbox 826 4821 924 4892; x_wconf 85' lang='lat' dir='ltr'><strong>Colleg</strong></span> <span class='ocrx_word' id='word_1_433' title='bbox 946 4821 1042 4876; x_wconf 79' lang='lat' dir='ltr'><strong>besam</strong></span> <span class='ocrx_word' id='word_1_434' title='bbox 1060 4821 1140 4879; x_wconf 83' lang='lat' dir='ltr'><strong>hcine</strong></span> <span class='ocrx_word' id='word_1_435' title='bbox 1156 4823 1368 4897; x_wconf 81' lang='lat' dir='ltr'><strong>Collegiaturen,</strong></span> <span class='ocrx_word' id='word_1_436' title='bbox 1391 4825 1584 4900; x_wconf 81' lang='lat' dir='ltr'><strong>eberisowenig</strong></span> <span class='ocrx_word' id='word_1_437' title='bbox 1600 4830 1653 4886; x_wconf 79' lang='lat' dir='ltr'><strong>wie</strong></span> <span class='ocrx_word' id='word_1_438' title='bbox 1671 4831 1722 4888; x_wconf 82' lang='lat' dir='ltr'><strong>das</strong></span> <span class='ocrx_word' id='word_1_439' title='bbox 1738 4849 1795 4888; x_wconf 81' lang='lat' dir='ltr'><strong>aur</strong></span> 
     </span>
     <span class='ocr_line' id='line_1_45' title="bbox 362 4900 1796 4976; baseline 0.011 -20"><span class='ocrx_word' id='word_1_440' title='bbox 362 4900 605 4974; x_wconf 87' lang='lat' dir='ltr'><strong>philosophischen</strong></span> <span class='ocrx_word' id='word_1_441' title='bbox 623 4904 752 4959; x_wconf 68' lang='lat' dir='ltr'><strong>Facultat</strong></span> <span class='ocrx_word' id='word_1_442' title='bbox 774 4905 929 4976; x_wconf 77' lang='lat' dir='ltr'><strong>gehdrende</strong></span> <span class='ocrx_word' id='word_1_443' title='bbox 952 4905 1157 4976; x_wconf 88' lang='lat' dir='ltr'><strong>Collegium</strong></span> <span class='ocrx_word' id='word_1_444' title='bbox 1180 4909 1206 4967; x_wconf 89' lang='lat' dir='ltr'>N</span> <span class='ocrx_word' id='word_1_445' title='bbox 1214 4928 1311 4966; x_wconf 89' lang='lat' dir='ltr'><strong>ovum</strong></span> <span class='ocrx_word' id='word_1_446' title='bbox 1337 4911 1445 4975; x_wconf 81' lang='lat' dir='ltr'><strong>(dassen</strong></span> <span class='ocrx_word' id='word_1_447' title='bbox 1468 4913 1599 4968; x_wconf 78' lang='lat' dir='ltr'><strong>Stataten</strong></span> <span class='ocrx_word' id='word_1_448' title='bbox 1623 4913 1684 4970; x_wconf 79' lang='lat' dir='ltr'><strong>sich</strong></span> <span class='ocrx_word' id='word_1_449' title='bbox 1708 4923 1796 4972; x_wconf 84' lang='lat' dir='ltr'><strong>unter</strong></span> 
     </span>
     <span class='ocr_line' id='line_1_46' title="bbox 360 4986 1794 5066; baseline 0.012 -25"><span class='ocrx_word' id='word_1_450' title='bbox 360 4987 413 5043; x_wconf 90' lang='lat' dir='ltr'><strong>den</strong></span> <span class='ocrx_word' id='word_1_451' title='bbox 432 4986 561 5042; x_wconf 89' lang='lat' dir='ltr'><strong>Statuteu</strong></span> <span class='ocrx_word' id='word_1_452' title='bbox 583 4987 633 5040; x_wconf 88' lang='lat' dir='ltr'><strong>der</strong></span> <span class='ocrx_word' id='word_1_453' title='bbox 654 4987 897 5060; x_wconf 86' lang='lat' dir='ltr'><strong>philosophisohcn</strong></span> <span class='ocrx_word' id='word_1_454' title='bbox 913 4989 1044 5045; x_wconf 76' lang='lat' dir='ltr'><strong>Faculttit</strong></span> <span class='ocrx_word' id='word_1_455' title='bbox 1067 4989 1168 5064; x_wconf 84' lang='lat' dir='ltr'><strong>finden,</strong></span> <span class='ocrx_word' id='word_1_456' title='bbox 1185 5012 1205 5048; x_wconf 81' lang='lat' dir='ltr'><strong>a</strong></span> <span class='ocrx_word' id='word_1_457' title='bbox 1223 4995 1261 5063; x_wconf 87' lang='lat' dir='ltr'><strong>u.)</strong></span> <span class='ocrx_word' id='word_1_458' title='bbox 1285 4995 1341 5050; x_wconf 87' lang='lat' dir='ltr'><strong>und</strong></span> <span class='ocrx_word' id='word_1_459' title='bbox 1358 4996 1408 5050; x_wconf 86' lang='lat' dir='ltr'><strong>das</strong></span> <span class='ocrx_word' id='word_1_460' title='bbox 1425 5014 1475 5052; x_wconf 86' lang='lat' dir='ltr'><strong>aar</strong></span> <span class='ocrx_word' id='word_1_461' title='bbox 1487 4997 1672 5066; x_wconf 81' lang='lat' dir='ltr'><strong>juristisnhen</strong></span> <span class='ocrx_word' id='word_1_462' title='bbox 1689 5001 1794 5058; x_wconf 68' lang='lat' dir='ltr'><strong>rmut-</strong></span> 
     </span>
     <span class='ocr_line' id='line_1_47' title="bbox 361 5069 1794 5146; baseline 0.01 -20"><span class='ocrx_word' id='word_1_463' title='bbox 361 5075 403 5126; x_wconf 80' lang='lat' dir='ltr'><strong>ut</strong></span> <span class='ocrx_word' id='word_1_464' title='bbox 426 5071 559 5146; x_wconf 78' lang='lat' dir='ltr'><strong>gehbrige</strong></span> <span class='ocrx_word' id='word_1_465' title='bbox 582 5069 784 5144; x_wconf 85' lang='lat' dir='ltr'><strong>Collegium</strong></span> <span class='ocrx_word' id='word_1_466' title='bbox 803 5074 986 5130; x_wconf 89' lang='lat' dir='ltr'><strong>Petrinum</strong></span> <span class='ocrx_word' id='word_1_467' title='bbox 1008 5074 1065 5144; x_wconf 80' lang='lat' dir='ltr'><strong>(liir</strong></span> <span class='ocrx_word' id='word_1_468' title='bbox 1082 5077 1198 5132; x_wconf 75' lang='lat' dir='ltr'><strong>welches</strong></span> <span class='ocrx_word' id='word_1_469' title='bbox 1216 5078 1275 5134; x_wconf 74' lang='lat' dir='ltr'><strong>riola</strong></span> <span class='ocrx_word' id='word_1_470' title='bbox 1293 5080 1375 5135; x_wconf 77' lang='lat' dir='ltr'><strong>keiue</strong></span> <span class='ocrx_word' id='word_1_471' title='bbox 1392 5081 1561 5138; x_wconf 83' lang='lat' dir='ltr'><strong>besonderen</strong></span> <span class='ocrx_word' id='word_1_472' title='bbox 1578 5081 1710 5142; x_wconf 81' lang='lat' dir='ltr'><strong>Statuten</strong></span> <span class='ocrx_word' id='word_1_473' title='bbox 1728 5103 1794 5140; x_wconf 80' lang='lat' dir='ltr'><strong>ror·-</strong></span> 
     </span>
     <span class='ocr_line' id='line_1_48' title="bbox 362 5155 472 5232; baseline 0 -18"><span class='ocrx_word' id='word_1_474' title='bbox 362 5155 472 5232; x_wconf 85' lang='lat' dir='ltr'><strong>finden).</strong></span> 
     </span>
    </p>
   </div>
   <div class='ocr_carea' id='block_1_5' title="bbox 0 0 1882 6068">
    <p class='ocr_par' dir='ltr' id='par_1_12' title="bbox 0 0 1882 6068">
     <span class='ocr_line' id='line_1_49' title="bbox 0 0 1882 6068; baseline 0 0"><span class='ocrx_word' id='word_1_475' title='bbox 0 0 1882 6068; x_wconf 95' lang='lat' dir='ltr'><strong> </strong></span> 
     </span>
    </p>
   </div>
  </div>
 </body>
</html>
