3748 6070
529 461 625 518 zvstts
643 463 907 528 Statntsnrsdactiou,
925 479 979 517 von
998 463 1173 519 lstt—lttt.
1501 467 1558 534 331

137 644 240 730 tibus,
264 646 320 736 qui
341 669 406 714 non
425 647 634 716 admittantur
655 649 698 717 ad
718 658 924 740 temptamen,
944 649 1007 718 uisi
1026 649 1134 718 sexies
1155 648 1382 740 responderint
1400 647 1564 715 ordiniare

139 754 172 812 st
192 748 321 814 tociens
342 748 609 818 extraordinarie.

158 917 207 980 37.
230 932 269 982 ns
289 933 386 994 uuor
407 934 717 986 nnsursclorusus
738 935 936 1002 cunmaxns
956 937 1207 990 nunnsosun
1227 933 1486 987 rnonovnunus
1507 933 1544 982 ns

569 1034 717 1086 surmus
738 1038 902 1088 nusum
923 1037 1139 1092 ecmannus.

761 1155 822 1220 vgr.
841 1171 865 1208 a
883 1157 921 1209 ss
939 1155 981 1216 ss,
1000 1157 1024 1208 s.
1589 1155 1606 1212 ⁵

222 1267 306 1333 Item
326 1265 431 1332 nullus
451 1267 711 1337 baccalariorum
729 1273 853 1338 arcium
874 1271 1064 1338 admittatur
1086 1271 1130 1338 ad
1151 1281 1348 1360 temptamen
1369 1269 1562 1356 magistran-

140 1365 267 1449 dorum,
291 1365 356 1432 nisi
376 1367 410 1432 in
430 1370 632 1435 consciencia
653 1393 713 1436 sua
735 1369 835 1453 dicat,
863 1371 948 1457 quod
969 1373 1003 1437 in
1025 1375 1065 1439 30
1085 1369 1362 1460 disputacionibus
1387 1366 1562 1435 ordinariis

139 1465 370 1551 magistrorum
393 1489 545 1554 praesens
568 1468 628 1534 fuit
648 1479 714 1535 tam
736 1470 802 1554 diu,
825 1469 926 1536 donec
945 1471 1092 1537 adminus
1114 1471 1256 1561 quinque
1276 1469 1423 1556 magistri
1444 1487 1559 1552 argue·

140 1565 230 1647 bant,
253 1567 282 1630 si
304 1565 417 1631 saltem
436 1575 485 1633 tot
503 1577 577 1634 sunt
596 1568 643 1635 ibi
664 1569 812 1657 magistri
833 1580 1014 1656 arguentes.
1050 1569 1142 1636 Idem
1162 1569 1352 1658 intelligitur
1371 1567 1412 1633 de
1433 1565 1561 1634 studen-

145 1665 235 1731 tibus
258 1665 302 1732 ad
323 1665 462 1750 gradmn
481 1666 720 1734 baccalariatns
741 1671 775 1734 in
797 1668 920 1736 artibus
938 1669 1120 1736 volentibus
1142 1668 1333 1756 promoveri
1578 1671 1610 1728 10

172 1837 223 1901 38.
244 1851 282 1898 ns
303 1849 397 1911 ouon
415 1849 726 1903 osseusscroumus
747 1853 945 1903 osnmsnus
966 1853 1256 1904 saccsnsurcuun
1274 1851 1533 1902 nsouovnunus

419 1949 466 1999 an
489 1949 635 2001 suanm
654 1953 855 2002 naursnnnn
876 1955 1039 2003 rmmsun
1061 1937 1296 2003 cenomannos.l

722 2072 784 2136 Vgl.
798 2088 824 2126 a.
842 2073 879 2124 St.
898 2073 937 2134 26,
954 2073 996 2123 bb.

222 2185 306 2249 Item
340 2181 447 2252 nullus
479 2183 739 2252 baccalariorum
773 2186 873 2253 'debet
904 2185 1030 2252 admitti
1062 2186 1106 2252 ad
1138 2196 1336 2274 temptamen
1366 2207 1426 2273 pro
1459 2181 1565 2270 gradu

138 2283 335 2368 magisterii,
363 2283 426 2348 nisi
452 2283 488 2348 in
508 2285 711 2350 consciencia
738 2309 798 2352 sua
817 2286 919 2370 dicat,
947 2285 1033 2374 quod
1054 2289 1145 2373 prius
1166 2287 1201 2352 in
1222 2293 1261 2355 30
1282 2281 1562 2373 disputacionibus
1574 2290 1605 2348 ¹5

142 2381 319 2448 ordinariis
341 2382 598 2450 baccalariorum
619 2385 794 2472 arguebat,
815 2386 843 2450 si
864 2385 970 2451 locum
990 2384 1149 2473 arguendi
1168 2383 1289 2450 babere
1308 2386 1420 2472 potuit

332 2551 382 2617 ³9.
402 2567 450 2615 nu
472 2567 572 2618 nouo
591 2569 814 2618 inmensum
833 2571 880 2619 sn
900 2569 1043 2618 nxsnnu
1063 2567 1132 2617 vnn
1154 2567 1378 2617 nnnnrsunu.

219 2681 303 2748 Item
323 2679 431 2748 nulus
450 2683 495 2748 ad
517 2706 657 2753 mamea
676 2686 729 2752 vel
752 2694 952 2773 temptamen
973 2683 1172 2767 admittatur,
1197 2684 1262 2750 nisi
1283 2705 1392 2750 coram
1414 2681 1563 2749 omnibus

135 2781 304 2867 magistris
325 2793 474 2868 tempore
494 2785 737 2871 conspeccionis
758 2806 971 2873 personarum
991 2785 1026 2848 in
1047 2784 1249 2849 consciencia
1271 2806 1331 2849 sua
1353 2783 1450 2864 dicat,
1471 2779 1559 2869 qnod

139 2880 300 2946 lcccioncs
321 2901 398 2950 suas
420 2891 452 2946 et
469 2884 641 2969 exercicia,
663 2885 839 2950 secundum
862 2894 1003 2950 tenorem
1026 2885 1147 2966 statuti,
1176 2883 1298 2970 apertis
1320 2880 1462 2946 textibus
1490 2887 1606 2946 cumb]

139 2978 317 3066 diligencia
338 2979 513 3064 audiverit,
541 2985 587 3048 sic
608 2984 695 3068 quod
714 2993 780 3049 tres
801 2983 961 3049 lecciones
983 2982 1157 3076 inmediate
1179 3004 1214 3047 se
1235 2989 1404 3069 sequentes
1427 2979 1479 3045 vel
1499 2979 1564 3044 tria

139 3079 304 3146 exercicia
331 3080 505 3146 immediate
532 3103 567 3146 se
596 3083 762 3170 sequentia
787 3105 852 3148 non
873 3080 1066 3167 neglexerit,
1094 3103 1155 3147 nec
1184 3089 1258 3145 ante
1286 3080 1383 3144 finem
1411 3079 1563 3144 laesionis

137 3180 191 3246 vel
221 3179 378 3245 exercicii
398 3181 467 3245 sine
487 3201 588 3247 causa
612 3180 781 3274 radonali²
809 3181 924 3262 exivit,
952 3201 1012 3245 nec
1032 3200 1098 3245 una
1118 3178 1199 3244 bora
1225 3177 1306 3243 duas
1333 3177 1492 3243 lecciones
1513 3175 1566 3240 vel

57 3348 63 3356 ,
138 3281 203 3346 duo
227 3279 390 3346 exercicia
409 3279 574 3362 babuerit,
603 3289 634 3346 et
655 3279 743 3369 qnod
765 3277 940 3368 quemlibet
961 3278 1163 3364 magistrum,
1190 3300 1211 3342 a
1230 3299 1293 3365 quo
1315 3276 1494 3343 leccicnem
1515 3272 1568 3339 vel

137 3379 336 3446 exercicium
358 3377 498 3462 audivit,
520 3378 580 3444 sub
600 3377 742 3444 leccione
756 3376 809 3443 vel
829 3377 990 3444 exercicio
1013 3373 1189 3442 secundum
1208 3385 1353 3441 tenorem
1375 3375 1486 3441 statuti
1508 3371 1605 3440 ‹le-ss

38 3511 45 3526 ·
140 3501 240 3567 super
261 3471 398 3543 confe'oti
419 3487 603 3544 contentum
623 3477 745 3547 fecerit.

232 3647 284 3710 40.
305 3659 352 3708 nn
374 3661 521 3728 muare,
542 3661 819 3710 austrannum
842 3661 888 3710 nn
909 3661 957 3710 ns
978 3659 1131 3710 nonnus
1152 3659 1475 3709 nsonovnunounn.

220 3775 305 3842 Item
329 3774 437 3842 nullus
462 3775 652 3842 admittatur
675 3776 718 3842 ad
740 3799 880 3844 examen
905 3800 964 3866 pro
986 3776 1093 3864 gradu
1112 3776 1351 3843 baccalariatns
1376 3777 1410 3840 in
1430 3773 1565 3856 artibus,

139 3874 202 3941 nisi
225 3875 370 3961 attigerit
396 3897 516 3940 annum
541 3876 648 3960 XVII,
675 3899 736 3942 nec
762 3899 822 3964 pro
850 3875 956 3963 gradu
982 3876 1162 3963 magisterii
1192 3873 1235 3940 ad
1262 3884 1468 3963 temptamen,
1497 3874 1562 3939 nisi

138 3975 285 4061 attigerit
307 3997 425 4040 annum
446 3979 496 4058 21,
520 3984 552 4040 et
575 3974 622 4042 de·
642 3977 798 4064 legittimo
827 3978 1031 4041 matrimonio
1057 3985 1152 4040 natus
1174 3975 1216 4040 sit
1243 3982 1275 4040 et
1302 3973 1384 4040 alias
1412 3972 1599 4041 moribus30

137 4072 404 4140 commendabilis
425 4074 559 4158 existat,
587 4077 633 4142 sic
653 4075 739 4165 quod
761 4076 795 4142 in
817 4073 904 4140 nudlo
926 4095 1061 4140 excessu
1082 4072 1218 4141 notabili
1240 4081 1272 4139 et
1293 4074 1417 4138 notorio
1441 4072 1554 4160 depre-

134 4173 254 4238 hensus
275 4173 386 4258 fuerit,
412 4175 500 4263 quod
522 4174 563 4242 de
582 4174 726 4264 quolibet
751 4196 907 4256 seorsum,
938 4173 1061 4240 scilicet
1082 4171 1123 4238 de
1144 4181 1250 4246 aetate
1271 4181 1304 4237 et
1329 4172 1557 4258 legittimitate,

136 4281 212 4337 ante
233 4269 464 4340 admissionem
485 4274 529 4339 ad
554 4297 692 4340 examen
717 4273 769 4340 vel
796 4283 994 4361 temptamen
1019 4294 1079 4360 per
1101 4272 1260 4337 decanum
1284 4271 1467 4360 inquiratur
1489 4269 1560 4335 dili-

136 4382 266 4458 genter3
288 4393 368 4459 quos
389 4375 492 4440 eciam
506 4383 539 4439 et
558 4372 742 4460 quemlibet,
763 4374 797 4438 in
820 4372 937 4457 aliquo,
959 4382 995 4437 nt
1016 4371 1244 4459 praemittitur,
1265 4391 1402 4436 excessu
1422 4367 1560 4436 notabili
1646 4387 1650 4408 ¹

135 4472 264 4538 notorio
286 4471 490 4560 culpabilem,
517 4471 653 4560 quilibet
680 4475 910 4560 magistrorum
932 4474 1036 4538 sciens
1060 4468 1112 4560 [59
1120 4467 1146 4556 b]
1170 4468 1385 4535 denuncciare
1407 4479 1438 4534 et
1458 4469 1601 4554 impe-35

136 4570 207 4636 dIre
234 4581 343 4658 potest
363 4579 395 4637 et
415 4580 558 4655 tenetur3
589 4593 650 4636 nec
677 4573 778 4638 eciam
804 4570 878 4636 talis
905 4572 939 4636 in
966 4580 1130 4658 posterum
1159 4566 1360 4653 admittatur,
1381 4570 1445 4634 nisi
1474 4565 1555 4631 adeo

135 4668 341 4736 laudabiliter
362 4679 394 4736 et
414 4669 558 4736 vnmose
579 4692 614 4736 sc
634 4673 771 4756 rexerit,
799 4669 886 4761 quod
912 4691 954 4734 ex
975 4679 1143 4736 transacta
1162 4669 1311 4735 virtuosa
1335 4669 1410 4734 eius
1431 4666 1499 4732 vita
1521 4663 1562 4730 de

222 4889 233 4940 l
252 4883 311 4940 ner
328 4903 485 4958 cmuporers
502 4889 540 4945 ist
556 4905 612 4945 ron
629 4891 752 4960 sptterer
769 4889 853 4945 Hand
869 4885 1049 4961 miuneham
1065 4902 1188 4957 orosae

218 4967 321 5024 tliier
347 4968 455 5026 subsint
480 4971 606 5029 wirklicb
633 4973 771 5028 roumalt
794 4991 830 5028 su
855 4973 965 5040 steben;
993 4975 1071 5026 ronst
1098 4970 1135 5026 ist
1161 4971 1213 5026 das
1238 4963 1459 5040 gewthnliohers
1477 4965 1560 5022 Wort

134 5053 319 5122 ratimbs‘lis,
341 5055 397 5109 und
414 5054 472 5112 dies
490 5055 527 5111 ist
543 5055 629 5112 daber
647 5056 753 5114 iiberall
778 5063 900 5130 gerent,
921 5074 963 5112 wo
981 5052 1071 5122 nicht,
1091 5055 1142 5110 wic
1164 5053 1231 5122 bier,
1252 5052 1297 5106 die
1313 5050 1489 5122 Abkiirsung
1511 5067 1564 5106 nur

136 5137 188 5194 aui
201 5136 246 5194 dis
265 5143 366 5198 entare
383 5139 466 5196 Fcrm
484 5137 605 5197 binvics.
