3758 6072
319 493 380 560 420
816 495 865 546 Dte
883 495 1103 560 ,wosophische
1120 496 1249 550 tamtus

319 695 396 738 nam
417 673 679 761 disputationem.
721 675 835 742 Eciam
858 675 976 744 debent
997 689 1208 744 conventores
1229 677 1341 764 lnpos¹
1363 680 1569 761 constituere,
1598 678 1653 768 qui
1671 677 1732 744 vul·

320 774 502 859 garisantas
524 775 719 858 inscribant,
750 787 782 842 et
808 799 945 863 poenam
968 777 1010 844 ab
1036 779 1082 844 eis
1105 781 1192 844 omni
1212 777 1418 844 hebdomada
1442 777 1504 846 sub
1525 800 1633 866 poena
1652 777 1733 864 dupli

319 883 522 962 extorquere.
565 875 608 940 Et
640 885 675 939 ut
710 875 893 963 aliqualiter
922 879 1086 964 magistris
1119 877 1161 944 de
1191 877 1325 944 consilio
1356 878 1522 944 facultatis
1553 878 1734 960 innotescat

321 995 386 1060 qua
414 972 587 1059 diligencia
613 977 832 1063 unusquisque
854 987 1030 1042 convenior
1051 1001 1142 1043 suam
1163 977 1297 1044 bursam
1323 989 1432 1064 regat,
1462 975 1582 1042 debent
1607 998 1736 1042 conven-

278 1081 295 1137 5
322 1081 409 1136 tores
437 1095 507 1138 esse
535 1075 676 1138 asstricti
704 1072 889 1140 huiusmodi
920 1075 1068 1142 scedulas
1096 1075 1278 1142 defectuum
1309 1077 1378 1142 sive
1407 1075 1683 1164 negligenciamm
1709 1085 1737 1140 ct

319 1173 506 1258 punitorum
528 1172 571 1238 ad
597 1173 783 1239 facultatem
803 1186 1013 1261 praesentare
1033 1187 1179 1264 tempore
1200 1174 1460 1265 dispensationis.
1500 1175 1597 1258 Quod
1618 1176 1647 1240 si
1666 1185 1737 1240 tunc

318 1281 482 1357 repertum
513 1273 625 1356 fuerit,
658 1295 730 1338 eum
764 1297 829 1338 non
860 1273 911 1340 bis
942 1277 977 1340 in
1009 1275 1190 1362 septimana
1218 1276 1383 1358 visitasse,
1414 1275 1576 1340 indicatur
1607 1285 1682 1340 tunc
1710 1277 1737 1340 ei

320 1392 436 1458 poena,
464 1371 551 1459 quod
577 1371 682 1438 solvat
709 1374 873 1459 magistris
899 1374 940 1440 de
966 1373 1100 1440 consilio
1123 1375 1290 1440 dimidium
1313 1374 1472 1441 florenum
1493 1385 1526 1440 et
1548 1377 1591 1440 sit
1612 1397 1737 1462 suspen·

319 1495 374 1536 sus
402 1471 444 1536 ab
473 1471 601 1538 actibus
624 1470 814 1556 scolasticis,
843 1474 947 1540 donec
975 1473 1090 1540 solvat.
1131 1474 1176 1540 Et
1202 1477 1288 1540 siin
1318 1478 1504 1541 extorsione
1531 1497 1656 1562 poenae
1683 1497 1737 1562 pro

281 1580 313 1636 1⁰
320 1569 579 1656 vulgarisacioue
601 1581 632 1636 et
652 1571 723 1636 aliis
742 1572 909 1661 negligens
931 1585 1114 1663 compertus
1134 1573 1239 1658 fuerit,
1260 1573 1427 1640 emendari
1448 1573 1545 1640 debet
1565 1597 1625 1664 per
1643 1573 1736 1640 facul·

318 1680 417 1737 tatem
438 1693 544 1758 poena
564 1671 749 1738 arbitraria

506 1845 555 1907 23.
578 1857 646 1906 rao
668 1857 827 1906 rmruoru
846 1859 1069 1908 uxucurmau
1092 1859 1231 1908 omuuu
1251 1857 1556 1906 rmucnnsurmu.

401 1971 556 2038 Decanus
579 1981 705 2040 tenetur
726 1974 786 2041 sub
808 1998 867 2041 suo
889 1977 1070 2041 iuramento
1093 1997 1214 2063 poenas
1238 1972 1413 2040 secundum
1433 1974 1618 2060 praemissa
1638 1987 1739 2040 extor-

321 2093 419 2159 quere
441 2070 483 2137 ab
504 2069 745 2156 excedentibus,
769 2075 824 2162 qui
847 2075 874 2139 si
896 2073 937 2141 de
960 2074 1093 2142 consilio
1115 2073 1277 2140 facultatis
1298 2073 1432 2150 fuerint,
1458 2096 1513 2138 eos
1538 2071 1628 2138 nullo
1649 2073 1738 2139 modo

279 2169 363 2238 ttad
389 2168 558 2235 consilium
579 2194 707 2254 vocare,
733 2175 796 2238 nisi
817 2175 908 2261 prius
937 2197 1084 2263 poenam,
1110 2175 1144 2239 in
1171 2197 1268 2259 quam
1294 2173 1491 2254 inciderunt,
1519 2173 1739 2260 persolverint,

319 2279 351 2336 et
373 2268 455 2336 alios
474 2281 567 2336 exne
590 2271 757 2338 consilium
781 2273 823 2338 ab
846 2273 972 2339 actibus
994 2272 1174 2339 scolasticis
1194 2272 1351 2361 repellere
1365 2283 1397 2337 et
1412 2271 1621 2360 suspendere,
1642 2272 1740 2338 donec

319 2369 549 2454 satisfecerint,
583 2370 642 2436 sub
676 2393 782 2458 poena
808 2395 912 2440 novae
944 2395 1128 2460 sexagenas
1155 2371 1208 2438 vel
1242 2372 1464 2459 suspensionis
1497 2381 1573 2458 post
1599 2372 1739 2436 stinctum

321 2469 471 2554 officium,
493 2471 596 2537 donec
616 2469 759 2537 solverit.

401 2621 484 2686 Item
512 2620 685 2686 modernus
712 2621 853 2688 decanus
880 2631 1026 2710 tempore
1051 2621 1218 2688 electionis
1243 2620 1481 2707 clavigerorum
1502 2629 1563 2686 etc.
1589 2617 1687 2686 debet
1711 2628 1739 2684 et

277 2727 445 2786 wtenetur
475 2719 535 2785 sub
562 2742 621 2786 suo
648 2721 828 2787 iuramento
857 2733 932 2810 post
960 2721 1150 2788 electionem
1177 2743 1287 2788 omnes
1315 2721 1491 2808 magistros
1519 2719 1561 2786 dc
1590 2717 1739 2786 facultate

320 2817 448 2902 audire,
477 2818 608 2906 dempto
634 2819 703 2886 solo
731 2822 864 2908 antiqno
892 2821 1024 2904 decano,
1053 2823 1109 2910 qui
1137 2831 1215 2886 tunc
1240 2819 1356 2886 cedere
1383 2829 1519 2886 tenetur.
1561 2818 1607 2884 Et
1634 2841 1739 2884 omnes

318 2920 465 3004 magistri
487 2917 605 2985 debent
623 2941 695 2984 esse
716 2922 860 2988 asstricti
880 2929 956 2988 tunc
976 2922 1012 2986 in
1033 2920 1199 3008 publicum
1221 2941 1414 3008 proponere,
1436 2919 1465 2984 si
1486 2917 1565 3007 quid
1587 2919 1636 2984 eis
1655 2919 1738 2984 inno

318 3029 437 3102 tescat‚
467 3019 501 3084 in
533 3041 597 3106 quo
624 3020 776 3107 antiquus
804 3021 945 3087 decanus
974 3033 1088 3086 contra
1117 3017 1201 3110 [26²]
1231 3020 1312 3086 haec
1340 3028 1372 3084 et
1401 3017 1467 3084 alia
1496 3027 1620 3084 statuta
1647 3017 1739 3084 firerit

318 3118 496 3205 negligens,
524 3119 610 3207 quod
634 3129 711 3186 tunc
731 3141 790 3208 per
812 3118 1001 3186 modernum
1025 3120 1183 3186 decanum
1204 3119 1333 3184 nomine
1353 3115 1517 3184 facultatis
1540 3116 1639 3184 debet
1659 3117 1739 3184 obici

277 3219 464 3306 toantiquo,
492 3220 547 3306 qui
574 3220 603 3284 si
630 3241 664 3286 se
692 3218 849 3306 legittime
870 3243 935 3285 uon
956 3222 1040 3286 tueri
1067 3221 1201 3308 poterit,
1229 3216 1366 3284 facultas
1392 3217 1486 3282 iuxta
1506 3225 1629 3284 statuta
1650 3216 1740 3283 debet

319 3320 350 3384 ei
369 3318 517 3405 infligere
538 3341 675 3406 poenam
695 3317 748 3384 vel
774 3341 906 3407 poenas,
937 3341 1035 3408 quam
1061 3319 1111 3386 vel
1141 3341 1221 3407 quas
1247 3317 1376 3399 incidit,
1402 3326 1435 3384 et
1461 3316 1637 3402 clavigeris
1657 3339 1739 3382 man·

320 3416 409 3502 dare,
437 3417 524 3504 quod
545 3419 575 3484 ei
595 3418 692 3486 talem
720 3439 856 3504 poenam
878 3418 1052 3486 denahmt
1073 3417 1195 3484 eidem²
1217 3417 1258 3484 de
1279 3415 1410 3483 salario.
1450 3413 1548 3500 Quod
1568 3415 1597 3482 si
1616 3437 1740 3482 recusa·

318 3520 403 3586 verit
434 3519 585 3605 antiquus
614 3517 755 3584 decanm
783 3528 816 3583 et
840 3517 938 3584 vellet
967 3541 1062 3586 suum
1094 3516 1248 3584 salarium
1276 3517 1437 3604 integrum
1467 3536 1617 3598 servare,
1651 3513 1740 3581 debet

318 3641 390 3687 esse
407 3639 594 3706 suspensus,
615 3617 719 3684 donec
737 3617 850 3684 solvat.

277 3793 311 3850 aa
687 3789 737 3853 24.
758 3803 805 3850 nu
828 3801 928 3851 uoco
950 3801 1151 3852 aacmmrm
1173 3797 1369 3848 exsamcm.

401 3919 451 3984 Ne
477 3916 621 3984 defectus
648 3918 816 4006 contingat
841 3920 876 3984 in
898 3919 1077 4002 exerciciis,
1105 3917 1226 4004 placet,
1253 3915 1339 4004 quod
1367 3915 1509 3980 damnus
1535 3913 1569 3976 in
1592 3910 1741 3978 distribu-

319 4021 407 4084 tione
426 4017 633 4084 lectoriorum
651 4029 807 4084 convocet
829 4041 940 4084 omnes
963 4019 1138 4104 magistros
1159 4018 1193 4081 in
1213 4015 1347 4083 consilio
1367 4025 1400 4080 et
1420 4023 1524 4097 extra,
1546 4011 1740 4100 publicando

321 4121 368 4186 eis
389 4125 510 4183 statuta
538 4117 578 4184 de
598 4117 694 4184 modo
721 4117 851 4205 legendi
872 4127 904 4183 et
933 4116 1108 4183 exercendi
1134 4127 1203 4199 etc,
1231 4124 1264 4182 et
1289 4116 1432 4204 inquirat
1458 4121 1536 4178 tunc
1562 4133 1583 4176 a
1610 4109 1740 4198 singulis

319 4219 495 4306 magistris,
521 4216 700 4284 cuiusmodi
727 4218 921 4283 exercicium
949 4227 981 4282 et
1002 4217 1037 4280 in
1063 4238 1127 4304 quo
1153 4215 1225 4281 loco
1246 4213 1325 4280 velit
1346 4213 1523 4301 disputare
1566 4209 1660 4276 Etsi
1687 4209 1740 4275 ali·

278 4329 405 4406 ttquae
431 4317 594 4383 exercicia
619 4340 685 4384 non
705 4318 927 4405 reciperentur
954 4315 997 4382 ab
1026 4313 1159 4398 eisdem,
1186 4313 1272 4402 quod
1300 4325 1376 4380 tunc
1400 4313 1544 4378 decanus
1574 4332 1649 4376 cum
1673 4331 1742 4376 con·

285 4491 352 4502 ..ι-

406 4589 418 4640 1
440 4582 510 4638 Hier
525 4581 643 4653 erledigt
658 4581 718 4638 sich
733 4582 778 4640 die
788 4583 881 4655 Frage
893 4580 965 4638 uach
978 4582 1027 4638 der
1038 4579 1203 4650 Bedeutung
1220 4595 1275 4633 von
1293 4577 1382 4648 ὶιιρω,
1399 4575 1445 4630 die
1461 4573 1507 4630 ich
1525 4573 1555 4630 in
1571 4574 1627 4630 dan
1643 4573 1742 4644 „Deut-

319 4669 405 4728 schen
422 4667 548 4726 Univers.
566 4665 603 4720 im
621 4665 701 4724 ΜΑ.“
721 4669 748 4726 Β,
765 4673 816 4724 2³0
831 4667 878 4738 (sn
895 4671 937 4736 ta,
956 4665 997 4735 to)
1014 4663 1093 4720 nicht
1108 4663 1296 4720 baantvortau
1312 4661 1424 4717 konnta
1443 4659 1508 4730 Vgl.
1528 4657 1602 4714 noch
1618 4659 1663 4714 dia
1679 4657 1743 4712 Bar

320 4755 361 4812 ier
378 4754 508 4812 Statutcn
526 4768 590 4806 vom
606 4749 693 4806 Jahre
713 4757 776 4808 1465
796 4751 851 4824 (bd
870 4748 994 4820 Vischer,
1009 4745 1178 4806 Geschichte
1192 4745 1242 4802 der
1258 4745 1341 4804 Univ.
1359 4743 1451 4812 Basel,
1468 4741 1497 4798 S.
1517 4747 1573 4812 15²,
1590 4742 1670 4798 Anm.
1692 4745 1741 4812 1³):

319 4841 386 4896 Itan
402 4845 493 4894 rector
509 4838 607 4892 ὂιινιαα
622 4835 768 4904 cleliam
780 4835 931 4906 procidant
946 4835 980 4889 de
996 4833 1136 4903 aquatum
1158 4829 1401 4902 moriundum,
1421 4845 1499 4900 φιαιι
1522 4825 1618 4900 &uptun
1639 4833 1743 4894 vomat,

320 4925 370 4996 qui
388 4923 589 4994 mukarsiootea
602 4919 726 4988 fideliter
743 4921 831 4990 signat
850 4927 875 4975 et
897 4935 926 4974 ao
942 4917 1015 4971 malli
1034 4917 1190 4985 nmm'featat
1205 4915 1255 4969 aab
1272 4914 1364 4969 debito
1380 4913 1467 4968 boam
1480 4911 1554 4980 Μετ’
1577 4929 1628 4967 atto
1644 4911 1744 4966 macru·

409 5089 588 5147 lEntveder
604 5089 641 5144 ist
658 5089 718 5144 eins
733 5089 783 5146 der
799 5085 896 5144 beiden
916 5086 1013 5144 Wortc
1037 5083 1065 5139 ci
1088 5083 1146 5138 und
1168 5082 1254 5136 dden
1273 5080 1449 5152 iiberlliiasig,
1475 5079 1542 5136 oder
1568 5085 1639 5136 rtatt
1659 5080 1743 5135 aaa

323 5179 361 5234 ist
378 5193 414 5233 au
432 5177 506 5234 lesen
521 5177 647 5242 efmdms,
665 5191 722 5230 vas
738 5171 845 5230 fmilich
861 5171 923 5226 dem
941 5167 1020 5242 style
1036 5167 1125 5228 timu
1141 5167 1258 5226 zuene
1274 5167 1366 5238 wenis
1381 5169 1490 5240 gena·
1506 5164 1551 5224 ta
