3758 6072
349 484 410 553 368
839 487 889 538 ure
907 487 1126 552 purompauese
1142 487 1270 540 rusae

432 668 513 733 Item
535 666 622 754 quod
643 665 744 732 velint
773 665 945 732 admittere
973 667 1090 755 dignos
1116 677 1149 734 et
1173 671 1295 735 reicere
1320 667 1473 758 indignos
1496 671 1566 736 sine
1587 693 1775 761 quocunque

349 788 496 850 rancore,
517 765 651 848 invidia,
674 765 946 833 subordinecione
968 767 1020 833 vel
1044 791 1163 836 amore.

436 883 549 948 Placet
570 884 672 948 eciam
693 881 822 948 domino
843 905 915 949 meo
938 887 1107 970 graciose,
1136 885 1222 975 quod
1243 887 1399 972 magister
1418 907 1616 973 promovens
1638 887 1774 977 aliquem

351 983 471 1050 hebeat
499 992 620 1049 certam
649 990 777 1068 partem
797 981 837 1047 de
857 985 1006 1069 pecunia,
1027 985 1091 1051 sibi
1111 1007 1170 1074 per
1193 983 1412 1050 baccalarium
1434 985 1487 1051 vel
1509 988 1702 1074 magistrum
1723 1011 1775 1054 no

309 1096 325 1150 5
354 1083 474 1150 vellum
494 1081 581 1166 dete,
602 1080 733 1146 residua
754 1091 847 1170 parte
869 1083 903 1148 in
921 1081 1093 1150 utilitatem
1114 1082 1278 1150 facultatis
1300 1086 1424 1150 arcium
1446 1086 1675 1153 convertenda.

434 1183 478 1249 Et
509 1183 538 1248 si
562 1181 644 1248 forte
672 1181 747 1246 telis
774 1181 888 1248 modus
915 1205 979 1248 non
1007 1183 1112 1270 velet,
1145 1183 1232 1274 quod
1257 1184 1349 1250 fieret
1376 1184 1542 1253 ordinacio
1572 1187 1606 1252 in
1628 1186 1775 1252 facultate

353 1285 487 1366 arcium,
510 1280 597 1370 quod
612 1279 753 1346 decenus
767 1281 801 1346 in
817 1281 959 1348 futruum
979 1281 1146 1370 eligendus
1167 1283 1287 1350 hebeat
1307 1295 1428 1350 certam
1443 1288 1601 1373 pecuniae
1622 1309 1775 1352 summam

350 1408 371 1449 e
400 1379 552 1448 facultate
580 1382 721 1466 arcium,
753 1391 784 1446 et
815 1389 934 1465 totum,
965 1384 1051 1472 quod
1080 1407 1102 1450 a
1129 1383 1358 1472 promovendis
1384 1387 1602 1473 reciperetur,
1634 1385 1775 1452 facultati

351 1482 582 1572 applicaretur.

312 1593 344 1648 to
434 1581 500 1646 Per
525 1580 624 1647 telem
654 1581 739 1645 enim
761 1588 793 1644 et
815 1579 997 1646 consimiles
1019 1579 1134 1648 modos
1155 1592 1267 1670 posset
1287 1583 1460 1650 multitudo
1482 1583 1772 1672 promovendorum

348 1683 502 1768 restringi
525 1691 557 1746 et
577 1680 667 1744 fratrs
688 1689 784 1767 atque
806 1677 909 1744 dolus.

432 1779 476 1846 Et
497 1777 682 1845 omnimoda
694 1780 833 1844 intencio
849 1777 969 1845 domini
983 1789 1032 1844 est
1046 1779 1211 1846 refrenare
1224 1781 1461 1848 multitudinem
1474 1783 1773 1870 promovendorum,

350 1881 390 1948 de
411 1878 528 1968 quibus
547 1879 697 1964 magistri
717 1900 777 1966 per
800 1900 834 1944 se
854 1877 1073 1965 providebunt
1099 1902 1162 1967 pro
1184 1881 1408 1950 univcrsitatis
1429 1882 1562 1950 bonore.

880 2163 1212 2185 Q

869 2385 918 2435 111.
947 2385 1027 2436 Vom
1046 2385 1149 2436 Jahre
1169 2385 1256 2438 1445.

315 2497 345 2552 15
400 2494 425 2553 l.
448 2481 611 2551 Cedula
637 2491 837 2569 porrecta
865 2484 1069 2571 episcopo
1099 2494 1245 2550 contra
1273 2485 1430 2550 arcium
1451 2484 1700 2551 facultatem.

687 2597 845 2678 Quinta
864 2599 974 2664 feria
992 2621 1141 2686 pascae
1161 2621 1261 2665 anno
1282 2601 1393 2665 xuv0.

797 2717 875 2783 (titt
895 2719 1064 2782 Donncrstag
1081 2720 1132 2768 den
1153 2718 1175 2770 1.
1192 2715 1294 2782 April.)

435 2814 624 2883 Reverende
645 2825 749 2902 peter.
769 2815 957 2904 Exponitur
978 2816 1167 2904 paternitati
1191 2827 1319 2882 vestrae
1337 2815 1545 2900 reverendae,
1567 2817 1728 2905 quomodo
1746 2827 1773 2882 et

354 2916 491 3007 qualiter
516 2917 550 2980 in
571 2915 723 2981 facultate
753 2918 877 2982 arcium
903 2914 1084 2981 liberalium
1102 2915 1209 2981 fueret
1236 2915 1458 3001 consuetudo,
1488 2918 1681 2983 inconcusse
1706 2917 1772 2982 bae

311 3028 446 3084 totenus
476 3014 668 3098 observata,
706 3038 783 3103 qua
826 3016 1049 3103 propinem
1080 3014 1282 3102 quendam
1323 3037 1343 3080 a
1374 3017 1461 3080 suis
1492 3015 1773 3103 promovendis

352 3125 602 3204 receperant
622 3125 912 3202 promoventes
931 3125 1130 3201 tempore,
1160 3137 1234 3201 quo
1255 3113 1428 3200 gradum
1449 3117 1489 3180 iu
1511 3115 1674 3182 artibus
1697 3139 1772 3182 sus·

353 3219 495 3303 cipere
532 3225 865 3280 consueverunt.
911 3213 1008 3279 Hanc
1042 3215 1231 3302 propinem,
1269 3235 1313 3280 ex
1351 3217 1512 3280 communi
1542 3215 1773 3281 consuetudine

353 3315 496 3382 debitam
517 3313 649 3380 cuilibet
667 3315 859 3400 promotcri,
889 3313 1021 3401 quidam
1044 3314 1194 3400 magistri
1214 3312 1255 3379 de
1279 3313 1415 3379 concilio
1435 3313 1614 3380 existentes
1638 3315 1773 3380 eiusdem

353 3415 517 3482 facultatis
539 3413 601 3480 sibi
624 3415 736 3500 vigore
760 3412 929 3478 cuiusdam
950 3415 1060 3478 statuti
1083 3415 1210 3480 noviter
1231 3412 1324 3496 editi,
1345 3422 1381 3478 ut
1401 3413 1559 3498 referunt,
1582 3424 1774 3481 conantur

311 3523 557 3601 itusurpere
581 3514 616 3578 in
649 3511 787 3578 aliorum
814 3512 1051 3599 praeiudicium
1078 3521 1110 3578 et
1142 3535 1321 3600 gravamen
1347 3533 1472 3578 necnon
1500 3515 1534 3579 in
1555 3536 1654 3602 saepe
1676 3514 1773 3579 dictae

353 3615 603 3680 diminucionem
628 3610 801 3677 facultatis.
843 3611 887 3676 Et
912 3634 1105 3700 quemquam
1136 3611 1352 3700 supplicatum
1382 3612 1425 3678 sit
1444 3612 1585 3697 eisdem,
1616 3625 1653 3680 ut
1674 3613 1774 3678 bruas·

352 3711 439 3780 modi
462 3710 698 3799 praeiudicium
718 3712 885 3797 magistris
905 3733 970 3776 non
987 3711 1147 3795 inferant,
1179 3713 1233 3798 qui
1261 3713 1326 3777 sint
1346 3721 1440 3776 extra
1460 3711 1582 3778 dictum
1603 3712 1770 3778 concilium

353 3812 526 3894 facultatis,
548 3809 606 3876 sed
627 3811 740 3897 pocius
762 3809 894 3875 eosdem
915 3811 950 3874 in
972 3809 1269 3877 consuetudinibus
1291 3821 1323 3877 et
1339 3809 1484 3894 iuribus,
1506 3811 1625 3900 quibus
1646 3813 1711 3900 ipsi
1729 3811 1773 3876 usi

355 3923 430 3978 sunt
468 3919 501 3976 et
531 3931 643 3976 eorum
681 3908 883 3976 venerabiles
924 3919 1161 3994 antecessores,
1200 3920 1430 3976 conservarent
1458 3933 1519 3976 nec
1551 3933 1607 3978 eos
1639 3912 1775 3977 facerem

313 4009 525 4078 iodeterioris
554 4009 768 4092 condicionis,
800 4009 833 4074 in
868 4008 955 4074 nullo
986 4019 1093 4074 tamon
1123 4011 1270 4098 protinus
1309 4010 1390 4076 hacc
1420 4009 1557 4077 honesta
1588 4011 1775 4099 supplicatio

354 4111 460 4176 fuerat
491 4109 654 4176 exaudita
694 4107 805 4189 Quare
835 4131 909 4175 cum
943 4111 1031 4174 omni
1063 4108 1240 4176 devocione
1261 4119 1294 4176 et
1320 4109 1501 4175 bumilitate
1523 4120 1654 4176 vestrae
1676 4121 1774 4198 pater·

354 4211 449 4276 nitati
469 4207 680 4298 supplicatur,
701 4217 858 4294 quatenus
881 4208 977 4274 solita
997 4207 1198 4294 benignitate
1220 4218 1252 4274 et
1274 4211 1396 4292 favore,
1418 4209 1535 4297 quibus
1555 4209 1641 4275 banc
1664 4209 1774 4276 Qun

356 4310 600 4376 universitatem
631 4309 665 4372 in
699 4309 766 4374 suis
802 4307 937 4395 agendis
971 4330 1031 4396 pro
1063 4330 1121 4374 suo
1158 4307 1332 4398 tranquillo
1367 4318 1454 4373 statu
1497 4310 1627 4396 saepius
1660 4308 1776 4396 dignati

357 4411 435 4476 estis
462 4407 671 4495 paternaliter
690 4409 899 4496 praevenire,
932 4406 1110 4494 dignemini
1138 4407 1235 4474 modo
1256 4429 1442 4474 succurrere
1462 4408 1607 4474 remedio
1627 4421 1778 4498 oportrmo

314 4519 390 4578 fiet
413 4519 550 4598 peteme
577 4507 792 4574 sollicitudine
814 4505 1002 4594 providere,
1034 4529 1076 4572 ne
1103 4505 1183 4572 dicti
1203 4507 1353 4594 magistri
1373 4515 1467 4574 extre
1487 4507 1662 4574 concilium
1682 4506 1776 4574 facul·

354 4612 430 4678 tatis
458 4609 526 4676 suis
556 4607 681 4674 iuribus
707 4617 739 4674 et
768 4605 1062 4674 consuetudinibus
1090 4627 1131 4672 ac
1156 4607 1252 4672 unico
1281 4605 1483 4674 emolimento
1506 4630 1566 4675 suo
1589 4609 1661 4674 sine
1683 4629 1776 4675 ceum

355 4711 588 4800 legitimatam
608 4709 707 4796 impie
727 4716 760 4774 et
781 4715 895 4773 contra
912 4704 1091 4772 naturalem
1113 4707 1308 4792 aequitatem
1330 4705 1520 4794 spolientur.

486 4865 516 4930 2.
545 4855 749 4926 Iohannes
772 4857 836 4924 dei
857 4858 1005 4944 gracia
1029 4857 1254 4945 episcopus
1272 4854 1660 4945 Meraeburgensis:

442 4979 645 5047 salutatione
674 4973 839 5041 amicabili
863 4975 1061 5062 praemisse,
1095 4971 1299 5040 venerabiles
1327 4972 1439 5057 amici,
1473 4955 1645 5040 sinceriter
1668 4971 1779 5040 dilecd.

316 5075 424 5148 toPro
445 5081 641 5146 incremento
665 5086 696 5140 et
722 5075 808 5140 felici
835 5085 922 5140 statu
947 5073 1051 5139 almae
1081 5074 1301 5140 universitatis
1332 5073 1427 5139 studii
1454 5073 1659 5162 Liptzensis,
1691 5083 1780 5163 prout

358 5179 453 5248 nobis
481 5175 654 5261 incumbit,
687 5197 777 5242 mens
805 5183 917 5242 nostra
945 5175 1099 5260 occupari
1126 5174 1277 5240 mutinae
1306 5193 1370 5240 non
1399 5171 1536 5240 desistit
1580 5173 1662 5242 Cum
1689 5175 1779 5264 igitur
