3788 6078
350 507 410 574 ott
862 505 912 557 na
930 505 1116 558 musetum·
1132 505 1260 559 cnunc

350 687 521 774 diligenter
543 688 717 770 audivisse,
740 697 773 752 et
793 711 852 776 per
878 686 1060 754 huiusmodi
1080 699 1207 774 tempus
1228 686 1352 754 biennii
1382 687 1479 754 debet
1500 689 1600 754 etiam
1627 707 1699 751 cum
1718 685 1765 751 ali·

348 811 412 874 quo
434 811 545 852 eorum
567 786 617 852 vel
640 787 776 852 aliorum
804 787 971 853 doctorum
999 789 1179 875 practicam
1198 789 1232 852 in
1254 785 1425 853 medicinis
1453 787 1627 874 diligenter
1647 785 1765 852 adiisse.

350 886 445 968 Quod
467 898 664 973 postremum
686 891 713 953 si
735 911 799 954 non
821 885 1048 974 adimpleverit
1068 887 1161 975 (quia
1181 887 1336 953 conmode
1356 887 1465 954 facere
1485 889 1622 973 nequit),
1642 884 1765 950 facultas

348 1009 457 1052 aecum
478 986 652 1073 dispenset

306 1097 323 1152 5
435 1094 463 1152 4.
486 1085 794 1152 Baccalaureandur
815 1085 950 1172 quilibet
977 1097 1109 1150 nostrae
1135 1083 1309 1167 facsrltatis,
1338 1107 1397 1172 per
1423 1085 1572 1150 doctores
1592 1085 1628 1149 in
1647 1082 1765 1148 medici·

348 1189 398 1252 nis
421 1185 463 1250 ad
485 1187 667 1270 rigorosum
690 1208 828 1250 examen
854 1185 1018 1252 admissus
1045 1195 1076 1250 et
1101 1189 1316 1266 examinatus,
1345 1193 1518 1272 antequam
1541 1183 1606 1250 sibi
1630 1207 1688 1272 per
1708 1207 1765 1248 eos·

349 1286 421 1351 dem
456 1284 604 1350 doctores
634 1288 874 1350 examinatores
903 1284 998 1349 finale
1027 1307 1218 1372 responsum
1247 1283 1289 1350 de
1317 1285 1386 1348 eius
1415 1283 1615 1349 admissione
1642 1283 1766 1362 dicatm,

351 1384 476 1451 solvere
498 1395 624 1450 tenetur
646 1384 777 1449 realiter
799 1395 830 1449 et
860 1407 933 1448 cum
962 1384 1077 1449 effectu
1108 1405 1166 1449 sex
1196 1383 1336 1450 florenos
1365 1383 1400 1447 in
1427 1405 1507 1448 auro
1535 1405 1690 1448 renenses
1715 1405 1765 1471 pro

348 1483 459 1549 labore
484 1483 657 1548 ethonore
684 1483 867 1548 eorundem.
909 1483 954 1548 Et
981 1483 1078 1550 debet
1106 1481 1165 1548 sub
1186 1482 1299 1548 eodem
1321 1483 1471 1548 examine
1492 1505 1552 1569 pro
1576 1481 1692 1548 solatio
1711 1481 1765 1546 dis·

309 1593 471 1670 toponere
494 1605 592 1648 unum
613 1581 802 1648 cantharum
823 1583 889 1648 vini
911 1582 1013 1648 dulcis
1035 1583 1082 1647 et¹
1104 1581 1186 1647 duos
1208 1581 1381 1648 cantharos
1401 1582 1578 1646 cerevisiae
1601 1579 1765 1646 secundum

348 1682 512 1768 optionem
534 1681 702 1747 doctorum
724 1705 797 1747 oum
818 1705 881 1746 uno
903 1681 1022 1746 talento
1044 1681 1190 1746 confecti.

430 1788 457 1848 5.
479 1781 641 1846 Doctores
663 1780 827 1846 facultatis
850 1779 994 1846 medicae
1015 1778 1134 1844 debent
1153 1778 1335 1846 deliberare
1357 1789 1389 1844 et
1411 1781 1607 1845 constituere
1629 1779 1765 1866 diligenti

348 1903 427 1944 cura
450 1889 481 1944 et
502 1883 636 1962 ratione,
657 1882 713 1968 qui
734 1879 809 1945 libm'
830 1877 872 1945 ad
893 1878 1139 1966 completionem
1160 1901 1202 1943 ex
1223 1877 1412 1967 Hipocrate,
1436 1879 1573 1962 Gelono,
1595 1879 1764 1950 Avicenna,

346 1977 454 2044 Rasae
476 2002 548 2044 curu
579 1983 723 2044 maxima
754 1979 938 2044 auditorum
965 1977 1102 2042 utilitate
1133 1977 1197 2064 legi
1229 1981 1371 2066 possint,
1400 1990 1432 2045 et
1458 2001 1592 2067 operam
1622 1979 1712 2062 dare,
1738 1993 1766 2041 ut

259 2127 264 2138 .
309 2087 339 2144 15
351 2077 516 2164 legantur3
540 2089 635 2144 etex
654 2077 718 2144 illis
742 2089 862 2166 puncta
883 2079 1069 2143 examinum
1091 2077 1253 2166 capienda
1276 2081 1349 2144 sint.

428 2183 456 2244 6.
477 2178 586 2244 Debet
614 2180 711 2243 etiam
740 2177 875 2266 quilibet
902 2177 1254 2244 baccalaureandorum
1282 2189 1428 2267 tempore
1455 2201 1533 2243 suae
1562 2179 1764 2266 promotionis

347 2277 472 2344 solvere
502 2279 679 2365 promotori
710 2299 768 2344 suo
797 2287 934 2364 quatuor
964 2277 1103 2344 florenos
1134 2289 1209 2342 ante
1239 2279 1476 2365 promotionem
1506 2276 1670 2360 habitam3
1700 2278 1766 2342 item

347 2387 421 2443 ante
443 2399 579 2442 examen
601 2376 683 2442 dnos
705 2376 844 2443 florenos
867 2398 1019 2442 renenses
1052 2375 1095 2442 ad
1125 2376 1238 2442 liscum
1265 2377 1430 2442 facultatis
1457 2376 1622 2454 (similiter
1648 2377 1766 2442 famulis

345 2479 378 2540 in
399 2485 475 2542 actu
495 2477 707 2563 promotionis
728 2499 825 2541 uuum
848 2499 980 2541 auremn
1002 2499 1166 2542 nummum
1190 2475 1241 2540 vel
1263 2477 1449 2550 valorem.)²

303 2585 339 2642 20
429 2581 457 2640 7.
478 2575 784 2642 Baccalaureandus
811 2575 1044 2641 medicinarum
1070 2577 1105 2639 in
1131 2586 1293 2662 apparatu
1322 2597 1399 2640 suae
1424 2576 1639 2662 promotionis
1667 2579 1766 2642 iurare

345 2674 516 2756 tenebitur,
545 2673 632 2761 quod
657 2672 736 2738 velit
765 2697 951 2762 procurare,
980 2685 1136 2760 quantum
1158 2677 1192 2738 in
1218 2697 1252 2740 se
1277 2675 1389 2756 fuerit,
1419 2673 1537 2740 bonum
1560 2677 1655 2740 ianus
1676 2676 1765 2740 facul·

345 2776 431 2856 tatis,
461 2773 504 2838 ad
531 2795 752 2860 quemcunque
781 2783 900 2838 statum
922 2773 1102 2856 devenerit,
1131 2781 1162 2837 et
1190 2773 1278 2861 quod
1306 2773 1428 2840 dictum
1458 2775 1597 2860 gradum
1624 2777 1659 2839 in
1686 2775 1765 2839 nulla

346 2873 413 2940 alia
445 2876 656 2938 universitate
695 2883 935 2960 resumpturum
969 2882 1001 2938 et
1033 2873 1068 2936 in
1099 2883 1174 2937 actu
1205 2873 1418 2961 promotionis
1450 2895 1527 2938 snae
1560 2876 1766 2939 iuramentum

346 2972 531 3038 huiusmodi
555 2972 740 3038 solemniter
760 2995 820 3060 per
842 2995 942 3038 unum
964 2995 1006 3036 ex
1028 2971 1158 3038 famulis
1179 2973 1400 3038 universitatis
1422 2973 1651 3060 publicabitur.

303 3081 337 3138 25
430 3077 457 3140 8.
479 3071 599 3137 Volens
627 3073 661 3136 in
691 3071 941 3137 baccalaureum
970 3075 1153 3158 promoveri
1182 3071 1361 3136 medicinae
1389 3072 1507 3138 debeat
1533 3087 1609 3138 ante
1638 3097 1764 3139 examen

345 3195 437 3236 suum
459 3173 624 3258 privatum
644 3181 676 3236 et
697 3183 773 3236 ante
795 3170 1082 3258 dispensationem,
1110 3193 1194 3256 quae
1214 3170 1296 3235 liunt
1321 3193 1380 3259 per
1405 3170 1555 3237 doctores
1578 3173 1620 3238 de
1642 3173 1764 3240 consilio

345 3271 510 3337 facultatis
538 3270 694 3352 eiusdem,
724 3269 856 3358 publice
881 3271 914 3334 in
942 3270 1060 3336 scholis
1091 3270 1151 3335 sub
1179 3269 1286 3357 aliquo
1315 3269 1493 3336 medicinae
1520 3271 1653 3338 doctore
1679 3295 1764 3360 qnae

345 3373 481 3437 ationem
509 3369 733 3436 medicinalem
763 3369 997 3436 determinasse
1027 3379 1059 3434 et
1088 3373 1191 3434 eidem
1221 3369 1346 3435 doctori
1373 3379 1405 3435 et
1438 3369 1511 3435 aliis
1539 3375 1705 3458 magistris
1730 3393 1764 3436 ac

345 3469 547 3536 scholaribus
574 3480 704 3534 nostrae
730 3467 904 3552 facultatis,
932 3481 1046 3534 contra
1075 3492 1165 3534 suam
1198 3471 1393 3556 positionem
1422 3492 1560 3554 arguere
1582 3471 1763 3552 volentibus,

303 3579 407 3656 30pro
428 3568 514 3633 virili
536 3570 754 3656 respondisse.

428 3675 457 3736 9.
481 3667 626 3748 Quilibet
653 3666 886 3732 baccalaureus
915 3691 972 3734 seu
1005 3667 1162 3733 scholaris
1188 3668 1352 3734 facultatis
1380 3670 1526 3734 medicae
1555 3679 1681 3736 tenetur
1711 3693 1763 3756 pro

345 3768 415 3832 loco
436 3780 468 3833 et
489 3778 634 3856 tempore
655 3769 846 3854 congruenti
870 3767 993 3834 decano
1015 3781 1047 3832 et
1069 3767 1256 3833 doctoribus
1279 3767 1421 3834 eiusdem
1443 3768 1610 3835 facultatis
1632 3771 1762 3836 debitum

348 3867 501 3932 honorem
523 3880 553 3931 et
574 3868 788 3932 reverentiam
812 3867 1010 3955 impendere,
1041 3866 1099 3932 sub
1119 3890 1227 3955 poena
1247 3889 1312 3933 non
1333 3867 1541 3933 admissionis
1564 3868 1607 3934 ad
1634 3869 1762 3954 aliquem

344 3966 494 4052 gradum.
535 3967 616 4032 Item
646 3969 673 4030 si
701 3969 773 4052 quis
803 3989 913 4032 eorum
937 3965 1077 4054 aliquem
1100 3989 1141 4031 ex
1163 3965 1350 4032 doctoribus
1374 3967 1475 4052 (quod
1497 3967 1598 4054 absit)
1621 3969 1763 4034 uriumose

302 4064 584 4148 temolesmverit,
612 4065 687 4130 talis
714 4087 778 4130 non
808 4065 997 4131 admittatur
1022 4064 1066 4130 ad
1091 4065 1326 4152 promotionem
1348 4065 1500 4152 aliquam,
1527 4069 1592 4132 nisi
1613 4069 1701 4156 prius
1720 4089 1762 4130 re

344 4165 534 4230 conciliatus
563 4167 666 4232 fuerit
709 4165 793 4230 Nam
822 4175 959 4231 nonest
986 4164 1105 4250 dignus
1137 4163 1245 4252 aliqua
1274 4168 1475 4253 promotione
1502 4170 1557 4254 qui
1585 4170 1652 4232 suis
1680 4188 1761 4254 prae

347 4263 543 4349 ceptoribus,
565 4288 585 4329 a
607 4263 725 4352 quibus
747 4287 818 4329 eam
841 4263 992 4348 adfectat,
1014 4265 1231 4331 irreverenter
1251 4265 1452 4330 adversatur.

345 4444 408 4534 [Bl.
431 4443 487 4534 tt]
510 4463 616 4528 oeno,
639 4463 710 4523 Quo
734 4464 833 4512 nono
856 4463 1086 4512 rnouovsum
1107 4463 1437 4532 accusatoremne
1480 4466 1589 4528 mous
1610 4465 1762 4517 oscarus

862 4561 1085 4611 nocromnus
1109 4563 1260 4611 rasruu.

300 4689 335 4746 40
814 4682 924 4745 Caput
944 4681 1032 4732 xm.
1054 4681 1128 4746 (vgt.
1146 4685 1169 4733 i.
1188 4681 1225 4732 St
1241 4683 1294 4743 20.)

430 4794 561 4878 Placet,
592 4795 677 4881 quod
708 4796 862 4882 deinceps
894 4797 987 4860 iuxta
1015 4797 1138 4860 senium
1170 4795 1338 4863 doctorum
1372 4799 1413 4864 de
1443 4799 1580 4865 oonsilio
1611 4798 1760 4866 facultatis

345 4897 553 4961 existentium
585 4894 858 4960 baccalaureandi
888 4907 1149 4979 promoveantur,
1179 4897 1225 4960 ita
1253 4897 1339 4984 quod
1363 4897 1512 4963 doctores
1534 4902 1674 4964 vicissim
1696 4919 1759 4984 pro

429 5101 445 5234 l
463 5094 794 5252 memilianum-te
813 5180 847 5232 ist
867 5177 1084 5250 nachgetragen,
1102 5177 1173 5234 doch
1190 5177 1262 5234 wohl
1281 5179 1463 5254 gleichzeitig.
