3794 6060
799 454 851 506 Dis
869 456 988 506 Statuten
1008 470 1068 506 vom
1086 453 1169 506 sacre
1188 461 1252 506 1410

723 639 751 702 8.
783 653 831 702 ns
853 651 1113 702 mmsmcrrons
1135 639 1338 704 ιιεοφοιιιε.ι

399 769 663 835 Iurisdiecionem
691 767 890 832 ordinariam
918 778 1023 835 rector
1049 767 1182 834 habebit
1205 769 1240 832 in
1260 768 1369 832 omnia
1392 769 1561 854 supposita
1582 769 1740 834 universi·

316 871 396 934 tatis
416 869 451 932 in
473 870 580 933 causis
601 865 753 931 civilibus
775 876 809 932 et
828 869 1048 939 iniuriarum..
1069 868 1151 932 Item
1172 877 1279 932 rector
1299 869 1483 931 summatim
1505 875 1537 932 et
1552 868 1621 933 sine
1636 867 1741 954 ligura

317 978 350 1031 et
377 969 447 1032 sine
479 969 616 1054 strepitu
642 964 754 1030 iudicii
782 977 958 1051 eognoscat
985 988 1118 1048 musas,
1147 975 1179 1031 et
1197 965 1284 1030 infra
1305 974 1377 1030 octo
1399 964 1469 1031 dies
1491 963 1589 1030 debet
1609 989 1742 1032 causam

290 1064 454 1130 eduorum
476 1087 665 1150 grossorum
687 1073 718 1128 et
739 1065 824 1128 infra
845 1063 1005 1129 decidere.
1048 1062 1092 1128 Et
1106 1065 1134 1128 si
1145 1064 1323 1129 necessitas
1338 1065 1493 1149 requirat,
1513 1073 1622 1151 potest
1635 1075 1743 1130 rector

318 1165 352 1228 in
375 1166 482 1230 causis
503 1163 674 1229 scolarium
697 1162 875 1250 procedere
897 1161 1039 1247 quolibet
1059 1171 1204 1250 tempore
1224 1164 1387 1228 feriarum.
1429 1163 1510 1228 Item
1524 1184 1590 1228 uon
1606 1173 1744 1250 possunt

318 1264 541 1328 universitatis
568 1260 716 1326 membra
746 1263 882 1326 rectoris
908 1260 1062 1324 iudicium
1090 1259 1330 1347 quomodolibet
1356 1259 1530 1326 declinare.
1570 1261 1607 1326 Si
1636 1270 1744 1326 autem

317 1383 458 1449 persona
486 1361 519 1424 in
548 1359 703 1424 iudicium
729 1367 836 1424 tracta
865 1361 1037 1440 iuraverit,
1066 1381 1109 1424 ex
1136 1369 1225 1424 certe
1256 1381 1357 1425 causa
1384 1381 1420 1426 se
1440 1369 1600 1426 rectorem
1621 1358 1744 1426 habere

316 1469 516 1546 suspectum,
547 1480 679 1524 oausam
706 1459 900 1545 suspicionis
926 1453 991 1543 [7¹³]
1022 1459 1202 1544 exprimat,
1230 1461 1387 1544 praestito
1408 1460 1607 1542 iuramento,
1634 1471 1667 1524 et
1688 1481 1742 1524 ex·

277 1568 394 1624 totunc
423 1568 531 1623 rector
560 1579 694 1623 causam
722 1556 938 1644 principalem
962 1556 1090 1642 deleget
1111 1579 1271 1643 personae
1290 1580 1354 1623 non
1374 1567 1560 1643 suspectae,
1589 1579 1675 1644 quae
1702 1559 1744 1622 sit

315 1654 496 1722 membrum
518 1656 756 1738 universitatis,
778 1677 835 1721 seu
856 1655 975 1742 aliquis
994 1656 1174 1722 vicerector
1194 1656 1304 1739 detur,
1324 1659 1379 1742 qui
1400 1656 1442 1721 de
1463 1677 1563 1722 causa
1583 1657 1743 1743 suspicio·

315 1757 367 1822 nis
395 1755 517 1821 indicet
544 1766 577 1819 et
604 1756 710 1841 ipsam
740 1753 880 1820 diffiniat
905 1753 990 1820 infra
1011 1763 1083 1820 octo
1106 1754 1177 1820 dies
1197 1777 1270 1820 cum
1293 1754 1488 1820 consiliariis
1508 1755 1743 1822 universitatis.

316 1855 393 1936 Qua
414 1853 555 1942 probata
575 1854 756 1918 vicerector
776 1852 863 1917 idem
885 1852 925 1917 de
945 1852 1120 1940 principali
1140 1875 1240 1918 causa
1262 1863 1454 1938 cognoscam
1476 1852 1534 1918 illa
1554 1864 1664 1919 autem
1677 1875 1744 1920 non

316 1952 475 2041 probata,
515 1953 661 2017 remittat
693 1953 873 2016 vicerector
904 1951 996 2018 illam
1034 1973 1166 2018 causam
1197 1951 1241 2018 ad
1271 1953 1412 2018 iudicem
1437 1961 1623 2018 recusatum
1651 1954 1674 2016 i.
1700 1953 1744 2016 sd

275 2061 486 2117 terectorem.
528 2052 609 2117 Item
628 2071 694 2114 non
716 2061 824 2137 potest
842 2049 960 2136 uliquis
980 2050 1161 2116 intittdatus
1181 2053 1387 2117 universitati
1406 2061 1537 2116 nostrae
1559 2075 1599 2117 ac
1616 2055 1742 2118 iurata

316 2150 416 2215 alium
437 2150 635 2216 intitulatum
655 2149 785 2214 trahere
805 2152 840 2214 in
860 2149 1016 2215 indicium
1035 2151 1099 2214 nisi
1120 2160 1196 2214 ante
1216 2160 1374 2216 rectorem
1396 2151 1630 2216 universitatis.

452 2320 480 2380 9.
512 2333 560 2380 sn
583 2331 668 2392 qum
691 2331 901 2379 rannmrnn
922 2330 1075 2379 naononr
1096 2330 1285 2379 surrosms
1307 2317 1604 2380 unrvnnsrmms.²

397 2446 547 2513 Rectoris
568 2445 876 2528 convocacionibus,
905 2445 1118 2511 citecionibus
1145 2457 1177 2511 ct
1203 2446 1399 2511 iudiciomm
1421 2449 1594 2514 sentenciis
1615 2457 1647 2514 et
1670 2471 1743 2515 eon-

317 2545 460 2611 cordatis
481 2555 578 2631 atque
599 2544 763 2610 mandatis
785 2543 1039 2610 racionabilibus
1061 2545 1170 2609 omnia
1192 2546 1413 2612 universitatis
1429 2547 1575 2613 membra
1594 2555 1744 2612 tenentm

273 2643 461 2710 wobedire.
504 2643 549 2708 Et
571 2645 693 2728 siquis
715 2653 888 2729 gravatum
910 2666 945 2708 se
965 2645 1181 2728 reputaverit,
1203 2646 1425 2710 universitatis
1447 2644 1605 2711 auxilium
1628 2645 1740 2734 imple

314 2752 365 2808 ret
387 2764 486 2830 super
507 2742 573 2808 illo.
615 2743 697 2806 Item
720 2744 838 2807 citatus
861 2743 995 2825 iterato,
1019 2743 1047 2806 si
1070 2753 1243 2808 contumax
1264 2743 1376 2826 luerit,
1405 2743 1509 2811 solvet
1530 2768 1630 2810 unum
1650 2769 1742 2832 gros·

314 2865 405 2926 snm3
445 2844 472 2907 si
502 2843 622 2923 tercio,
651 2841 753 2906 solvet
781 2847 800 2907 2
827 2864 891 2926 gn,
920 2842 948 2905 si
978 2849 1093 2928 quarto
1121 2837 1206 2928 [8·],
1234 2842 1268 2904 in
1297 2842 1401 2907 tribus
1426 2845 1551 2928 grossis
1579 2847 1744 2931 puniatur.

312 2941 425 3006 Potest
446 2951 555 3006 tamen
576 2947 683 3004 rector
705 2939 881 3004 secundum
908 2939 1111 3026 exigenciam
1133 2961 1251 3004 causae
1272 2942 1306 3004 in
1329 2940 1542 3008 citacionibus
1563 2965 1663 3008 unum
1682 2953 1743 3008 ter·

313 3041 435 3104 minum
457 3039 711 3126 peremptorium
732 3060 793 3123 pro
813 3038 962 3103 omnibus
984 3037 1047 3102 illis
1070 3037 1237 3124 deputare.
1281 3038 1378 3118 Quod
1400 3042 1429 3104 si
1448 3063 1510 3106 nec
1531 3041 1639 3106 adbuc
1659 3065 1743 3107 oom-

272 3147 434 3224 25parere
455 3137 611 3218 voluerit,
633 3135 685 3200 vel
707 3137 901 3200 sententiam
922 3148 1038 3202 contra
1059 3159 1094 3200 se
1114 3137 1215 3201 latam
1237 3159 1370 3203 servare
1394 3141 1570 3226 spreverit,
1593 3139 1634 3206 de
1656 3163 1742 3206 com-

315 3237 404 3300 muni
427 3235 562 3301 consilio
584 3259 604 3300 a
625 3235 821 3300 leccionibus
843 3258 903 3321 per
925 3237 1170 3322 suspensionem
1190 3235 1355 3324 publicam
1379 3237 1564 3303 huiusmodi
1585 3239 1739 3304 excluda-

311 3347 374 3401 tur.
418 3334 515 3416 Quod
537 3337 563 3400 si
586 3355 646 3398 nec
667 3333 755 3398 illam
777 3356 917 3420 poenam
937 3336 1108 3416 curaverit,
1128 3334 1185 3399 sed
1200 3357 1260 3422 per
1277 3336 1472 3423 quindenam
1485 3339 1520 3401 in
1535 3340 1742 3403 contumacia

313 3457 372 3500 sua
399 3435 617 3521 permanserit
642 3432 832 3516 induratus,
861 3442 994 3516 extunc,
1021 3434 1119 3497 trium
1141 3433 1266 3498 dierum
1289 3438 1469 3501 monioione
1490 3437 1691 3522 praemissa,
1720 3459 1740 3502 a

312 3544 439 3598 rectore
459 3535 494 3597 in
516 3532 774 3618 congregacione
795 3532 1030 3614 universitatis,
1053 3530 1096 3594 ad
1117 3531 1178 3595 hoc
1199 3532 1296 3615 faeta,
1318 3533 1393 3598 talis
1415 3557 1436 3600 a
1455 3557 1593 3620 corpore
1613 3537 1743 3601 univer-

269 3634 419 3698 3⁰sitatis
446 3641 614 3718 tamqnam
641 3629 824 3694 membrum
851 3628 1016 3715 putridum
1045 3629 1261 3714 rescindatur,
1298 3641 1330 3696 et
1362 3631 1548 3699 inhibeatur
1580 3635 1743 3700 universis

317 3731 505 3818 suppositis,
526 3751 567 3792 ne
589 3750 661 3792 oum
682 3728 740 3792 tali
763 3727 1003 3812 quomodolibet
1019 3739 1249 3795 conversentur
1271 3730 1304 3794 in
1328 3731 1455 3796 actibus
1476 3731 1657 3798 scolasticis
1677 3743 1743 3799 tam

314 3829 455 3916 publicis
483 3850 579 3915 quam
608 3828 757 3912 privatis.
798 3825 909 3890 Debet
933 3837 1041 3891 tamen
1068 3835 1175 3892 rector
1202 3829 1236 3892 in
1261 3849 1361 3895 causa
1382 3831 1519 3896 multum
1541 3832 1648 3897 ardua
1667 3857 1741 3920 pro-

312 3928 429 3993 cedere
454 3927 489 3990 in
517 3926 638 3991 iudicio
659 3924 858 3990 consiliariis
880 3925 943 3990 sibi
964 3927 1189 3992 assistentibus
1211 3929 1390 3994 secundum
1410 3929 1643 3996 diffinicionem
1666 3954 1741 3998 con·

311 4026 375 4092 silii
396 4025 620 4090 universitatis
642 4024 735 4088 iuxta
756 4022 887 4088 modum
912 4025 1177 4113 infrascriptum
1198 4027 1232 4090 in
1253 4025 1317 4091 fine
1337 4028 1499 4094 undecimi
1520 4032 1643 4096 statuti.

268 4135 302 4192 35
394 4123 501 4190 Item³
527 4132 635 4187 rector
662 4131 790 4186 tenetur
817 4123 925 4187 facere
954 4123 1060 4188 modis
1082 4124 1200 4209 quibus
1222 4135 1343 4212 potest,
1372 4126 1459 4214 quod
1482 4151 1592 4194 omnes
1616 4151 1651 4194 se
1673 4125 1706 4217 [8
1714 4127 1741 4217 b]

311 4246 370 4313 pro
394 4221 598 4288 studentibus
619 4231 770 4306 gerentes
792 4228 824 4284 et
851 4243 961 4287 omnes
985 4222 1162 4290 familiares
1181 4247 1292 4290 eorum
1315 4247 1354 4290 ac
1374 4249 1486 4292 omnes
1509 4227 1652 4307 librarii,
1678 4239 1742 4294 sta·

311 4323 465 4403 cionarii,
495 4321 712 4409 pergamenii,
744 4322 936 4407 scriptores,
964 4321 1215 4406 illuminatores,
1243 4335 1460 4410 correctores,
1485 4349 1616 4392 rasores
1638 4337 1743 4394 carta-

311 4447 383 4490 rum
405 4433 438 4486 et
457 4419 615 4488 librorum
637 4419 794 4506 ligatores
815 4428 849 4484 et
869 4421 1044 4486 eorundem
1064 4422 1251 4488 venditores
1273 4433 1305 4489 et
1325 4447 1447 4508 omnes,
1468 4429 1525 4512 qui
1545 4429 1663 4492 vivunt
1683 4449 1743 4514 per

313 4524 558 4590 universitatem
587 4530 620 4584 et
648 4541 759 4585 eorum
781 4519 922 4586 scolares
929 4570 938 4604 ‚
968 4520 1090 4586 subditi
1112 4523 1177 4587 sint
1197 4525 1316 4589 rectori
1338 4534 1371 4589 et
1388 4526 1495 4590 iurent
1516 4525 1621 4592 eidem
1643 4537 1676 4592 et
1696 4529 1742 4592 in-

378 4779 388 4827 l
409 4771 463 4826 Am
482 4766 715 4834 enucleatae,
736 4764 807 4820 doch
824 4784 879 4822 von
897 4767 1026 4836 anderen,
1050 4785 1064 4821 s
1070 4771 1213 4838 pitterer
1229 4771 1326 4840 Hand,
1342 4773 1393 4827 wie
1411 4773 1466 4826 alle
1483 4772 1640 4844 folgenden.
1679 4773 1740 4829 Das

309 4854 391 4910 Wort
414 4855 452 4908 ist
474 4852 607 4908 meistens
632 4865 705 4920 ganz
729 4847 884 4919 abgektirzt
908 4851 1087 4922 gesehrieben
1106 4852 1190 4922 (les),
1212 4871 1243 4908 so
1265 4854 1329 4908 dass
1354 4855 1413 4912 sich
1437 4855 1515 4910 nicht
1532 4856 1646 4911 ersehen
1665 4857 1739 4924 must

309 4938 345 4993 ob
366 4939 474 5007 cyane
499 4937 569 4992 oder
593 4934 697 5002 ἱερείων
713 4933 834 5002 gemeint
852 4935 908 5002 sei,
932 4935 1000 4988 aber
1016 4951 1052 4988 an
1074 4939 1089 4989 2
1108 4935 1211 4991 Stellen
1229 4941 1322 5007 spiiter
1337 4938 1386 4993 bat
1403 4939 1523 4996 dieselbe
1541 4940 1626 4996 Hand
1645 4958 1740 5012 susge

308 5021 585 5162 wmdbdbrhldddde
602 5100 712 5170 legem.
880 5104 896 5155 3
913 5100 968 5154 Am
986 5099 1085 5156 Raude
1101 5119 1157 5156 noa
1172 5102 1287 5174 hyster„
