3762 6074
520 479 614 532 Finita
627 477 893 541 Statutcnrsdaction,
911 494 972 530 rom
983 479 1066 532 dabra
1081 477 1151 530 1507.
1493 473 1553 542 507

125 661 195 726 sine
215 662 445 748 magistrorum
468 665 676 750 gravamine,
702 665 736 728 in
758 662 871 728 melius
893 663 1092 728 reformetur.
1134 659 1178 726 Et
1198 659 1255 724 fiat
1276 656 1429 744 deinceps
1450 656 1548 722 infra-

125 765 248 850 scripto
269 762 375 828 modo.
430 762 576 844 Quilibet
606 765 838 850 magistrorum
850 811 859 844 ,
888 765 922 828 in
950 762 1063 828 ordine
1089 783 1147 826 suo
1175 758 1339 824 ordinarie
1366 757 1548 845 disputans,

121 885 226 928 novos
248 873 280 927 et
300 863 506 948 magistrales
529 862 751 950 quaestionum
779 861 890 926 titulos
910 863 1052 928 formare
1073 869 1229 938 teneatur,
1259 857 1454 944 posthabitis
1482 857 1547 922 illis

124 959 365 1026 conditionibus
388 963 478 1048 prius
498 963 628 1050 saepius
652 961 824 1046 disputatis
846 971 877 1026 et
899 963 1054 1048 repetitis.
1096 958 1204 1024 Debet
1225 959 1325 1042 igitur
1347 979 1412 1022 una
1433 956 1548 1043 dispu-

124 1061 248 1126 tatione
269 1083 352 1126 unus
374 1061 485 1126 titulus
515 1085 557 1127 ex
586 1071 655 1127 tota
682 1061 783 1124 veteri
814 1058 921 1146 logica
953 1058 1129 1126 secundum
1163 1058 1318 1143 placitum
1351 1055 1546 1142 disputantis
1574 1065 1590 1118 5

123 1159 292 1242 fabricari,
316 1160 477 1226 secundus
498 1184 539 1226 ex
561 1169 630 1226 tota
652 1158 860 1245 philosophia
886 1159 1010 1226 morali.
1055 1159 1209 1244 Sequenti
1235 1157 1453 1242 disputatione
1475 1165 1550 1242 post

124 1268 261 1324 octavas
281 1261 404 1346 primus
427 1260 537 1324 titulus
559 1261 621 1325 erit
642 1281 683 1323 ex
704 1267 854 1344 quattuor
873 1258 967 1324 libris
989 1260 1120 1324 maioris
1143 1255 1369 1344 philosophiae
1379 1253 1548 1335 naturalis,

120 1359 182 1424 hoc
203 1369 253 1424 est
274 1381 317 1424 ex
336 1358 429 1424 libris
451 1359 659 1446 phisieorum,
674 1357 947 1441 degeneratione,
967 1359 1008 1422 de
1027 1358 1118 1424 coelo
1140 1367 1172 1422 et
1193 1366 1417 1435 meteororum,
1434 1375 1546 1418 secun·

121 1458 183 1524 dus
205 1457 318 1522 titulus
341 1483 384 1524 cx
403 1458 497 1524 libris
524 1459 773 1524 mathematicae
795 1456 988 1522 Aristotelis.
1031 1458 1149 1522 Tereia
1176 1456 1393 1541 disputatione
1420 1454 1546 1540 primus

119 1557 234 1624 titulus
256 1560 319 1624 erit
339 1581 381 1624 ex
402 1581 489 1624 nova
510 1557 618 1644 logica
637 1555 838 1638 Aristotelis,
860 1556 1022 1622 secundus
1044 1581 1084 1622 ex
1113 1555 1205 1620 libris
1227 1555 1267 1620 de
1295 1555 1405 1620 anima
1428 1551 1480 1618 vel
1502 1561 1587 1616 exto

120 1659 235 1744 parvis
264 1657 478 1724 naturalibus.
523 1657 650 1738 Quarta
680 1655 899 1741 disputatione
926 1656 969 1721 ad
996 1667 1136 1722 veterem
1162 1656 1304 1742 logicam
1331 1662 1364 1718 et
1389 1650 1546 1718 moralem

123 1756 364 1844 philosophiam
396 1757 564 1839 redeatur,
598 1767 631 1820 et
662 1757 709 1820 sic
735 1755 898 1838 vicissim,
932 1769 967 1822 ut
1001 1758 1215 1842 praemissum
1245 1765 1310 1835 est,
1332 1753 1548 1818 continuetur.

119 1856 212 1922 Idem
228 1855 269 1922 de
291 1856 550 1944 sophismatibus
570 1854 740 1922 observari
762 1853 868 1936 debet,
891 1863 927 1919 ut
948 1855 1125 1921 secundum
1145 1853 1318 1940 logicalem
1338 1849 1547 1916 traditionem

119 1955 229 2020 debite
250 1957 445 2040 formentur,
468 1979 507 2022 ea
524 1953 684 2022 variando
708 1953 884 2018 secundum
913 1956 1130 2041 proprietates
1152 1953 1324 2039 logicales,
1351 1961 1386 2015 ut
1417 1951 1549 2034 ingenia

121 2056 276 2119 iuvenum
297 2056 331 2120 in
358 2055 466 2141 logica
487 2057 593 2142 magis
615 2065 713 2140 atque
734 2057 838 2140 magis
861 2064 1084 2117 exerceantur.
1126 2053 1210 2117 Item
1232 2052 1353 2138 siquis
1376 2050 1591 2134 magistro-15

118 2177 189 2218 rum
210 2154 461 2220 mathematicae
477 2155 633 2219 scientiae
651 2153 708 2216 diu
727 2175 860 2238 operam
879 2152 1006 2217 dederit
1024 2162 1056 2217 et
1078 2152 1243 2218 ordinarie
1265 2153 1299 2214 in
1321 2173 1361 2214 ea
1381 2149 1550 2235 disputare
1652 2201 1658 2214 .

118 2253 267 2335 voluerit,
289 2277 356 2320 non
378 2253 527 2320 obstante
548 2255 651 2341 priori
680 2251 883 2316 ordinatione
905 2251 1070 2318 titulorum
1091 2249 1350 2330 formandorum,
1372 2248 1415 2312 ad
1438 2247 1550 2334 dispu-

120 2352 256 2417 tandum
277 2354 311 2418 'm
332 2353 562 2418 mathematica
583 2375 640 2417 seu
660 2349 818 2416 consimili
839 2350 998 2417 laudabili
1019 2361 1106 2436 arte,
1127 2358 1163 2416 ut
1184 2361 1262 2437 puta
1285 2349 1462 2428 rethorica,
1486 2369 1551 2412 non

119 2452 219 2518 debet
242 2452 420 2540 prohiberi.

117 2615 548 2707 24.[Bl.42b]omn1rnn
575 2637 736 2686 necares
765 2637 804 2686 sn
833 2637 972 2686 masan
1002 2635 1141 2684 casaur
1171 2633 1272 2682 cruca
1303 2619 1593 2693 quansrsouuuto

568 2736 719 2784 urruaos
739 2737 806 2784 suu
827 2735 1107 2784 esnasaurauos.

201 2849 333 2934 Placet,
357 2851 443 2938 quod
466 2851 608 2918 decanus
631 2875 692 2939 pre
722 2862 868 2940 tempore
895 2853 1038 2916 existens
1062 2849 1234 2936 diligenter
1256 2845 1422 2912 attendere
1445 2841 1551 2923 debet,

115 2959 153 3014 ut
174 2949 262 3014 tituli
284 2951 525 3037 quaestionum,
547 2975 607 3039 pro
627 2963 773 3038 tempore
794 2949 1001 3036 disputandi,
1024 2959 1057 3014 et
1087 2949 1291 3036 sophismata
1319 2943 1550 3030 magistraliter

116 3061 149 3113 et
169 3047 422 3134 intelligibiliter
443 3073 463 3114 a
485 3051 728 3138 disputantibus
760 3052 925 3136 magistris
954 3047 1118 3113 ordinarie
1139 3050 1335 3126 formentur,
1365 3055 1397 3108 et
1418 3041 1547 3130 quaudo

116 3151 149 3214 ei
171 3150 282 3213 visum
306 3149 421 3230 fuerit,
451 3158 595 3238 tempore
623 3149 893 3236 praesentationis
917 3148 1093 3212 eorundem
1122 3148 1242 3234 poterit
1272 3169 1327 3210 ecs
1355 3142 1593 3228 approbare,25

116 3250 259 3312 reiicere
281 3270 338 3312 seu
365 3247 550 3335 reprobare.
593 3249 637 3312 Et
664 3258 700 3313 ut
726 3247 801 3311 talis
828 3247 908 3312 ordo
938 3249 971 3310 in
998 3247 1170 3311 recentiori
1198 3245 1355 3309 memoria
1381 3241 1550 3321 habeatur,

116 3347 219 3412 debet
239 3346 326 3412 idem
348 3346 490 3414 decanus
512 3371 571 3435 per
592 3349 745 3412 nuncium
770 3347 992 3412 universitatis
1020 3349 1161 3410 iuratum
1192 3344 1358 3430 magistris
1380 3341 1548 3429 disputan-

114 3445 206 3512 tibus
233 3445 343 3512 debito
371 3456 404 3510 et
435 3470 578 3534 congruo
612 3459 759 3534 tempore
790 3448 940 3512 intimare
974 3446 1143 3510 materiam
1173 3441 1424 3530 disputandam,
1455 3443 1548 3504 iuxta

116 3545 253 3612 modum
286 3558 575 3633 praeconceptum
609 3549 707 3612 etiam
740 3545 852 3610 titulos
884 3544 1065 3630 disputatos
1098 3566 1158 3630 per
1191 3562 1451 3628 unumquemque
1484 3561 1549 3604 ma-

116 3647 259 3730 gistrum
281 3644 324 3710 ad
346 3645 488 3731 speciale
508 3649 682 3732 registrum
704 3645 841 3710 fideliter
869 3645 1062 3729 consignare
1091 3643 1187 3708 debet
1213 3665 1284 3708 esse
1312 3638 1490 3724 obligatus,
1513 3647 1591 3704 uteo

117 3747 253 3826 sciatur,
274 3744 329 3829 qui
350 3744 436 3810 uuili
457 3747 563 3831 etqui
583 3767 648 3810 non
668 3746 794 3810 noviter
813 3745 932 3808 fuerint
954 3743 1120 3829 disputati.

181 3915 231 3976 25·
260 3927 324 3975 SUB
350 3927 608 3977 DISPUTATIONE
638 3929 828 3976 ounmama
856 3925 1108 3976 maternorum
1129 3925 1174 3972 ET
1196 3922 1492 3972 Baccanamouuu

262 4027 380 4076 NULLA
402 4028 519 4076 Danas
542 4029 635 4076 rrum
657 4026 805 4077 PUBLICA
827 4025 966 4091 an'rlo,
989 4025 1188 4074 susurrum
1211 4023 1281 4073 AU'f
1303 4023 1415 4072 herus

645 4126 745 4174 ALIUS
766 4125 1031 4174 senonasrlcua

207 4241 254 4306 Ut
274 4242 488 4330 promovendi
509 4247 543 4309 in
566 4243 692 4309 artibus
714 4244 818 4328 magis
845 4239 1019 4326 diligenter
1042 4263 1140 4327 quam
1162 4241 1328 4328 hucusque
1349 4240 1482 4305 valeant
1503 4241 1593 4306 in-se

116 4341 215 4428 gredi
239 4341 492 4428 disputationem
514 4345 715 4410 ordinariam
738 4342 968 4426 magistrorum
990 4349 1021 4402 et
1048 4338 1327 4423 baccalariorum,
1354 4363 1414 4405 nec
1445 4340 1552 4425 aliquo

119 4440 353 4528 impedimento
371 4443 578 4508 retrahantur
600 4443 642 4508 ab
665 4441 788 4522 eadem,
811 4441 907 4505 etiam
929 4461 971 4502 ne
991 4437 1161 4506 lectorium
1182 4441 1421 4506 ordinariarum
1444 4440 1553 4526 dispu-

116 4544 278 4608 tationum
301 4541 362 4607 sub
385 4542 447 4608 hac
468 4542 689 4630 disputatione
710 4563 849 4606 vacuum
878 4547 1038 4624 appareat
1066 4538 1102 4603 in
1132 4541 1351 4606 confusionem
1375 4539 1549 4620 facultatis,

117 4641 261 4728 placuit,
291 4641 377 4728 quod
405 4641 512 4706 nullus
540 4645 768 4727 magistrorum
796 4641 949 4724 deinceps
971 4635 1030 4701 sub
1050 4637 1274 4727 disputatione
1295 4640 1462 4706 ordinaria
1483 4646 1551 4702 tam

115 4741 352 4826 magistrorum
383 4763 481 4830 quam
510 4740 770 4806 baccalariorum
798 4737 927 4825 publice
957 4735 1048 4822 legat
1076 4749 1134 4804 aut
1157 4743 1255 4806 etiam
1276 4743 1343 4806 suis
1365 4742 1399 4804 in
1419 4736 1594 4825 publicoto

116 4844 187 4906 sive
211 4841 343 4927 privato
364 4851 517 4924 resumat,
540 4840 600 4906 sub
623 4838 733 4904 debito
755 4837 969 4919 obedientiae,
992 4858 1090 4922 quam
1114 4840 1236 4906 decano
1258 4840 1388 4904 iuravit.
1428 4835 1550 4901 Debet-

115 4964 179 5029 que
202 4939 341 5027 quilibet
360 4941 526 5026 magister,
548 4938 672 5003 habens
692 4936 880 5002 domicellos
902 4959 959 5000 seu
981 4935 1169 5024 discipulos,
1192 4941 1251 5006 sub
1274 4961 1331 5004 suo
1353 4937 1549 5003 im·amcnto¹

202 5159 215 5210 l
234 5153 290 5210 am
306 5153 416 5212 Rauda:
436 5155 583 5230 Ollipocio
600 5155 749 5211 taumate·
761 5155 872 5210 abac
890 5155 997 5210 decreto
1006 5155 1163 5232 facultatis
1188 5161 1260 5214 1520.
