3758 6072
496 531 580 584 Drttte
598 532 863 597 Sntutenrsdscttom
882 551 934 588 son
957 534 1147 590 “lib-1490.
1465 534 1527 614 387

226 755 256 815 ‘i-
278 763 325 812 DE
348 765 552 813 murmuro
573 765 851 814 numerosum
871 768 916 814 ΕΤ
938 765 1029 828 Quos
1051 765 1227 814 FAOUL'I'AS
1249 767 1409 816 aarum

678 865 808 914 Dromos
829 865 957 915 GRADU.

182 977 267 1044 Item
299 977 540 1046 examinatores
572 1002 631 1066 per
662 990 780 1046 sortem
811 979 921 1064 electi,
953 1003 1013 1069 per
1041 980 1198 1046 decanum
1226 983 1389 1069 requisiti,
1421 984 1530 1073 iurare
1607 981 1612 990 '

100 1087 252 1145 tenentur
273 1074 473 1166 subscripta:
514 1079 608 1166 „Ego
631 1079 677 1146 .N.
699 1080 780 1163 iuro,
811 1080 898 1167 quod
917 1103 1001 1145 nunc
1021 1089 1054 1146 et
1073 1081 1107 1146 in
1129 1089 1224 1145 antea
1246 1090 1279 1145 et
1299 1084 1529 1168 quocienscun-

101 1199 164 1266 que
194 1177 229 1240 in
244 1176 412 1252 vdecanum
441 1187 497 1244 aut
526 1182 780 1246 examinatorem
808 1178 1114 1266 promovendorum,
1142 1189 1208 1244 tam
1236 1180 1279 1245 ad
1304 1183 1529 1268 magisterium
1555 1193 1572 1248 5

101 1298 198 1365 quam
227 1275 272 1340 ad
299 1274 564 1362 baccalariatum,
593 1277 712 1345 electus
741 1279 842 1364 fuero,
872 1279 1042 1344 admittere
1068 1278 1166 1344 velim
1197 1279 1386 1367 simpliciter
1414 1281 1531 1368 dignos

100 1387 133 1440 et
153 1376 278 1440 reicere
297 1375 467 1462 indignos3
489 1378 537 1442 sic
561 1401 612 1443 me
634 1377 712 1443 deus
736 1377 869 1443 adiuvet
890 1389 922 1444 et
943 1387 1056 1444 sancta
1077 1375 1129 1442 dei
1150 1379 1358 1466 evangelia.“
1394 1379 1439 1445 Et
1459 1379 1531 1446 illos

100 1485 233 1562 reputat
253 1473 393 1542 facultas
414 1474 573 1562 gradibus
594 1476 720 1564 dignos,
741 1476 857 1566 quibus
878 1500 944 1543 non
965 1477 1068 1543 solum
1089 1475 1256 1543 literarum
1272 1480 1407 1544 scientia
1419 1502 1532 1546 verum

100 1575 203 1638 eciam
232 1575 320 1639 vitae
352 1576 501 1640 meritum
530 1577 737 1662 suffragatur.
778 1577 819 1642 In
850 1577 998 1642 scienciis
1028 1586 1135 1642 autem
1166 1577 1224 1644 hos
1254 1589 1384 1665 reputat
1416 1577 1531 1668 dignos

101 1672 338 1758 hamalarium,
368 1676 423 1762 qui
445 1672 528 1742 bene
556 1697 591 1740 se
618 1675 741 1743 habeut
755 1677 803 1742 .in
831 1677 1022 1766 gramatiqa,
1050 1677 1085 1741 in
1105 1679 1218 1764 parvis
1244 1676 1426 1762 loyealibus
1447 1689 1479 1744 et
1498 1682 1574 1755 into

104 1775 208 1838 veteri
230 1783 318 1854 arte,
347 1775 433 1838 etin
455 1773 528 1838 aliis
551 1784 778 1862 competenter.
819 1771 1010 1861 Magisterio
1031 1787 1140 1840 autem
1161 1773 1278 1862 dignos
1304 1787 1450 1865 reputat,
1478 1779 1534 1866 qui

107 1871 191 1936 bene
204 1893 239 1935 se
251 1870 373 1938 babent
383 1874 417 1937 in
429 1875 531 1938 veteri
544 1883 623 1957 arte,
644 1875 775 1939 innova
793 1873 899 1962 loyca,
921 1875 956 1938 in
967 1873 1334 1961 pbilosophianaturali,
1355 1886 1388 1941 et
1407 1877 1442 1942 in
1461 1877 1533 1944 aliis

108 1979 341 2057 competenter.
362 1970 417 2036 m
438 1971 499 2036 sub
520 1972 634 2038 eodem
656 1975 845 2056 iuramento,
867 1995 927 2060 per
947 1973 1103 2040 decanum
1124 1976 1159 2038 in
1180 1976 1315 2061 propria
1334 1976 1438 2042 forma
1458 2000 1533 2065 pro·

105 2069 269 2158 ponendo,
299 2068 435 2157 quilibet
461 2075 719 2139 examinatorum
745 2082 891 2160 tempore
919 2095 997 2138 suae
1024 2071 1189 2141 electionis
1217 2075 1251 2138 in
1279 2077 1534 2142 examinatorem

103 2171 229 2236 decano
251 2172 442 2257 promittere
462 2180 610 2236 teneatur
630 2173 843 2260 praescripta
884 2203 889 2214 ·
1543 2186 1575 2240 15

579 2343 580 2346 ’
604 2343 632 2403 5.
654 2356 701 2404 ne
721 2356 877 2406 anunm
899 2354 1032 2404 norun.

184 2471 267 2536 Item
290 2493 356 2536 non
383 2469 544 2556 eligantur
573 2473 813 2536 examinatores
841 2469 1134 2537 examinandorum
1162 2470 1226 2536 nisi
1255 2482 1329 2558 post
1352 2473 1535 2560 inscriptio·

100 2593 175 2636 nem
199 2569 385 2636 eorundem.
427 2567 471 2633 Et
493 2579 568 2634 ante
589 2571 791 2656 apertionem
812 2571 972 2636 examinis
997 2569 1049 2634 vel
1077 2571 1298 2655 temptaminis
1323 2573 1359 2636 in
1386 2574 1536 2638 examine

103 2693 233 2736 morum
255 2669 391 2756 quilibet
412 2671 568 2755 magister
591 2665 654 2756 [gs]
678 2667 719 2734 de
741 2669 874 2735 oonsilio
895 2667 1059 2734 insultetis
1087 2691 1147 2756 per
1175 2667 1332 2734 decanum
1360 2673 1535 2760 requisitus

103 2779 232 2836 tenetur
252 2790 389 2834 exessus
408 2767 568 2834 notabiles
589 2778 620 2832 et
641 2769 891 2834 insufficiencias
913 2768 1216 2854 promovendorum,
1241 2769 1268 2834 si
1291 2769 1354 2836 sibi
1375 2780 1578 2856 constantw

102 2869 162 2936 sub
197 2891 256 2934 suo
277 2871 458 2933 iuramento
467 2871 485 2951 ¹,
509 2869 580 2956 qui²
607 2871 641 2934 iu
669 2869 888 2933 confusionem
916 2866 1079 2932 facultatis
1107 2889 1244 2954 vergere
1273 2879 1421 2955 possent,
1449 2871 1536 2958 quod

100 2969 253 3056 magistri
274 2976 462 3054 praesentes
485 2967 591 3037 celare
618 2976 767 3034 tenentur
788 2966 965 3032 seeundum
986 2966 1177 3054 mandatum
1193 2967 1362 3056 incedam
1384 2972 1536 3036 examine

104 3091 194 3143 mox¹
208 3089 268 3154 per
290 3065 449 3135 decanum
470 3066 619 3134 omnibus
642 3066 883 3154 iniungendum.

412 3239 441 3300 6.
469 3249 516 3298 na
537 3249 871 3298 asconuuunsroan
895 3247 1228 3296 use1srasrnosuu.

184 3367 270 3434 Item
300 3365 405 3432 nullus
432 3368 661 3451 magistrorum
686 3366 721 3430 in
747 3365 1002 3430 examinatorem
1032 3364 1322 3431 examinandorum
1347 3365 1381 3428 in
1409 3364 1576 3432 artibustt

101 3465 177 3551 eligi
208 3463 321 3548 debet,
355 3467 418 3540 nisi
448 3463 523 3530 telis
553 3466 595 3528 sit
624 3465 665 3530 dc
695 3463 828 3530 consilio
856 3461 1020 3528 facultatis
1046 3472 1079 3530 et
1104 3475 1178 3528 actu
1204 3487 1321 3551 regens
1349 3464 1383 3528 in
1411 3464 1535 3532 cadem.

107 3566 220 3654 Neque
252 3564 468 3650 magistrandi
489 3565 522 3628 in
546 3562 876 3630 recommendatorem
897 3583 1010 3628 eorum
1030 3561 1169 3650 aliquem
1192 3563 1289 3630 ulium
1315 3585 1412 3652 quam
1433 3575 1535 3631 recto·

105 3689 174 3730 rem
197 3665 421 3730 universitatis
443 3663 563 3750 eligere
585 3661 713 3746 debent,
736 3663 881 3727 siluerit
902 3660 943 3726 de
965 3662 1098 3728 oonsilio
1117 3662 1297 3747 facultatis;
1322 3665 1350 3729 si
1371 3686 1450 3729 vero
1471 3688 1535 3731 nou

104 3765 203 3830 fuerit
224 3761 266 3828 de
287 3763 421 3828 consilio
443 3761 619 3840 facultatis,
637 3772 715 3828 tunc
734 3761 858 3849 eligant
878 3761 1039 3828 decanum
1058 3761 1222 3832 facultatis
1245 3762 1399 3832 eiusdem.

273 3937 302 3998 7.
327 3947 374 3995 nn
396 3946 496 3996 nono
520 3945 739 3997 snmrrurm
760 3943 983 3994 exsumsros
1004 3946 1072 3994 rna
1093 3947 1370 3999 sxanmsronus.
1545 3941 1579 3998 ³0

184 4063 269 4131 Item
284 4065 525 4129 examinatores
547 4061 721 4128 admittant
741 4063 944 4126 examinatos
963 4086 1024 4150 pro
1044 4062 1151 4150 godo
1164 4063 1403 4129 baccalariatus
1426 4085 1537 4130 seeun-

106 4162 181 4228 dum
204 4161 293 4228 hunc
313 4162 461 4228 modum:
489 4161 651 4243 videlicet,
674 4161 854 4248 praemissa
877 4161 1047 4228 collatione
1069 4162 1109 4228 de
1130 4164 1388 4232 circumstanciis
1409 4170 1442 4229 et
1463 4184 1537 4230 con-

109 4261 294 4330 dicionibus
315 4271 382 4326 tam
405 4285 467 4350 quo
490 4259 534 4326 ad
561 4283 668 4327 mores
698 4283 793 4350 quam
821 4283 885 4348 quo
908 4260 951 4326 ad
979 4262 1137 4328 scienciae
1159 4285 1373 4349 personarum
1400 4273 1432 4330 et
1452 4265 1539 4330 vitae

107 4365 267 4447 meritum,
291 4360 428 4450 quilibet
449 4361 708 4426 examinatorum
726 4359 846 4426 habeat
864 4362 938 4448 pisa
960 4371 992 4426 et
1012 4359 1151 4449 lapillos,
1176 4372 1403 4452 ponanturque
1423 4365 1538 4430 mitrae

110 4460 405 4550 promovendorum
426 4459 604 4526 secundum
627 4459 773 4526 ordinem
794 4461 950 4548 ipsorum,
978 4460 1107 4526 traditis
1135 4470 1243 4527 tamen
1270 4465 1361 4550 prius
1389 4464 1423 4528 in
1449 4463 1579 4551 prin-as

107 4565 193 4652 cipio
220 4561 381 4627 examinis
403 4558 536 4625 cuilibet
563 4561 779 4626 examinatori
804 4558 989 4626 nominibus
1012 4559 1219 4648 singulorum
1246 4561 1537 4628 examinandorum

108 4671 139 4726 et
163 4659 430 4750 temptandorum
451 4682 510 4746 per
531 4658 689 4724 decanum
708 4658 881 4725 facultatis.
903 4659 957 4724 Ad
980 4683 1062 4747 quas
1082 4660 1225 4726 decanus
1246 4671 1279 4727 et
1299 4663 1536 4728 examinatores

109 4761 304 4844 transibunt,
327 4771 359 4826 ct
378 4758 492 4824 voleus
514 4758 655 4844 aliquem
676 4759 847 4825 admittere
868 4770 968 4846 ponat
990 4760 1060 4824 sine
1081 4757 1155 4825 dolo
1176 4770 1208 4826 ct
1228 4759 1343 4826 fraude
1364 4761 1471 4848 pisum
1492 4758 1536 4825 ad

111 4863 241 4928 mitram
269 4861 384 4948 ipsius,
405 4857 518 4926 volens
539 4869 646 4925 autem
672 4860 795 4925 reicere
815 4869 914 4946 ponat
935 4859 1047 4926 codem
1069 4859 1165 4926 modo
1185 4859 1341 4947 lapillum
1382 4857 1458 4942 Qua
1477 4857 1535 4923 im-

192 5133 203 5183 1
224 5125 296 5182 mer
312 5123 383 5180 seur
399 5081 545 5180 on‘wm
562 5123 612 5180 we
628 5123 818 5179 eamean.

190 5217 206 5269 2
225 5209 263 5268 Sc
282 5207 355 5266 steht
375 5207 561 5282 geschricbcn.
