3762 6074
362 497 423 558 450
856 489 906 542 Die
924 489 1144 558 philosophisclre
1165 493 1294 544 Facultllt.

363 671 543 756 natoribus,
565 695 605 737 ne
626 670 867 758 magistrandos
888 674 922 736 in
943 671 1005 738 hoc
1027 673 1166 760 prandio
1188 675 1222 737 in
1244 669 1379 736 emendo
1392 671 1470 736 vina
1491 673 1643 760 preciosa
1662 673 1789 736 nimium

361 781 508 856 gravent,
530 795 627 858 super
648 794 711 856 quo
734 773 835 835 eciam
868 773 1012 837 seniores
1039 773 1214 856 facultatis,
1246 793 1355 857 ymmo
1382 779 1450 834 tota
1478 771 1630 852 facultas,
1659 771 1688 835 si
1714 792 1789 857 opus

363 872 470 953 fuerit,
492 873 587 936 iuxta
608 870 844 935 discrecionem
865 871 1033 938 intendere
1056 871 1184 938 debent.
1229 869 1375 958 Sequens
1403 880 1511 934 autem
1532 869 1711 957 prandium
1731 892 1789 933 non
1874 917 1875 920 ,

362 985 520 1056 aequetur
543 969 719 1056 principali
740 971 773 1032 in
794 970 925 1036 ferculis
950 981 981 1036 et
1002 972 1154 1057 potagiis,
1185 969 1255 1036 sed.
1271 967 1465 1055 expediatur
1492 970 1564 1034 sine
1583 970 1713 1053 magnis
1738 991 1789 1032 ex·
1874 1013 1875 1054 Τ

319 1079 335 1132 5
364 1068 484 1154 pensis,
510 1072 557 1132 ita
586 1069 672 1155 quod
700 1079 777 1133 tunc
806 1067 925 1134 dentur
948 1083 1087 1158 quatuor
1114 1068 1248 1152 fercula,
1278 1067 1454 1154 pulmento,
1482 1089 1579 1134 caseo
1608 1077 1640 1132 et
1667 1069 1790 1154 pistatis
1874 1077 1875 1154 ξ

362 1168 511 1256 demptis.
533 1168 620 1232 Vina
639 1177 749 1232 autem
773 1170 922 1254 preciosa
943 1192 1007 1234 non
1029 1170 1250 1234 ministrentur
1271 1168 1334 1230 nisi
1357 1165 1400 1230 ad
1421 1168 1632 1232 intincturam
1655 1175 1687 1230 et
1707 1188 1789 1230 assa·
1874 1155 1875 1236 ?

361 1279 479 1350 turam,
501 1271 529 1332 si
551 1266 759 1353 praecedenti
780 1266 833 1331 die
854 1269 888 1332 in
907 1267 1037 1334 residuo
1060 1275 1256 1349 manserunt,
1285 1265 1344 1360 ⁸‘id
1365 1265 1431 1332 alia
1453 1266 1588 1352 potagia
1609 1264 1655 1330 ad
1674 1275 1790 1346 nutrrm,
1874 1271 1875 1286 *

359 1379 395 1432 ut
415 1367 591 1432 necessitas
615 1367 733 1450 exigit,
762 1389 859 1452 super
885 1389 949 1454 quo
975 1368 1092 1432 iterum
1114 1367 1256 1432 decanus
1278 1374 1310 1430 et
1332 1367 1474 1430 seniores
1501 1363 1670 1430 facultatis
1692 1367 1789 1428 inten-

363 1465 440 1530 dere
462 1464 614 1530 habeant.
659 1465 695 1530 Si
716 1486 795 1529 vero
817 1467 965 1550 paucitas
986 1464 1282 1550 magistrandorum
1306 1463 1414 1551 aliquo
1435 1473 1583 1550 tempore
1610 1465 1711 1546 foret,
1738 1487 1789 1528 ex·

322 1575 441 1631 totunc
463 1564 602 1630 facudtas
624 1587 687 1630 uno
706 1564 844 1651 prandio
868 1563 964 1630 debet
984 1587 1054 1630 esse
1078 1573 1238 1646 contenta,
1266 1584 1308 1627 ne
1329 1564 1463 1626 nimium
1484 1565 1519 1628 in
1540 1565 1698 1649 expensis
1719 1573 1791 1626 tum

360 1663 577 1748 magistrandi
609 1674 796 1748 graventur.
840 1663 968 1729 Placuit
996 1663 1113 1746 eciam,
1142 1661 1229 1747 quod
1257 1662 1391 1726 tercium
1421 1661 1614 1748 prandium,
1646 1661 1730 1748 quod
1757 1661 1791 1724 fit

360 1762 586 1849 principaliter
607 1784 667 1849 pro
687 1762 807 1828 solacio
828 1765 1086 1828 examinatorum
1108 1770 1139 1826 et
1158 1783 1317 1826 novorum
1337 1763 1372 1824 in
1392 1761 1518 1826 artibus
1536 1759 1789 1840 licenciatorum,

361 1860 519 1927 habeatur
540 1863 575 1926 in
595 1861 731 1926 meridie
753 1872 785 1927 et
806 1883 1011 1949 nequaquam
1033 1883 1148 1924 versus
1169 1869 1308 1942 noctem,
1329 1882 1370 1924 ne
1391 1858 1589 1925 insolenciae
1611 1871 1645 1926 et
1667 1860 1790 1926 exorbi-

360 1963 488 2026 tanciae
521 1960 579 2046 (ad
608 1983 689 2048 quas
718 1983 785 2026 nox
813 1971 891 2048 apta
920 1959 983 2040 est)
1011 1961 1095 2024 inter
1124 1959 1307 2024 licentiatos
1336 1957 1465 2047 aliaque
1494 1961 1684 2047 supposita,
1712 1961 1790 2024 sicut

322 2071 353 2126 u
363 2063 454 2148 prius
478 2062 599 2142 evenit,
621 2062 777 2125 oriantur.

445 2233 491 2293 16.
522 2243 619 2303 ouon
643 2241 807 2290 rauroau
836 2242 959 2290 moron
978 2241 1257 2290 sxmruaroauu
1278 2243 1465 2292 marrus
1485 2243 1711 2292 consessuri

974 2339 1178 2388 convrvruu.

444 2456 566 2539 Placet,
595 2457 682 2545 quod
709 2467 855 2542 tempore
876 2455 987 2519 iudicii
1010 2465 1240 2542 temptatorum
1267 2480 1324 2522 seu
1347 2457 1618 2540 examinatorum,
1641 2467 1708 2524 tam
1729 2481 1786 2544 pro

360 2555 466 2640 gradu
500 2557 681 2640 magisterii
713 2577 808 2640 quam
837 2553 1092 2638 baccalariatus,
1124 2557 1266 2622 decanus
1298 2579 1371 2621 cum
1404 2557 1470 2622 suis
1501 2556 1788 2638 examinatoribus,

318 2653 510 2720 20similiter
538 2654 840 2734 vicecancellarius,
871 2653 1012 2718 habeant
1044 2655 1244 2720 moderatum
1273 2658 1472 2738 convivium,
1504 2657 1589 2722 sicut
1618 2659 1789 2722 maumetis

360 2753 561 2840 temporibus
582 2763 614 2818 et
635 2752 796 2838 longaeva
817 2753 1048 2818 consuetudine
1074 2765 1122 2818 est
1143 2754 1361 2837 observatum,
1390 2757 1437 2820 ita
1458 2767 1568 2822 tamen
1589 2756 1679 2840 quod
1700 2755 1790 2820 deca-

360 2876 422 2916 nus
442 2853 493 2918 vel
516 2851 803 2918 vicecancellarius
825 2850 905 2916 illud
926 2852 1080 2939 expediat
1101 2852 1310 2940 paucioribus
1332 2854 1495 2941 expensis,
1523 2853 1644 2942 quibus
1665 2857 1790 2942 poterit,

360 2974 400 3016 nc
430 2954 566 3016 nimium
597 2953 835 3016 examinatores
867 2973 926 3036 per
953 2951 1138 3018 huiusmodi
1167 2953 1297 3040 prandii
1330 2967 1477 3039 sumptus
1508 2956 1542 3018 in
1570 2954 1789 3020 defalcacione

359 3051 518 3116 mercedis
541 3051 688 3116 laborum
709 3073 840 3116 suorum
862 3061 1050 3136 graventur,
1070 3053 1134 3118 nisi
1154 3054 1302 3140 paucitas
1324 3052 1623 3136 promovendorum
1639 3053 1789 3120 obstaret

315 3240 350 3298 25
437 3241 483 3300 17.
507 3252 553 3298 nn
576 3251 876 3298 couusunavrorva
898 3249 1221 3300 mersrsmnoauu
1241 3251 1294 3298 ars
1316 3253 1511 3300 mrmnnns
1532 3253 1602 3302 rna
1622 3253 1714 3302 vres-

805 3349 1072 3398 csucnnnamun
1095 3351 1159 3400 sua
1180 3351 1346 3400 salumn.

439 3465 658 3550 Magistrandi
697 3465 729 3528 in
769 3463 1063 3530 commendatorem
1103 3487 1213 3532 eorum
1251 3491 1316 3533 non
1355 3465 1475 3532 debent
1512 3465 1657 3554 aliquem
1693 3466 1795 3532 alium

359 3560 443 3650 [tlt]
476 3587 573 3652 quam
604 3573 761 3628 rectorem
789 3563 1013 3628 universitatis
1044 3564 1179 3650 eligere,
1213 3567 1241 3630 si
1270 3566 1366 3632 fuerit
1394 3566 1435 3632 de
1462 3565 1601 3632 consilio
1629 3565 1792 3632 facultatis

361 3665 500 3746 arcium,
530 3665 556 3727 si
579 3685 658 3726 vero
679 3683 744 3725 non
765 3661 863 3725 fuerit
883 3663 923 3727 de
949 3661 1062 3728 eodem
1089 3663 1235 3747 consilio,
1263 3675 1339 3732 tunc
1359 3665 1482 3751 eligant
1508 3664 1669 3732 decamm
1694 3665 1793 3730 facul-

317 3765 437 3828 30tutis
461 3761 614 3826 eiusdem.
658 3760 703 3825 Et
724 3761 812 3825 facta
834 3762 1119 3828 commendacione
1142 3763 1194 3828 vel
1221 3764 1318 3850 paulo
1347 3776 1431 3847 ante,
1459 3765 1635 3852 propinam
1660 3787 1791 3830 consue·

359 3874 436 3942 tam,
464 3871 499 3924 ut
521 3883 620 3924 unam
642 3882 758 3924 novam
788 3881 997 3944 sexagenum,
1028 3849 1174 3938 mediam
1199 3885 1332 3950 scopam
1353 3887 1471 3930 novam
1501 3886 1576 3928 cum
1600 3867 1677 3931 vino
1703 3863 1790 3928 dulci

358 3971 389 4025 et
411 3959 484 4024 aliis
506 3959 696 4045 poculentis,
718 3961 810 4023 iuxta
833 3960 1102 4026 consuetudinem
1124 3984 1182 4027 suo
1204 3962 1458 4029 commendatori
1480 3961 1630 4029 hilariter
1652 3964 1789 4030 offerant

357 4069 388 4123 et
410 4058 622 4145 persolvant¹

410 4231 456 4291 18.
478 4239 715 4290 moraremur
735 4241 808 4289 nou
829 4241 969 4290 nnnnnr
992 4243 1031 4290 sn
1052 4244 1254 4294 sessuram:
1277 4244 1440 4293 rannone
1462 4245 1743 4296 mcaucnruaan

312 4335 345 4390 ³5
820 4342 842 4388 a
864 4341 1163 4392 courmnoscroua
1186 4345 1316 4392 aonuu.

440 4455 659 4540 Magistrandi
688 4463 764 4542 post
790 4455 960 4520 licenciam
988 4457 1035 4521 eis
1057 4457 1167 4524 datum
1195 4461 1229 4524 in
1250 4460 1375 4526 artibus
1401 4483 1460 4548 per
1486 4461 1793 4528 vicecancellarium

355 4580 419 4621 non
450 4555 569 4619 debent
596 4580 630 4619 se
660 4555 803 4620 totaliter
833 4555 1006 4620 absentare
1036 4579 1056 4622 a
1085 4559 1371 4626 commendacione
1399 4583 1521 4642 eorum,
1551 4561 1617 4624 nisi
1645 4561 1793 4626 raciona-

355 4657 453 4722 bilem
476 4655 650 4720 habuerint
670 4677 814 4737 causam,
837 4677 933 4741 quam
956 4655 1104 4720 fscrdtati
1126 4667 1271 4746 tempore
1291 4659 1423 4747 petendi
1444 4659 1592 4724 favorem
1613 4659 1791 4746 incipiendi

353 4765 547 4843 proponant.
593 4753 636 4818 Et
666 4755 728 4820 hoc
755 4756 863 4840 ipsum
890 4754 1180 4824 vicecancellarius
1208 4758 1260 4823 vel
1289 4758 1430 4826 decanus
1459 4769 1610 4846 tempore
1637 4757 1792 4826 distribu-

312 4867 346 4921 to
356 4857 457 4921 cionis
481 4853 661 4919 officiorum
684 4877 794 4918 eorum
816 4854 967 4918 intimare
987 4853 1084 4919 debet
1099 4866 1131 4920 et
1145 4866 1282 4940 tenetur,
1302 4881 1342 4922 ne
1357 4881 1415 4944 per
1428 4859 1655 4944 ignorauciam
1669 4881 1791 4939 eorum,

353 4957 436 5020 sieut
457 4976 555 5040 saepe
575 4951 707 5036 accidit,
729 4955 926 5018 contrarium
950 4953 1057 5020 facere
1078 4965 1277 5044 attemptent

431 5158 442 5210 l
462 5153 517 5209 Am
534 5152 646 5208 Raude:
674 5151 754 5206 Illud
764 5169 819 5224 per
831 5155 989 5226 princpes
1005 5155 1183 5212 medantam.
