3788 6078
670 559 720 610 Die
744 559 854 609 tltesten
873 557 999 610 Statuten.
1488 565 1548 630 565

128 739 304 823 firmatum,
346 741 432 829 quod
467 742 501 805 in
534 748 631 805 antea
664 741 780 807 hrturis
818 741 984 830 perpetuis
1010 741 1210 830 temporibus
1239 743 1318 810 nulli
1342 744 1434 810 locus
1463 747 1548 814 ultra

128 864 226 906 unum
248 839 419 908 dumtaxat
440 863 560 906 annum
579 851 762 906 reservetur
777 843 794 906 ¹.
837 842 911 907 Hoc
932 843 1041 906 enim²
1062 850 1217 908 statutum
1239 844 1375 930 singulis
1398 848 1491 912 annis
1514 849 1550 912 in

130 941 274 1026 generali
296 943 533 1007 convocacione
553 939 812 1006 bacealariorum
834 940 1026 1026 theologiae,
1048 944 1135 1007 circa
1148 943 1265 1007 festum
1277 943 1411 1009 Martini
1434 942 1477 1032 (d.
1503 955 1549 1014 11.

129 1038 307 1128 November)
330 1040 399 1106 fieri
421 1051 583 1122 consueta,
605 1039 766 1127 publicari
789 1051 912 1105 etcum
934 1040 1007 1106 aliis
1028 1043 1157 1107 statutis
1177 1041 1242 1128 legi
1264 1042 1390 1108 debeat.
1424 1044 1468 1108 Et
1489 1069 1548 1133 per

130 1149 284 1204 statutum
304 1138 393 1204 istud
412 1139 561 1228 quilibet,
591 1141 642 1205 cui
662 1139 752 1206 locus
775 1150 825 1205 est
846 1148 1030 1206 reservatus
1063 1139 1106 1205 ad
1133 1164 1267 1224 annum,
1292 1139 1377 1230 [26⁵]
1401 1145 1545 1209 avisatus
1571 1155 1587 1210 5

130 1241 261 1321 existat,
283 1239 381 1327 quod,
405 1243 432 1305 si
453 1240 540 1304 faeta
566 1263 626 1304 sua
646 1241 731 1304 infra
756 1261 875 1304 annum
898 1262 960 1327 quo
985 1240 1027 1304 ad
1047 1262 1195 1322 cursum,
1227 1243 1407 1308 sentencias
1431 1255 1463 1309 et
1483 1243 1549 1310 bir-

129 1341 189 1404 reti
210 1340 433 1425 recepcionem
455 1340 548 1404 iuxta
569 1339 808 1404 ordinacionem
832 1349 1022 1403 statutorum
1044 1363 1108 1404 non
1130 1339 1252 1422 fecerit,
1275 1343 1345 1427 ipso
1369 1343 1455 1407 factu
1478 1343 1549 1408 loco

130 1461 186 1504 suo
209 1441 252 1503 sit
274 1439 431 1526 privatus.
474 1437 519 1502 Et
538 1437 600 1502 hoc
621 1447 773 1502 statutum
796 1437 838 1503 ab
861 1437 1009 1504 omnibus
1032 1438 1218 1505 doctoribus
1239 1439 1419 1526 theologiae
1446 1444 1548 1509 invio·

129 1537 273 1604 labiliter
294 1536 462 1604 observari
485 1547 517 1602 et
537 1537 738 1602 manuteneri
760 1545 791 1601 et
812 1537 899 1602 nullo
920 1538 1035 1621 modo,
1078 1561 1141 1602 uno
1171 1541 1272 1603 eciam
1296 1540 1545 1623 contradicente,

129 1637 273 1704 relaxari
295 1636 430 1719 debeat3
453 1638 534 1700 etsi
556 1637 644 1724 quis,
667 1659 701 1701 se
728 1634 799 1700 aliis
829 1638 1041 1723 opponendo,
1075 1635 1156 1702 illud
1185 1649 1338 1704 statutum
1367 1641 1542 1726 infringere
1558 1650 1589 1705 to

130 1747 324 1826 attemptare
364 1737 635 1824 praesumpserit,
676 1735 772 1802 debet
811 1758 870 1823 per
911 1736 1098 1802 facultatem
1131 1737 1343 1820 theologicam
1377 1738 1550 1804 arbitraris

129 1861 248 1926 punrrr.

212 2043 261 2104 50.
282 2036 378 2100 Anno
398 2035 519 2101 domini
544 2041 621 2103 1495
646 2034 698 2100 die
716 2035 823 2100 Brixii
844 2035 1038 2102 confessoris
1057 2041 1103 2115 (d.
1127 2041 1174 2102 13.
1197 2037 1373 2125 November)
1398 2039 1432 2103 in
1453 2038 1550 2126 plena

130 2138 388 2222 congregacione
410 2137 642 2221 magistrorum
663 2133 862 2220 theologicae
881 2135 1045 2200 facultatis
1067 2134 1111 2200 ad
1132 2134 1302 2200 evitandas
1322 2136 1550 2224 displicencias

130 2247 228 2322 atque
256 2234 446 2301 concordias
478 2233 644 2320 augendas
680 2233 883 2300 concorditer
920 2234 1105 2300 conclusum
1138 2235 1213 2316 fuit,
1256 2234 1341 2322 quod
1374 2239 1408 2301 in
1442 2245 1592 2317 antee,15

130 2334 388 2424 quandocunque
410 2335 567 2419 contingit
587 2333 729 2418 aliquem
750 2333 802 2398 vel
826 2332 1179 2420 aliquoslicenciandos
1198 2335 1232 2398 in
1249 2333 1413 2420 theologia
1425 2335 1549 2418 haberi,

129 2435 217 2524 quod
236 2445 355 2499 extunc
375 2432 512 2500 facultas
532 2432 655 2497 scribat
674 2432 803 2498 domino
819 2432 1223 2514 nostroreverendissimo,
1246 2435 1397 2522 episcopo
1411 2434 1550 2500 Mersse

129 2534 295 2620 burgensi,
318 2557 377 2620 pro
399 2531 705 2598 vicecancellariatu
726 2531 906 2597 seeundum
934 2533 1081 2598 ordinem
1109 2542 1141 2597 et
1167 2533 1291 2597 senium
1322 2535 1552 2620 magistrorum

130 2643 205 2699 actu
227 2635 430 2719 regensium3
465 2629 550 2718 [aab]
582 2633 630 2695 sic
657 2641 781 2714 tamen,
824 2634 851 2697 si
881 2635 953 2720 quis
975 2631 1122 2696 ordinem
1144 2654 1235 2696 suum
1256 2631 1446 2718 neglexerit,
1467 2634 1554 2721 quod

129 2743 260 2815 extunc,
283 2754 448 2820 quousque
470 2755 542 2798 eum
565 2731 644 2796 ordo
667 2732 819 2816 tetigerit,
842 2740 1022 2817 exspectem
1045 2741 1077 2795 et
1087 2729 1172 2816 quod
1185 2733 1350 2816 peccunia,
1371 2755 1431 2818 per
1443 2732 1596 2800 huius-20

130 2831 221 2897 modi
242 2831 460 2896 licenciendos
484 2830 659 2895 secuudum
681 2831 845 2895 facultatis
874 2840 994 2895 statuta
1020 2829 1208 2911 tribuenda,
1241 2831 1364 2896 decano
1392 2831 1555 2898 facultatis

131 2931 278 2997 eiusdem
300 2939 525 3018 praesentetur
547 2939 578 2993 et
601 2928 775 2994 secundum
806 2929 892 2994 hunc
919 2928 1063 2993 ordinem
1094 2930 1335 3015 infrascriptum
1370 2931 1455 2995 inter
1486 2955 1553 2997 ma·

131 3035 253 3116 gistros
277 3039 352 3095 actu
373 3039 523 3114 regentes
545 3027 765 3093 distribuatur.
808 3027 930 3110 Primo,
952 3028 979 3092 si
1002 3031 1044 3092 sit
1062 3051 1144 3092 unus
1170 3037 1296 3093 tanturn
1324 3027 1553 3112 licenciandus,

132 3139 235 3196 totam
256 3131 427 3216 pecuniam
449 3127 738 3193 vicecancellarius
759 3127 913 3212 recipiam
958 3129 986 3192 si
1003 3125 1066 3192 duo
1087 3127 1223 3209 fuerint,
1251 3131 1370 3193 iterum
1399 3131 1554 3216 recipiat3

132 3232 159 3294 si
182 3239 250 3295 tres
269 3227 466 3294 licenciandi
485 3228 613 3308 fuerint,
635 3237 711 3292 tunc
731 3226 792 3292 hec
814 3225 928 3291 ordine
949 3226 1132 3309 dividatur,
1163 3226 1248 3312 quod
1269 3227 1594 3293 vicecancellarius25

134 3340 246 3417 partes
269 3328 406 3394 duorum
427 3328 580 3414 recipiat,
614 3325 671 3392 sed
700 3328 801 3390 tercia
830 3349 908 3413 pars
937 3325 1116 3412 aequaliter
1144 3327 1227 3390 iuter
1253 3347 1363 3391 omnes
1381 3329 1553 3413 magistros

132 3438 208 3494 actu
230 3437 380 3514 regentes
405 3425 587 3508 dividatur3
620 3427 648 3490 si
670 3435 807 3512 quatuor
828 3424 881 3489 vel
901 3423 1020 3510 plures,
1046 3433 1123 3489 tunc
1150 3425 1377 3490 nichilominus
1405 3427 1552 3492 vicecan-

132 3527 286 3593 cellarius
308 3526 427 3592 habeat
449 3548 577 3612 semper
599 3535 726 3611 partem
747 3524 893 3606 duorum,
915 3523 980 3588 alia
1002 3545 1080 3588 vero
1103 3527 1240 3611 pecunia
1261 3527 1344 3590 inter
1359 3547 1469 3590 omnes
1486 3547 1552 3590 ma-

132 3629 265 3714 gistros,
288 3627 384 3690 etiam
404 3623 668 3690 vicecancellario
691 3633 932 3706 connumerato,
954 3623 1131 3710 aequaliter
1152 3623 1327 3707 dividatur,
1349 3633 1381 3688 et
1395 3623 1551 3707 similiter,

133 3729 161 3792 si
182 3725 270 3792 ultra
291 3725 372 3791 duos
393 3725 513 3790 fuerint
532 3721 736 3806 licenciandi,
759 3732 835 3788 tunc
857 3724 1010 3810 pecrmia,
1038 3745 1121 3810 quae
1149 3725 1285 3790 nunccio
1313 3722 1354 3789 de
1384 3722 1478 3789 litera
1504 3725 1594 3791 feto

133 3826 237 3891 renda
259 3825 366 3908 datur,
388 3825 491 3889 eciam
514 3821 838 3911 proporcionabiliter
859 3820 1033 3886 dividatur.

218 4032 267 4092 51.
290 4022 349 4112 [Bl.
371 4020 443 4112 27⁸]
465 4023 559 4089 Anno
584 4023 705 4089 domini
731 4027 807 4090 1503
829 4021 883 4086 die
904 4027 939 4087 21
957 4021 1076 4086 mensis
1089 4019 1213 4108 Aprilis
1228 4023 1320 4086 iuxta
1339 4019 1548 4089 illustrissimi

135 4125 296 4213 principis
318 4133 349 4188 et
371 4123 502 4206 domini,
531 4123 652 4189 domini
670 4123 772 4188 nostri
791 4121 921 4206 Ieorgii‚
944 4117 1108 4185 Senoniae
1130 4121 1221 4186 ducis
1244 4131 1318 4203 etc,
1346 4122 1553 4188 novissimam

134 4224 379 4290 ordinacionem
401 4245 461 4310 pro
481 4225 681 4289 incremento
704 4221 902 4307 theologicae
923 4219 1086 4284 facultatis
1115 4243 1153 4284 ac
1174 4219 1377 4284 scolasticam
1399 4219 1549 4287 baccala-

133 4326 259 4389 riorum
281 4324 552 4388 exercitacionem
574 4322 616 4388 ab
639 4321 787 4388 omnibus
817 4318 1004 4384 doctoribus
1034 4319 1235 4385 concorditer
1265 4320 1326 4384 fuit
1353 4320 1592 4404 conclusurum

135 4423 225 4512 quod
247 4421 332 4486 ultra
354 4432 425 4488 octo
447 4422 628 4488 ordinarias
651 4421 889 4510 disputaciones
910 4419 1001 4506 prius
1023 4419 1187 4484 institutas
1207 4431 1336 4484 nuncet
1360 4420 1394 4484 in
1414 4419 1554 4485 futurum

137 4521 276 4610 singulis
298 4523 390 4586 annis
414 4533 550 4609 quatuor
579 4523 681 4587 eciam
710 4519 894 4586 ordinariae
921 4518 1160 4606 disputaciones
1191 4540 1250 4604 per
1278 4520 1451 4605 magistros
1472 4521 1553 4585 eius-

137 4622 211 4687 dem
232 4621 397 4687 facultatis
419 4621 689 4709 superaddantur,
711 4621 760 4685 ita
780 4618 866 4707 quod
889 4619 1021 4704 insuper
1048 4618 1133 4683 ultra
1156 4627 1222 4682 tres
1245 4615 1500 4684 baccalariorum
1520 4621 1553 4684 in

225 4916 237 4967 l
258 4910 314 4966 Am
331 4911 429 4966 Rande
447 4907 515 4963 vird
533 4904 679 4960 rerviesen
699 4901 751 4958 auf
763 4901 806 4957 Bl.
826 4907 868 4972 34,
885 4921 926 4959 wo
943 4903 973 4957 in
991 4903 1040 4957 der
1054 4902 1199 4971 agamus-a
1217 4907 1408 4971 praenotemus
1429 4900 1460 4954 ia
1483 4899 1554 4956 theo·

139 4999 219 5070 lapis
236 5000 319 5050 unter
334 4994 396 5050 dem
412 4992 500 5050 dabre
517 4995 582 5047 1455
602 4985 763 5060 aufgefiihrt
781 4987 863 5042 vird:
890 4989 966 5042 Teme
982 4988 1045 5058 ipso
1061 4987 1108 5040 die
1124 4991 1280 5039 martorum
1297 4985 1487 5038 muntium
1501 5002 1556 5056 per

129 5081 302 5156 sacellam
318 5079 472 5134 coachrmm
496 5083 549 5144 est,
585 5075 661 5145 quod
680 5075 714 5127 de
735 5079 822 5127 cetero
844 5072 916 5127 mlii
931 5077 1081 5126 reservem
1097 5069 1173 5124 uua
1189 5069 1264 5123 dau
1281 5087 1362 5124 meua
1378 5087 1479 5125 causan
1495 5077 1554 5124 taa-

137 5177 211 5238 tum
226 5181 275 5220 aec
291 5170 442 5218 mosomus
458 5168 498 5216 est
514 5157 706 5231 infrascriptae
720 5157 860 5227 mapr'strie
877 5163 924 5213 ete.

224 5253 241 5310 2
261 5247 344 5306 Wohl
360 5247 454 5305 edam.

1732 4435 1750 4472 δ
