3762 6074
810 461 861 514 Dle
881 461 1102 528 philosophischc
1119 459 1249 514 Facultit.

859 733 956 782 Erote
974 729 1190 794 Abthclluug.

343 875 389 966 [S.
409 875 440 966 5]
466 895 536 956 Quo
559 895 690 944 ornnes
712 896 851 958 cuseos
873 895 1025 944 nameus
1045 895 1294 944 snunusruum
1315 895 1387 944 noo
1410 894 1576 943 respons
1599 895 1722 944 srnnn

381 995 584 1043 ormusnuu
604 995 874 1042 nrscrrnmsuuu
894 995 940 1042 ns
961 995 1094 1044 sumus
1116 994 1312 1042 rnsousmr
1335 995 1579 1044 couuuurrssr
1601 995 1683 1042 rno-

661 1094 835 1143 rsssrosrs
857 1095 960 1142 nurus
982 1095 1018 1142 m
1039 1093 1216 1144 acaunum
1237 1094 1403 1143 nussusr.

277 1254 293 1308 5
404 1244 485 1310 Cum
517 1243 737 1308 admonitione
770 1243 979 1308 illustrissimi
1010 1244 1169 1330 principis
1201 1253 1233 1308 et
1264 1243 1402 1326 domiui,
1438 1241 1563 1308 domini
1597 1241 1742 1330 Augusti,

321 1341 412 1408 ducis
433 1343 597 1408 Saxoniae
619 1353 648 1407 et
671 1345 830 1430 principis
857 1343 1015 1424 electoris,
1041 1345 1170 1430 patroni
1197 1353 1229 1408 et
1256 1344 1359 1430 patris
1383 1340 1635 1425 clementissimi,
1663 1363 1742 1408 com·

319 1445 457 1507 munitas
481 1442 580 1507 studii
608 1443 765 1508 bonarum
794 1445 911 1507 artium
939 1442 1228 1508 administrationis
1257 1465 1334 1508 susc
1365 1441 1553 1528 diligentem
1581 1463 1694 1506 curam
1715 1453 1742 1505 et

317 1553 499 1629 respectum
524 1543 729 1630 suscepisset,
759 1565 794 1606 re
817 1541 998 1607 deliberata
1021 1551 1053 1606 et
1074 1541 1280 1607 considerata
1302 1539 1476 1628 diligenter
1497 1540 1660 1628 quaedam
1680 1563 1742 1606 mu·

318 1650 403 1722 tare,
439 1641 599 1728 quaedem
629 1643 808 1728 corrigere,
840 1641 998 1728 quaedam
1030 1640 1182 1705 disertius
1211 1663 1376 1728 exponere
1403 1641 1508 1705 visum
1537 1641 1599 1705 fnit
1629 1663 1670 1706 ex
1697 1641 1744 1724 iis,

280 1750 403 1828 toquae
424 1739 579 1804 hactenus
600 1740 652 1806 vel
673 1740 838 1829 descripta
860 1743 988 1806 statutis
1009 1739 1061 1805 vel
1083 1740 1317 1806 consuetudine
1339 1751 1469 1806 servata
1491 1751 1608 1804 essent.
1642 1739 1744 1826 Atque

319 1838 376 1904 ills
399 1841 464 1903 suis
486 1840 687 1926 temporibus
710 1849 787 1926 apta
809 1841 909 1904 fuisse
929 1840 1179 1905 existimandum
1203 1851 1266 1922 est,
1295 1839 1354 1904 sed
1382 1848 1512 1904 nostrae
1537 1837 1640 1903 aetati
1662 1836 1742 1925 plse

319 1961 420 2027 raque
448 1939 553 2003 minus
580 1937 768 2002 iamdudum
797 1961 973 2024 congruere
1002 1939 1278 2004 animadvertitur.
1317 1939 1471 2004 Omnium
1498 1947 1607 2002 autem
1630 1959 1744 2018 rerum,

320 2037 495 2104 secundum
516 2049 659 2103 veterem
687 2047 828 2126 poetam,
855 2037 935 2102 nihil
964 2039 1137 2126 quicquam
1161 2047 1319 2126 perpetuo
1341 2037 1455 2104 eodem
1477 2046 1650 2123 permanet
1670 2036 1745 2102 loco.

320 2139 394 2204 Nou
414 2139 513 2224 igitur
535 2137 576 2202 de
603 2137 778 2224 prioribus,
805 2159 888 2223 quse
910 2160 974 2202 non
1003 2136 1185 2224 culpentur,
1213 2159 1300 2203 nunc
1326 2135 1559 2224 disputandum
1589 2148 1655 2218 est,
1684 2135 1746 2217 sed,

281 2247 312 2302 1⁵
321 2236 385 2302 illis
404 2237 566 2323 repositis,
588 2259 689 2324 opera
711 2236 829 2320 denda,
851 2247 886 2302 ut
907 2237 1048 2302 officium
1070 2245 1254 2324 praestetur
1275 2237 1308 2302 in
1329 2237 1381 2320 iis,
1401 2258 1485 2323 quae
1506 2257 1586 2300 vera
1608 2245 1640 2300 et
1661 2245 1747 2300 recta

321 2349 353 2401 et
375 2335 467 2401 utilis
497 2359 568 2400 esse
594 2335 787 2402 iudicentur.
825 2337 879 2402 De
905 2336 1022 2424 quibus
1051 2335 1173 2422 placuit
1194 2335 1326 2402 consilio
1350 2334 1480 2424 publico
1510 2337 1745 2400 communitatis

321 2435 416 2501 huius
445 2437 510 2499 iste
537 2435 680 2500 breviter
702 2435 831 2502 decerni
861 2447 892 2500 et
921 2447 1050 2501 caetera
1078 2435 1155 2500 fidei
1182 2443 1214 2500 et
1241 2435 1421 2500 industriae
1448 2433 1652 2520 singulorum
1680 2457 1746 2522 per·

322 2537 415 2599 mitti.
457 2533 567 2616 Quae,
602 2533 813 2600 illustrissimi
850 2535 1009 2622 principis
1049 2533 1317 2600 clementissimae
1350 2533 1445 2620 cogni
1458 2529 1502 2619 [6]
1514 2534 1596 2598 tioni
1631 2533 1746 2617 oblata,

321 2633 511 2698 clementius
527 2631 614 2697 illius
631 2633 829 2720 placuerunt,
851 2647 883 2700 et
898 2635 994 2699 iussit
1014 2631 1251 2698 illustrissimus
1269 2635 1422 2721 princeps
1438 2655 1477 2696 ea
1494 2635 1632 2715 servari,
1649 2631 1746 2698 donec

278 2732 487 2797 20videretur
515 2731 638 2818 aliquid
668 2733 873 2816 mutandum,
902 2733 1005 2799 literis
1033 2734 1076 2799 ed
1105 2735 1364 2798 communitatem
1392 2731 1511 2814 missis,
1541 2754 1627 2820 quse
1655 2731 1747 2798 drus

320 2829 507 2896 scribuntur
529 2829 679 2896 Dresdse
701 2831 753 2896 die
775 2833 890 2898 XXVI
910 2833 1043 2922 Aprilis,
1066 2853 1151 2899 anno
1169 2831 1212 2898 ld
1234 2832 1277 2897 D.
1298 2830 1415 2897 LVIH.

766 3050 810 3139 [S.
831 3049 863 3140 7]
885 3071 932 3118 nn
954 3071 1105 3120 rusmco
1128 3069 1298 3120 consum.

960 3223 1070 3288 Caput
1088 3224 1109 3274 1.

403 3366 575 3434 Publicum
598 3391 668 3433 esse
691 3366 858 3434 consilium
881 3393 1013 3436 necesse
1033 3380 1091 3454 est,
1115 3381 1150 3436 ut
1171 3369 1308 3456 negocia
1329 3369 1569 3434 communitatis
1591 3367 1746 3456 explicari

278 3475 352 3534 atet
372 3477 459 3534 recte
480 3469 550 3554 geri
577 3469 720 3555 possint,
749 3477 847 3556 utque
870 3473 1046 3536 constituta
1065 3471 1199 3552 servari,
1228 3467 1371 3555 fierique,
1394 3467 1483 3555 quod
1505 3491 1569 3557 par
1592 3479 1657 3552 est,
1681 3469 1744 3534 ani-

320 3568 553 3634 madvertetur.
594 3565 700 3633 Huius
721 3565 848 3634 consilii
870 3592 941 3634 esse
962 3581 1062 3658 ceput
1083 3567 1214 3658 aliquod
1237 3575 1380 3654 oportet,
1409 3577 1445 3631 ut
1474 3576 1506 3632 et
1535 3579 1690 3654 poscente
1715 3589 1746 3632 re

320 3668 382 3732 hoc
403 3676 546 3752 cogatur,
574 3677 605 3732 et
634 3667 809 3730 sententiae
833 3677 988 3756 rogentur
1011 3669 1134 3752 ordine,
1163 3678 1196 3732 et
1217 3665 1363 3732 consulte
1388 3665 1583 3753 decretaque
1611 3667 1745 3755 perscri-

321 3766 450 3848 bantur,
478 3775 509 3830 et
535 3775 688 3853 sequatur
710 3770 866 3833 executio.
903 3767 999 3834 Hanc
1021 3769 1219 3834 curationem
1244 3765 1359 3831 decani
1381 3767 1492 3830 vocari
1514 3769 1671 3832 usitatum
1692 3779 1745 3832 est

445 3998 505 4058 QUI
524 3998 569 4046 ΕΤ
590 3999 685 4058 Qusu
708 3999 816 4048 monui
838 4001 1012 4052 eunucus
1032 3999 1220 4051 consulunt
1241 3997 1426 4048 COHPLERE
1448 3999 1625 4050 DEBEANT.

279 4155 314 4214 30
948 4153 1054 4216 Caput
1077 4151 1118 4202 11.

407 4296 504 4378 Quod
529 4297 685 4364 hactenus
709 4311 873 4366 servatum
893 4301 967 4382 fuit,
998 4307 1034 4364 ut
1060 4297 1100 4363 de
1122 4311 1261 4388 quatuor
1285 4297 1472 4364 ustionibus
1495 4298 1598 4387 aliqui
1620 4301 1655 4366 in
1676 4323 1744 4366 con·

322 4395 396 4462 silio
424 4394 554 4482 publico
576 4396 741 4480 adessent,
772 4409 806 4463 ut
833 4409 939 4465 cortus
966 4421 1120 4463 numerus
1148 4397 1228 4462 illud
1258 4397 1448 4484 compleret,
1476 4397 1513 4462 id
1539 4413 1667 4465 mutare
1687 4423 1745 4465 nou

322 4494 454 4582 placuit.
496 4493 569 4559 Hoc
589 4506 695 4562 autem
717 4499 822 4564 visum
845 4497 999 4586 deinceps
1021 4495 1235 4577 statuendum,
1263 4505 1415 4583 oportere
1443 4499 1558 4585 quinos
1582 4499 1624 4564 de
1650 4501 1744 4564 natio

323 4594 419 4659 nibus
439 4593 473 4658 in
495 4592 638 4676 consilio,
660 4607 690 4660 et
713 4619 834 4679 omues,
858 4599 913 4685 qui
935 4595 1065 4685 publice
1086 4599 1119 4660 in
1142 4594 1205 4659 hac
1223 4595 1452 4660 communitate
1474 4595 1603 4681 docent,
1624 4597 1744 4664 consilii

280 4696 426 4784 ³5ipsius
454 4716 526 4759 esse
551 4695 738 4782 participes.
783 4696 879 4777 Quod
908 4699 936 4761 si
965 4717 1099 4760 numero
1125 4695 1292 4760 nationum
1319 4693 1450 4761 delinito
1480 4695 1514 4761 hi
1542 4697 1744 4785 comprehen-

322 4795 449 4878 dantur,
477 4795 525 4858 ita
545 4793 661 4878 viginti
690 4795 866 4861 consiliarii
893 4805 988 4860 erunt
1016 4795 1170 4859 universi.
1212 4793 1270 4858 Sin
1300 4795 1365 4859 iam
1395 4793 1512 4882 plenus
1538 4798 1744 4862 numerusin

322 4895 430 4982 aliqua
451 4893 582 4958 ustione
607 4892 719 4976 fucrit,
747 4894 879 4960 accedet
908 4894 951 4961 ad
980 4893 1065 4959 hunc
1094 4893 1245 4980 publicae
1268 4893 1436 4959 doctrinae
1459 4895 1634 4982 professor.
1677 4895 1743 4976 Quo

322 5017 399 5060 casu
421 5001 532 5080 posset
554 4991 728 5079 aliquando
748 4994 834 5078 fieri,
863 5005 898 5058 ut
919 4994 1029 5080 plures
1052 5015 1148 5080 quem
1171 5012 1219 5060 xx
1242 4995 1275 5058 in
1302 4991 1439 5059 consilio
1469 4993 1603 5081 publico
1630 4997 1742 5084 reperi·

322 5103 443 5157 rentur.
