3794 6066
369 443 409 510 82
845 440 896 493 Dte
912 441 1032 494 sanun
1052 457 1115 494 vom
1132 441 1215 494 «lubre
1235 445 1305 505 15⁴8,

368 625 397 687 si
418 645 537 708 magna
563 632 659 711 atque
687 623 784 689 valde
811 623 915 689 ardua
935 647 987 690 res
1008 633 1064 690 ant
1085 643 1184 690 causa
1210 623 1375 708 inciderit,
1406 623 1627 689 universitatis
1656 623 1782 690 schola-

366 724 467 788 sticae
479 722 643 810 publicum
655 723 824 789 consilium
844 735 952 790 rector
972 725 1144 792 convocari
1165 722 1300 808 iubebit,
1319 724 1427 809 inquo
1441 722 1596 812 quicquid
1613 723 1778 790 domenum

368 823 480 904 stravit,
507 821 543 887 id
570 831 676 887 rector
704 824 820 910 exequi
846 826 943 911 inque
968 845 1006 890 eo
1040 824 1227 912 exequendo
1256 822 1433 889 consiliarii
1461 821 1627 888 nationum
1660 825 1783 890 rectori

368 944 469 1010 opera
490 927 522 986 et
541 921 702 988 industria
724 945 783 990 sua
802 933 933 1012 praesto
954 947 1025 990 esse
1044 923 1216 991 debebunt.

345 1165 363 1222 5
992 1162 1100 1226 Caput
1119 1163 1151 1213 X.

386 1325 433 1373 Du
454 1325 690 1376 lunumttartuo
711 1323 950 1374 mlsuaoauu
968 1327 1193 1377 Pusurcoamt
1212 1326 1474 1377 uuwurtslrsrts
1495 1325 1763 1378 cenomanens.

445 1439 588 1506 Ministri
607 1441 741 1528 publici,
760 1463 840 1527 quos
862 1441 998 1508 famulos
1019 1444 1240 1510 universitatis
1260 1453 1390 1528 vocant,
1411 1443 1563 1510 iurabant

446 1557 472 1640 I,
493 1557 714 1624 obedienciam
736 1580 771 1623 se
792 1561 910 1628 rectori
932 1567 964 1625 et
985 1559 1225 1627 successoribus
1246 1561 1348 1647 ipsius
1371 1562 1583 1648 praestituros
1605 1581 1686 1624 esse.

443 1672 485 1756 Π,
507 1673 604 1761 quod,
625 1695 708 1762 quae
728 1675 762 1739 in
782 1676 960 1742 ministerio
985 1699 1043 1742 suo
1073 1675 1162 1765 apud
1179 1685 1335 1742 rectorem
1361 1674 1414 1741 vel
1439 1677 1474 1741 in
1495 1674 1629 1741 consilio
1660 1683 1786 1742 secreta

324 1781 395 1838 toet
415 1771 552 1838 celanda
572 1772 750 1858 audierint,
771 1775 977 1858 resciverint,
998 1777 1207 1862 cognoverint
1229 1787 1297 1860 etc,
1318 1777 1438 1842 nemini
1460 1775 1599 1864 prodere
1620 1785 1679 1841 aut
1698 1774 1781 1840 indi·

364 1894 440 1938 care
468 1871 578 1938 velint.
620 1871 722 1938 Iidem
751 1895 882 1943 munem
909 1874 973 1940 sibi
1002 1874 1194 1944 demandato
1221 1873 1358 1941 fideliter
1387 1896 1514 1963 quoque
1540 1883 1688 1964 tempore
1715 1875 1784 1940 fun·

364 1979 490 2058 gantur.

445 2069 503 2136 111.
524 2069 689 2159 Imprimis
709 2072 886 2140 locationes
907 2080 940 2138 et
959 2074 1156 2162 praeitiones
1176 2077 1211 2140 in
1233 2071 1443 2140 conventibus
1465 2073 1605 2160 publicis
1627 2082 1660 2140 et
1681 2072 1784 2139 solen·

363 2170 458 2236 nibus
488 2170 598 2237 sedulo
628 2172 835 2239 accurabunt.
893 2171 1019 2253 Quodsi
1045 2174 1127 2240 alter
1157 2173 1293 2241 ambove
1323 2172 1449 2240 dimissi
1480 2173 1615 2257 fuerint,
1644 2173 1687 2240 ob
1722 2172 1784 2239 hoc

325 2271 483 2336 ltnemini
504 2270 698 2337 maledicent
716 2293 820 2360 neque
841 2272 1119 2340 conviciabantur.

981 2513 1089 2578 Caput
1106 2513 1153 2564 XI.

770 2678 817 2726 Dc:
839 2676 980 2726 mora
1002 2675 1141 2724 uncus
1160 2677 1182 2723 A
1203 2673 1373 2724 sucroltu.

444 2791 480 2857 Si
504 2814 629 2858 summa
649 2793 838 2881 pecuniaria
858 2793 1030 2858 universae
1051 2789 1205 2874 mulctae,
1236 2813 1332 2876 quam
1354 2813 1375 2855 a
1394 2787 1653 2878 delinquentibus
1675 2801 1783 2856 rector

362 2893 480 2980 exegit,
500 2915 566 2958 non
586 2895 762 2958 excesserit
782 2893 921 2959 florenos
941 2901 1019 2975 tres,
1041 2891 1175 2956 rectoris
1197 2912 1236 2954 aa
1257 2891 1396 2976 pecunia
1415 2897 1494 2955 esto.
1536 2887 1573 2954 Si
1594 2892 1784 2972 excesserit,

321 3000 429 3058 20tres
450 2991 564 3058 floreni
585 2993 719 3058 rectoris
740 2999 835 3058 sunto
857 2999 890 3056 et
908 2989 1054 3079 reliquae
1075 2991 1207 3078 insuper
1227 2989 1383 3076 pecuniae
1402 2987 1513 3054 triens.

980 3231 1088 3294 Caput
1104 3227 1165 3280 111.

361 3397 419 3466 ur,
441 3398 533 3460 quan
552 3397 690 3446 aaronis
714 3395 901 3445 snunsrrus
923 3393 1062 3443 necron
1077 3393 1297 3460 ammonam,
1318 3393 1363 3442 ns
1375 3393 1421 3443 sn
1436 3391 1681 3444 succussosnu
1701 3393 1785 3444 exs-

879 3494 1019 3555 Qumrns
1039 3493 1267 3542 exarmatur.

443 3614 525 3680 Item
545 3620 651 3678 rector
672 3611 891 3697 cuiuscunque
912 3609 1075 3674 semestris
1097 3605 1194 3673 debet
1210 3610 1343 3696 exigere
1362 3607 1500 3674 mulctas
1519 3607 1562 3675 ab
1583 3610 1635 3692 iis,
1660 3607 1781 3698 quibus

321 3715 437 3781 25illae
456 3711 598 3777 indictae
618 3710 738 3774 fuerint
760 3707 801 3772 da
822 3709 980 3773 sententia
1001 3729 1210 3772 assessorum.
1247 3707 1346 3791 Quod
1372 3710 1401 3775 si
1422 3731 1520 3798 quam
1540 3709 1706 3794 mulctam,
1727 3708 1781 3776 vel

362 3813 487 3880 totam¹
508 3817 635 3898 partem
655 3807 753 3890 illius,
775 3830 839 3872 non
861 3808 1021 3894 exegerit,
1040 3807 1180 3893 itemque
1201 3807 1275 3892 alia,
1297 3830 1379 3897 quac
1400 3817 1547 3896 tempore
1570 3811 1785 3897 magistratus

365 3914 415 3978 sui
438 3909 565 3976 absolvi
585 3929 651 3972 non
672 3907 843 3994 potuerint,
865 3928 904 3972 ea
925 3907 1034 3972 omnia
1055 3904 1224 3992 diligenter
1246 3916 1401 3974 annotata
1422 3912 1602 3975 successori
1625 3931 1685 3975 sno
1703 3919 1786 3974 tam·

362 4033 458 4097 quam
479 4007 526 4074 illi
545 4006 656 4073 oblata
676 4007 808 4091 negotia
828 4004 989 4095 relinquat
1009 4005 1209 4094 exequenda,
1231 4009 1287 4094 qui
1306 4009 1378 4095 ipse
1401 4031 1465 4096 qua
1476 4011 1597 4097 poterit
1611 4007 1785 4096 diligentia

362 4117 549 4198 exequetur.
580 4107 618 4173 In
639 4105 865 4173 exactionibus
886 4115 993 4172 autem
1014 4105 1204 4172 muletarum
1226 4107 1272 4172 ita
1293 4107 1500 4196 procedatur,
1521 4109 1640 4196 primo,
1662 4109 1719 4196 qui
1739 4105 1784 4172 ad

321 4207 553 4276 tosolveudum
570 4217 707 4290 tenetur,
727 4205 757 4270 is
780 4205 904 4272 solvere
924 4204 1010 4295 quod
1030 4205 1126 4272 debet
1145 4207 1231 4272 infra
1251 4209 1419 4295 proximos
1441 4217 1612 4294 sequentes
1634 4207 1705 4274 dies
1724 4229 1785 4274 sex

363 4319 419 4376 aut
439 4329 577 4396 poenam
597 4307 741 4374 carceris
768 4305 901 4372 eudemo
927 4305 1092 4390 iubeatur,
1122 4307 1151 4372 si
1177 4329 1244 4374 non
1268 4310 1428 4394 paruerit,
1454 4307 1544 4374 idem
1568 4307 1616 4374 illi
1643 4317 1693 4374 ter
1721 4329 1784 4395 pro

362 4431 452 4476 more
471 4407 656 4492 mandetm,
684 4404 815 4494 publice
841 4408 1006 4494 proposito
1035 4407 1156 4496 scripto
1183 4429 1243 4494 pro
1268 4406 1374 4474 valvis
1408 4407 1702 4476 ecclesiasticarum
1727 4417 1787 4472 aut

362 4507 626 4575 scholasticarum
646 4505 785 4590 aedium,
807 4515 839 4571 et
860 4505 929 4573 dies
951 4508 1099 4574 similiter
1119 4507 1353 4595 praefiniuntur
1373 4515 1505 4596 septem
1544 4508 1607 4576 Oui
1628 4507 1786 4577 mandato

362 4612 391 4674 si
417 4617 449 4674 et
477 4609 563 4695 ipsi²
591 4629 656 4674 non
683 4603 852 4689 obedierit,
878 4608 999 4673 referre
1029 4608 1070 4673 de
1090 4606 1153 4674 bac
1182 4608 1384 4674 contumacia
1411 4617 1518 4676 rector
1545 4609 1588 4676 ad
1617 4609 1786 4699 publicum

320 4707 531 4775 3⁵consilium
551 4717 584 4774 et
603 4704 726 4771 ibidem
747 4703 788 4770 de
808 4707 960 4792 gravium
981 4709 1015 4772 in
1034 4716 1253 4774 contumacem
1273 4729 1380 4795 poena
1400 4717 1497 4796 atque
1515 4711 1613 4776 etism
1636 4711 1678 4777 de
1703 4709 1787 4778 rete

361 4809 492 4896 gatione
514 4807 601 4876 illius
622 4803 799 4872 deliberari
819 4804 958 4872 debebit

432 5114 443 5162 1
465 5108 504 5164 Es
521 5107 590 5164 fehlt
605 5109 657 5164 cd»
759 5106 976 5166 commetes
995 5107 1069 5166 steht
1084 5111 1151 5182 ipae.
