3794 6066
670 517 788 568 Libellus
804 518 962 571 formulario.
1468 524 1523 587 101

105 699 250 764 ficienter
270 707 303 764 et
324 700 404 764 satis
425 699 482 765 diu
503 699 755 765 satisfactionem
771 700 1061 788 expectaverimus,
1084 702 1155 788 ipse
1177 711 1295 786 tamen,
1316 705 1350 768 in
1372 727 1432 770 sua
1452 727 1525 769 con·

105 799 248 864 mmacia
272 797 459 882 induratus,
489 800 676 865 satisfacere
698 822 738 865 ac
759 799 892 866 obedire
914 803 1046 866 minime
1067 801 1207 883 curavit,
1237 802 1374 890 ideoque
1396 806 1527 870 attentis

104 898 311 984 praemissis,
350 899 436 964 trina
467 901 642 965 monitione
676 898 908 987 praecedente,
946 902 980 965 in
1018 903 1269 988 congregatione
1301 901 1364 992 [9²²]
1399 905 1527 970 univer-

106 999 213 1062 sitatis
239 997 282 1062 ad
311 997 374 1064 hoc
394 999 481 1063 facta
500 1000 682 1086 praefatum
704 1000 752 1065 .N.
775 1022 795 1064 a
816 1022 953 1086 corpore
975 999 1180 1087 saepedictae
1200 1003 1422 1070 universitatis
1446 1014 1526 1070 tam·

104 1120 204 1184 quam
224 1097 404 1164 membrum
425 1097 590 1186 putridum
612 1099 806 1165 exclusimus
828 1107 860 1165 et
879 1099 1071 1165 roscidimus
1085 1109 1192 1166 otc.ut
1210 1103 1243 1167 in
1256 1103 1397 1170 formula
1411 1105 1551 1192 priori.5

220 1273 269 1332 11.
301 1283 528 1332 sxnosrsmo
550 1283 619 1332 rao
640 1283 854 1334 sssocrsnuo
876 1285 1007 1346 11116116
1029 1285 1166 1336 nonme
1188 1285 1409 1338 alcarrmrc.

186 1399 347 1464 Hortatur
378 1400 486 1464 omnia
512 1409 544 1465 et
568 1397 696 1486 singula
714 1409 781 1466 tarn
803 1399 965 1488 graduata
984 1425 1081 1490 quam
1101 1425 1166 1486 non
1186 1403 1347 1490 graduata
1367 1406 1525 1470 universi-

103 1500 179 1563 tatis
202 1497 349 1565 eiusdem
372 1501 556 1586 supposita,
579 1509 737 1585 quatenus
759 1523 832 1566 cras
853 1499 934 1566 hora
957 1524 997 1566 .n.
1018 1503 1052 1566 in
1074 1504 1166 1568 ouria
1190 1502 1402 1570 habitationis
1427 1503 1526 1570 hono·

103 1597 241 1663 rabilem
262 1597 428 1664 dominum
447 1599 493 1664 .N.
516 1599 557 1664 de
577 1600 626 1664 .N.
646 1602 839 1665 conveniant
865 1596 908 1666 ad
935 1602 1158 1668 assotiandum
1179 1603 1398 1669 venerabilem
1419 1604 1527 1669 virum

102 1698 269 1764 dominum
299 1697 347 1764 .N.
375 1699 492 1763 artium
522 1699 714 1786 magistrum
740 1710 773 1766 et
792 1701 827 1766 in
846 1701 917 1766 iure
939 1701 1337 1769 111111ο111661166111111111111ι
1359 1703 1402 1770 ad
1423 1702 1523 1769 eecle-
1537 1713 1568 1768 11)

103 1803 184 1863 siam
214 1801 321 1864 sancti
349 1799 398 1864 .N.
426 1821 485 1886 pro
513 1799 663 1886 insigniis
696 1800 882 1866 doctoratus
905 1801 939 1866 in
960 1801 1073 1868 eodem
1093 1803 1164 1868 iure
1186 1805 1341 1870 canonico
1363 1803 1444 1869 inibi
1464 1801 1525 1868 sol·

101 1897 252 1964 temnitur
278 1897 509 1986 suscipiendis,
540 1899 755 1966 consimilium
781 1923 915 1990 operum
942 1903 1166 1970 reverentialis
1193 1903 1415 1970 honorationis
1437 1901 1526 1968 exhi-

101 1997 256 2065 bitionem
269 2000 304 2064 in
317 1997 539 2086 adipiscendis
554 1999 732 2066 honoribus
746 2002 890 2066 vicissim
903 2011 1122 2089 expectatura
1144 2003 1268 2068 Datum
1279 2013 1459 2070 rectoratus
1468 2011 1525 2067 etc.

236 2173 281 2234 ta
312 2183 492 2232 nosusrro
514 2183 582 2232 rao
607 2185 744 2234 ronnas
766 2184 925 2234 1116111116
948 2185 1128 2236 surrosrrr
1150 2187 1396 2236 coruscatioc.

184 2299 346 2365 Hortatur
367 2301 476 2365 omnia
496 2308 529 2365 et
555 2298 684 2387 singula
703 2301 844 2368 nationis
867 2302 914 2366 .N.
936 2302 1106 2390 supposita
1127 2304 1348 2368 univcrsitatis
1370 2303 1567 2388 6111116111,15

102 2411 261 2488 quatenus
289 2397 387 2464 hodie
414 2398 497 2464 hora
517 2425 557 2466 .n.
579 2403 613 2466 in
635 2403 726 2466 curia
747 2401 875 2488 collegii
898 2425 937 2466 .n.
959 2401 1026 2480 (vel
1048 2411 1122 2467 ante
1145 2401 1314 2489 collegium
1335 2411 1389 2484 n.)
1410 2427 1526 2470 conve-

101 2501 194 2566 niant
220 2498 264 2563 ad
293 2497 539 2564 conducendum
566 2499 662 2565 funus
689 2500 851 2587 quondam
873 2501 1003 2567 discreti
1026 2502 1073 2567 .N.
1095 2502 1135 2567 de
1157 2503 1204 2568 .N.
1225 2502 1329 2568 felicis
1351 2505 1526 2570 memoriae

102 2599 144 2666 ad
172 2597 346 2664 ecclesiam
376 2601 481 2664 sancti
504 2599 553 2664 .N.
572 2599 694 2686 vigiliis
722 2598 844 2666 ibidem
872 2600 1083 2668 decantandis
1105 2613 1137 2667 et
1158 2627 1232 2669 cras
1253 2603 1335 2668 hora
1356 2627 1395 2670 n.
1416 2605 1524 2668 missis

102 2723 163 2788 pro
192 2697 306 2766 eodem
328 2697 409 2763 inibi
435 2697 637 2764 celebrandis
660 2721 731 2765 sese
751 2700 966 2788 personaliter
987 2702 1151 2769 offerendo
1173 2712 1396 2792 praesentent,
1422 2705 1526 2770 consi·

102 2799 228 2865 milium
257 2821 391 2885 operum
419 2799 549 2884 pietatis
577 2797 807 2866 exhibitionem
839 2811 913 2888 post
937 2803 1052 2868 fimera
1080 2825 1139 2869 sua
1163 2804 1352 2891 gaudiosius
1375 2813 1569 2892 expecta-20

102 2909 186 2966 tura.
234 2897 357 2963 Datum
378 2907 558 2964 rectoratus
580 2899 639 2964 sub
662 2899 779 2986 sigillo.

236 3071 281 3134 13.
305 3061 458 3152 [Bl.10⁸]
492 3083 685 3132 usnnsrasr
707 3083 776 3132 rao
797 3083 934 3132 1111116116
958 3085 1122 3134 1116111111
1143 3085 1393 3136 concacarno.

185 3197 323 3264 Mandat
350 3197 500 3264 omnibus
527 3208 559 3265 et
584 3198 719 3285 singulis
748 3201 970 3265 universitatis
990 3199 1134 3266 eiusdem
1154 3205 1347 3289 suppositis,
1369 3213 1527 3290 quatenus

101 3299 200 3366 hodie
220 3298 303 3364 hora
323 3322 361 3363 .n.
383 3308 444 3364 etc.
465 3300 553 3363 utin
573 3297 712 3364 formula
732 3299 844 3386 priori.
922 3349 923 3366 1

104 3473 150 3534 14.
170 3482 367 3532 munerun
384 3481 512 3530 nomm
529 3481 700 3532 HECTORIS
713 3483 782 3533 PRO
801 3483 1032 3532 SUSPBNSIONE
1047 3483 1190 3532 AO'PUUM
1207 3485 1525 3536 senonssmconost.
1536 3479 1568 3536 25

184 3599 253 3665 Nos
284 3598 331 3663 .N.
363 3607 422 3664 etc.
452 3607 558 3662 rector
589 3622 630 3664 ex
663 3599 793 3666 decreto
815 3603 1039 3690 communique
1060 3623 1234 3686 consensu,
1264 3602 1418 3668 concordi
1439 3603 1527 3668 ‹leni-

101 3724 164 3786 que
185 3699 348 3765 sententia
367 3698 597 3782 magistrorum
611 3709 642 3764 et
657 3700 823 3766 doctorum
838 3699 1021 3767 antedictae
1036 3711 1168 3768 nostrae
1179 3703 1402 3768 universitatis
1417 3725 1527 3769 omnes

103 3811 194 3868 actus
219 3797 429 3864 scholasticos
451 3807 586 3885 propter
607 3809 713 3864 certas
734 3799 905 3866 violentias
929 3811 961 3866 et
982 3801 1166 3886 molestias,
1194 3802 1367 3868 iamdictae
1397 3805 1526 3869 univer·

104 3902 194 3966 nitati
213 3909 246 3964 et
270 3900 338 3963 suis
360 3897 537 3986 suppositis
559 3898 716 3965 iniuriose
737 3900 862 3984 illatas,
886 3901 1130 3989 suspendimus,
1152 3905 1186 3968 in
1207 3903 1271 3968 hiis
1292 3904 1423 3992 scriptis
1437 3927 1525 3969 man·

102 4001 216 4066 dantes
244 3996 394 4064 omnibus
423 4005 456 4061 et
475 3996 611 4083 singulis
631 4002 812 4086 magistris,
838 3999 1039 4085 doctoribus,
1069 4000 1243 4068 licentiatis
1275 4012 1306 4067 et
1331 4002 1570 4070 baccalariis30

103 4120 368 4188 quarumcunque
389 4095 592 4182 facultatum,
624 4121 666 4164 ne
695 4098 812 4186 aliquis
834 4101 867 4165 in
890 4111 986 4166 antea
1008 4101 1149 4189 aliquem
1169 4113 1277 4168 actum
1300 4103 1528 4170 scholasticum

102 4223 213 4267 coram
241 4207 373 4263 nostrae
400 4199 621 4263 universitatis
650 4201 827 4287 suppositis
854 4199 983 4287 publice
1011 4211 1179 4284 exerceat,
1215 4202 1318 4267 donec
1350 4202 1441 4269 aliud
1467 4227 1527 4292 per

101 4299 348 4365 universitatem
368 4295 465 4362 fuerit
488 4296 668 4363 diffinitum.
712 4297 780 4364 Sub
802 4323 907 4387 poena
921 4301 1066 4388 periurii,
1090 4301 1254 4366 carentiae
1275 4301 1464 4369 libertatum
1485 4327 1525 4370 ac

102 4400 248 4465 tuitionis
269 4398 501 4462 universitatis.
540 4397 663 4462 Datum
684 4407 744 4465 etc.

292 4569 337 4629 15.
369 4579 567 4630 Runfflulo
589 4581 831 4632 SUSPENSIONIS
853 4582 996 4632 ACTUUM
1019 4581 1338 4635 scaonssssconun.
1534 4579 1567 4634 35

186 4697 252 4762 Nos
274 4695 321 4762 .N.
342 4705 401 4760 etc.
421 4707 528 4762 rector
549 4697 592 4762 ad
614 4697 810 4764 desiderium
833 4707 866 4763 et
886 4697 1125 4786 beneplacitum
1145 4699 1317 4765 reverendi
1337 4703 1371 4767 in
1394 4701 1524 4768 Christo

102 4798 207 4884 patris
238 4806 269 4861 61
299 4794 437 4877 domini,
467 4795 590 4863 domini
611 4798 657 4863 .N.
680 4797 836 4862 ecclesiae
858 4796 1137 4884 Merseburgensis
1165 4802 1325 4888 episcopi,
1353 4801 1526 4867 iamdictus

102 4905 234 4962 nostrae
258 4897 480 4962 universitatis
510 4896 696 4964 cancellarii
723 4899 811 4966 unici
839 4908 871 4962 et
891 4897 1091 4985 dignissimi,
1122 4898 1243 4966 domini
1266 4904 1368 4968 nostri
1389 4902 1526 4988 gratiosi
1586 4911 1587 4916 ’

104 4993 187 5072 (velz
213 4995 346 5061 illustris
367 4997 526 5084 principis
547 5008 579 5064 et
600 4997 738 5081 domini,
766 4997 889 5064 domini
910 4999 957 5064 .N.
986 4998 1077 5064 ducis
1105 4999 1291 5084 Senoniae,
1325 4999 1526 5086 landtgravii

176 5216 187 5266 1
205 5213 256 5268 Am
273 5213 370 5269 Raude
385 5213 414 5269 ei
421 5214 515 5284 ficerat
532 5211 686 5283 theologus:
702 5213 890 5283 semaam.
