3748 6070
361 469 422 536 336
854 465 905 517 Dte
923 465 1141 531 philosophicus
1158 466 1282 520 55551555

360 671 461 716 nuero
490 670 602 714 eorum
633 648 851 714 dimissionem
880 645 932 712 vel
962 643 1155 714 diladonem
1184 647 1228 714 ad
1260 646 1432 712 taurinum
1462 645 1658 734 longiorem
1688 643 1767 734 [615]

363 750 440 814 item
460 746 547 835 quod
566 748 662 814 velim
683 746 809 812 solvere
832 753 845 812 t
868 744 1025 810 florenum
1052 769 1113 834 pro
1133 745 1211 812 fisco
1232 746 1467 829 universitatis3
1495 747 1573 812 item
1601 745 1685 834 qnod
1708 769 1768 811 non
1848 771 1849 788 ι

362 847 461 913 velim
481 848 623 933 incipere
643 847 707 910 nisi
727 847 851 931 signeto
872 843 983 910 habito
1005 866 1025 909 a
1045 843 1185 928 decan03
1210 844 1286 909 item
1305 844 1393 929 quod
1413 867 1478 910 non
1497 844 1596 910 velim
1618 867 1637 909 s
1657 867 1768 910 reeom-

365 945 574 1011 mendacione
595 945 836 1011 licenciatorum
862 965 913 1008 me
939 943 1119 1026 absentare,
1141 945 1205 1009 nisi
1225 941 1451 1009 rationabilem
1469 965 1603 1009 cansam
1624 941 1769 1026 habuero,
1848 959 1849 972 ,

326 1057 342 1110 5
369 1067 466 1134 qnam
486 1043 634 1110 facultati
654 1065 833 1130 proponam
856 1051 887 1107 et
907 1042 1052 1108 favorem
1073 1042 1246 1109 absenciae
1266 1042 1431 1108 obtineam
1449 1042 1492 1109 ab
1513 1041 1657 1108 eadem.“

551 1215 601 1278 54.
630 1226 678 1274 nu
699 1226 903 1276 musunuuo
924 1225 1159 1276 manusculum
1181 1225 1345 1274 5555055
1367 1225 1594 1276 menrcuouus.

955 1344 1015 1407 Vgl.
1033 1360 1057 1394 a
1078 1341 1115 1396 St
1135 1343 1173 1396 ll.

445 1459 526 1524 Item
553 1458 676 1525 iurabit
700 1457 941 1544 magistrandns
965 1466 1110 1545 tempore
1137 1459 1335 1547 incepcionis
1362 1467 1394 1524 et
1418 1467 1574 1546 ternpore,
1603 1481 1666 1546 qno
1689 1457 1770 1523 favo

363 1581 430 1624 rem
457 1558 635 1646 incipiendi
660 1559 695 1622 in
725 1556 849 1622 artibus
876 1579 896 1622 a
921 1556 1075 1622 facultate
1101 1557 1274 1624 obtinebit:
1314 1557 1407 1645 „Ego
1427 1559 1476 1624 N.
1502 1559 1585 1642 iuro,
1611 1557 1695 1646 quod
1718 1579 1771 1644 per
1848 1553 1849 1582 ³

326 1669 357 1722 10
366 1658 446 1725 duos
469 1681 570 1724 annos
589 1659 623 1722 in
644 1660 708 1722 ista
734 1657 943 1722 universitate
970 1655 1078 1742 legam
1105 1667 1138 1724 et
1165 1656 1347 1744 disputabo,
1368 1659 1431 1724 nisi
1453 1680 1579 1723 mecum
1602 1680 1696 1745 snper
1715 1657 1771 1722 boc

364 1781 427 1846 per
455 1757 640 1823 facultatem
670 1756 766 1820 tuerit
795 1755 1035 1843 dispensatum3
1064 1757 1141 1820 item
1168 1756 1256 1844 quod
1284 1767 1403 1822 statuta
1428 1766 1461 1822 et
1486 1755 1670 1840 statuenda,
1697 1777 1771 1844 qnae
1848 1759 1849 1840 ]

368 1866 444 1922 sunt
463 1877 522 1944 pro
544 1857 628 1922 bono
649 1855 868 1920 universitatis
896 1877 934 1920 ac
962 1854 1124 1920 facultatis
1145 1855 1280 1938 arcium,
1306 1855 1403 1922 velim
1429 1855 1564 1922 firmiter
1591 1854 1771 1936 observare3

364 1958 441 2022 item
470 1953 557 2043 quod
583 1957 681 2020 istum
710 1953 848 2040 gradum
875 1955 909 2018 in
936 1953 1025 2019 nulla
1052 1953 1117 2019 alia
1144 1955 1356 2020 universitate
1381 1977 1561 2039 resumam3
1591 1954 1669 2019 item
1693 1953 1772 2040 quod

366 2055 485 2121 bonum
505 2054 726 2118 universitatis
752 2061 783 2116 et
802 2051 966 2118 facultatis
987 2054 1119 2136 arcium,
1149 2053 1192 2118 ad
1217 2075 1437 2140 quemcunque
1465 2063 1585 2118 statum
1613 2052 1773 2132 devenero,

325 2164 357 2220 15
366 2153 463 2220 velim
491 2154 698 2240 procurare.“
739 2151 783 2216 Et
811 2150 934 2238 placuit
959 2151 1062 2217 idem¹
1089 2163 1165 2218 tnnc
1190 2155 1366 2238 magistris,
1393 2151 1481 2239 qnod
1500 2153 1565 2218 ista
1584 2151 1695 2218 ultima
1714 2151 1772 2216 duo

366 2252 408 2318 ad
430 2253 607 2340 periurium
629 2250 775 2337 obligant
796 2259 854 2317 etc.

664 2424 714 2484 55.
735 2433 783 2482 ΒΕ
806 2433 976 2482 eunucus
996 2433 1078 2483 110OE
1097 2433 1170 2482 NON
1189 2433 1481 2486 summanum.

957 2552 1018 2616 Vgt.
1036 2566 1061 2604 5.
1079 2551 1116 2602 St
1138 2552 1178 2602 12.

448 2669 531 2733 Item
551 2689 616 2732 non
648 2664 865 2730 determinans
888 2675 963 2731 ante
985 2665 1083 2730 finem
1109 2669 1271 2753 sequentis
1303 2669 1461 2734 examinis
1488 2691 1600 2736 omnes
1626 2667 1772 2734 admissos

327 2770 405 2833 noin
422 2767 481 2832 tali
502 2768 650 2830 examine
672 2776 834 2854 sequatur,
854 2766 917 2830 nisi
938 2787 980 2830 ex
1000 2787 1100 2830 55555
1120 2765 1306 2832 rationabili
1327 2766 1417 2834 locus
1435 2767 1500 2834 sibi
1520 2791 1580 2856 per
1599 2767 1773 2834 facultatem

365 2868 463 2934 fuerit
482 2873 675 2930 reservatus.
717 2863 761 2928 Et
784 2864 896 2930 eodem
917 2864 1013 2930 modo
1033 2863 1091 2929 fiat
1111 2863 1152 2929 de
1180 2864 1254 2930 aliis
1281 2866 1484 2938 examinibus
1512 2867 1724 2955 sequentibus,
1749 2867 1773 2930 si

364 2976 438 3032 aute
458 2964 553 3030 linem
576 2985 686 3028 eorum
705 2985 770 3028 nou
791 2962 1025 3028 determinabit

397 3138 446 3198 56.
468 3148 515 3196 ou
537 3145 636 3196 uono
658 3147 703 3194 ur
724 3145 843 3194 rosus
864 3146 1016 3194 annuum
1036 3145 1252 3197 omanorum
1269 3145 1337 3194 vnn
1358 3145 1584 3196 nmsnoauu
1604 3149 1738 3198 555555

931 3265 991 3328 va.
1009 3248 1033 3316 *a
1053 3265 1091 3316 st
1110 3266 1152 3330 ιι,
1169 3265 1210 3320 ιο.

324 3389 358 3447 25
449 3380 531 3446 Item
552 3390 665 3468 petens
686 3377 878 3443 dilacionem
902 3375 1022 3444 bursae
1044 3376 1141 3444 debet
1162 3377 1283 3444 habere
1303 3379 1504 3466 magistrum,
1534 3382 1589 3466 qui
1617 3405 1676 3470 per
1700 3383 1773 3446 iura·

366 3489 508 3546 menturm
540 3481 644 3562 dieat,
675 3478 762 3564 quod
791 3475 869 3541 velit
897 3479 1102 3566 irrequisitus
1129 3477 1217 3542 illam
1249 3477 1382 3543 bursam
1411 3478 1536 3545 solvere
1568 3495 1643 3546 ante
1670 3479 1718 3546 vel
1745 3481 1773 3544 in

365 3580 503 3645 termino
526 3577 705 3660 dilacionis,
735 3577 763 3642 si
784 3585 896 3662 petens
916 3598 981 3640 non
1010 3575 1151 3642 solverit
1190 3575 1255 3642 Sed
1276 3587 1389 3664 petens
1410 3577 1630 3645 dimissionem
1651 3579 1774 3646 bursse²

366 3677 502 3761 iurabit,
530 3676 616 3763 quod
643 3674 729 3740 ultra
756 3695 807 3738 res
829 3683 861 3738 et
887 3672 988 3739 libros
1017 3697 1082 3741 non
1105 3674 1225 3741 babeat
1253 3693 1277 3740 x
1303 3675 1442 3742 florenos
1470 3675 1509 3741 de
1537 3676 1634 3744 bonis
1660 3679 1772 3744 heredi·

369 3779 462 3844 tariis
482 3777 535 3842 val
557 3773 814 3860 quibuscunque3
844 3781 876 3838 et
892 3772 941 3841 de
961 3773 1022 3839 hoc
1042 3774 1162 3840 habeat
1183 3773 1307 3860 aliquos
1331 3767 1523 3860 fidedlgnos,
1552 3779 1607 3864 qui
1631 3777 1690 3844 sub
1708 3800 1773 3844 oon·

326 3878 512 3944 toscienoia
539 3895 649 3940 eorum
671 3872 793 3954 dicant,
825 3894 891 3936 rem
919 3873 966 3937 ita
992 3895 1073 3958 esse,
1104 3877 1186 3940 sicut
1208 3874 1399 3962 principalis
1424 3875 1523 3959 iurat,
1550 3887 1582 3940 et
1607 3875 1719 3964 quibus
1738 3875 1773 3940 do

373 3984 563 4063 paupertate
584 3975 652 4040 eius
673 3979 813 4055 constat,
841 3981 897 4036 aut
916 3969 998 4039 alias
1024 3974 1218 4040 sufficientes
1238 3975 1480 4040 informationes
1502 3973 1624 4042 desua
1648 3997 1773 4063 pauper·

366 4085 432 4140 tate
452 4074 573 4139 fecerit.

737 4240 742 4250 .
770 4191 820 4252 57.
842 4203 1382 4254 nunrsruusc1ouu0nonrau1a.

856 4323 916 4388 vgr.
934 4337 958 4375 ι,
978 4321 1016 4374 st.
1035 4321 1076 4388 aa,
1089 4325 1112 4376 ι.
1130 4324 1172 4390 55,
1190 4326 1201 4376 ι
1222 4341 1246 4376 u.
1264 4339 1289 4377 ι.

328 4449 362 4507 55
452 4437 613 4520 Quoniam
634 4436 815 4524 disputacio
837 4435 1003 4502 ordinaria
1028 4437 1063 4500 in
1089 4437 1241 4504 facultate
1263 4439 1386 4504 arcium
1406 4461 1467 4526 pro
1486 4439 1609 4507 honore
1628 4450 1661 4508 et
1679 4442 1771 4508 incre

368 4547 475 4606 mento
499 4535 663 4603 incubatio
692 4535 836 4602 dusdem
863 4534 991 4600 videon
1019 4536 1177 4622 instituta,
1205 4559 1246 4604 ne
1272 4559 1352 4624 ergo
1379 4539 1579 4626 temporibus
1603 4542 1752 4607 nocuis
1744 4561 1771 4604 un

368 4637 523 4706 nichilum
554 4635 730 4722 redigatur,
769 4635 900 4701 caucina
934 4642 967 4698 et
1003 4637 1160 4700 maturius
1192 4646 1241 4702 est
1271 4635 1515 4724 providendum.
1554 4638 1668 4706 Placet
1694 4660 1770 4753 ergo,

370 4738 457 4826 quod
484 4733 619 4824 quilibet
642 4735 872 4821 magistrorum
897 4733 932 4798 in
953 4731 1078 4798 artibus
1105 4742 1181 4801 ante
1208 4735 1458 4823 complecionem
1485 4736 1608 4806 biennii
1637 4741 1695 4824 sni,
1718 4737 1771 4804 uisi

450 4960 460 5010 t
481 4953 516 5008 In
538 4949 592 5004 dcn
613 4948 688 5004 alten
706 4947 833 5004 Stanuoen
853 4955 883 5006 lt
909 4947 984 5005 stain
1004 4945 1108 5022 riehtig
1129 4949 1237 5010 ibides.
1269 4953 1317 5010 An
1332 4953 1549 5012 morantate
1567 4954 1606 5010 ist
1626 4955 1686 5014 dies
1701 4955 1771 5012 Wort

371 5037 452 5094 sovie
468 5037 519 5092 das
537 5031 619 5088 defin
634 5038 757 5102 gerente
773 5035 843 5088 idas
859 5031 1022 5104 ungehiirig.

447 5127 463 5178 t
481 5117 541 5176 Das
557 5115 698 5190 Folgende
714 5115 757 5173 bis
772 5117 851 5174 Euda
868 5119 916 5174 des
933 5115 1070 5172 annues
1087 5116 1160 5173 steht
1176 5118 1228 5175 anf
1241 5119 1340 5179 ltusnr.
