<?xml version="1.0" encoding="UTF-8"?>
<!DOCTYPE html PUBLIC "-//W3C//DTD XHTML 1.0 Transitional//EN"
    "http://www.w3.org/TR/xhtml1/DTD/xhtml1-transitional.dtd">
<html xmlns="http://www.w3.org/1999/xhtml" xml:lang="en" lang="en">
 <head>
  <title>
</title>
<meta http-equiv="Content-Type" content="text/html;charset=utf-8" />
  <meta name='ocr-system' content='tesseract 3.04.00' />
  <meta name='ocr-capabilities' content='ocr_page ocr_carea ocr_par ocr_line ocrx_word'/>
</head>
<body>
  <div class='ocr_page' id='page_1' title='image "./diestatutenbche00leipgoog_0405.png"; bbox 0 0 3758 6072; ppageno 0'>
   <div class='ocr_carea' id='block_1_1' title="bbox 365 421 1288 496">
    <p class='ocr_par' dir='ltr' id='par_1_1' title="bbox 365 421 1288 496">
     <span class='ocr_line' id='line_1_1' title="bbox 365 421 1288 496; baseline -0.001 -19"><span class='ocrx_word' id='word_1_1' title='bbox 365 429 428 496; x_wconf 75' lang='lat'><strong>384</strong></span> <span class='ocrx_word' id='word_1_2' title='bbox 856 424 908 476; x_wconf 80' lang='lat' dir='ltr'><strong>Dte</strong></span> <span class='ocrx_word' id='word_1_3' title='bbox 925 423 1144 489; x_wconf 72' lang='lat' dir='ltr'><strong>praesepibus·</strong></span> <span class='ocrx_word' id='word_1_4' title='bbox 1159 421 1288 476; x_wconf 64' lang='lat' dir='ltr'><strong>nocuae</strong></span> 
     </span>
    </p>
   </div>
   <div class='ocr_carea' id='block_1_2' title="bbox 1044 607 1110 676">
    <p class='ocr_par' dir='ltr' id='par_1_2' title="bbox 1044 607 1110 676">
     <span class='ocr_line' id='line_1_2' title="bbox 1044 607 1110 676; baseline 0.015 -1"><span class='ocrx_word' id='word_1_5' title='bbox 1044 607 1110 676; x_wconf 84' lang='lat'><strong>13.¹</strong></span> 
     </span>
    </p>
   </div>
   <div class='ocr_carea' id='block_1_3' title="bbox 323 736 1777 1128">
    <p class='ocr_par' dir='ltr' id='par_1_3' title="bbox 366 736 1777 1030">
     <span class='ocr_line' id='line_1_3' title="bbox 450 736 1776 828; baseline -0.001 -21"><span class='ocrx_word' id='word_1_6' title='bbox 450 741 533 807; x_wconf 89' lang='lat' dir='ltr'><strong>Item</strong></span> <span class='ocrx_word' id='word_1_7' title='bbox 552 737 684 827; x_wconf 88' lang='lat' dir='ltr'><strong>placuit,</strong></span> <span class='ocrx_word' id='word_1_8' title='bbox 710 736 797 824; x_wconf 90' lang='lat' dir='ltr'><strong>quod</strong></span> <span class='ocrx_word' id='word_1_9' title='bbox 819 737 960 806; x_wconf 88' lang='lat' dir='ltr'><strong>decanus</strong></span> <span class='ocrx_word' id='word_1_10' title='bbox 981 739 1015 804; x_wconf 91' lang='lat' dir='ltr'><strong>in</strong></span> <span class='ocrx_word' id='word_1_11' title='bbox 1037 737 1181 828; x_wconf 89' lang='lat' dir='ltr'><strong>qualibet</strong></span> <span class='ocrx_word' id='word_1_12' title='bbox 1201 737 1427 826; x_wconf 87' lang='lat' dir='ltr'><strong>disputacione</strong></span> <span class='ocrx_word' id='word_1_13' title='bbox 1447 737 1616 806; x_wconf 86' lang='lat' dir='ltr'><strong>ordinaria</strong></span> <span class='ocrx_word' id='word_1_14' title='bbox 1640 737 1776 814; x_wconf 77' lang='lat' dir='ltr'><strong>baccala-</strong></span> 
     </span>
     <span class='ocr_line' id='line_1_4' title="bbox 367 837 1775 928; baseline -0.003 -20"><span class='ocrx_word' id='word_1_15' title='bbox 367 844 490 908; x_wconf 89' lang='lat' dir='ltr'><strong>riorum</strong></span> <span class='ocrx_word' id='word_1_16' title='bbox 501 848 557 906; x_wconf 90' lang='lat' dir='ltr'><strong>aut</strong></span> <span class='ocrx_word' id='word_1_17' title='bbox 568 837 783 904; x_wconf 84' lang='lat' dir='ltr'><strong>vicedecanus</strong></span> <span class='ocrx_word' id='word_1_18' title='bbox 805 839 846 902; x_wconf 90' lang='lat' dir='ltr'><strong>sit</strong></span> <span class='ocrx_word' id='word_1_19' title='bbox 865 860 1033 927; x_wconf 78' lang='lat' dir='ltr'>praesens,</span> <span class='ocrx_word' id='word_1_20' title='bbox 1053 839 1097 904; x_wconf 91' lang='lat' dir='ltr'><strong>ad</strong></span> <span class='ocrx_word' id='word_1_21' title='bbox 1118 837 1312 904; x_wconf 79' lang='lat' dir='ltr'><strong>insolencias</strong></span> <span class='ocrx_word' id='word_1_22' title='bbox 1333 839 1495 904; x_wconf 89' lang='lat' dir='ltr'><strong>sociorum</strong></span> <span class='ocrx_word' id='word_1_23' title='bbox 1516 838 1775 928; x_wconf 63' lang='lat' dir='ltr'><strong>compescendam</strong></span> 
     </span>
     <span class='ocr_line' id='line_1_5' title="bbox 366 936 1777 1030; baseline -0.003 -22"><span class='ocrx_word' id='word_1_24' title='bbox 366 965 426 1030; x_wconf 88' lang='lat' dir='ltr'><strong>pro</strong></span> <span class='ocrx_word' id='word_1_25' title='bbox 454 940 546 1005; x_wconf 87' lang='lat' dir='ltr'><strong>cuius</strong></span> <span class='ocrx_word' id='word_1_26' title='bbox 573 937 810 1024; x_wconf 89' lang='lat' dir='ltr'><strong>inquietacione</strong></span> <span class='ocrx_word' id='word_1_27' title='bbox 838 947 871 1002; x_wconf 90' lang='lat' dir='ltr'><strong>et</strong></span> <span class='ocrx_word' id='word_1_28' title='bbox 899 936 1011 1003; x_wconf 92' lang='lat' dir='ltr'><strong>labore</strong></span> <span class='ocrx_word' id='word_1_29' title='bbox 1038 937 1158 1004; x_wconf 88' lang='lat' dir='ltr'><strong>babeat</strong></span> <span class='ocrx_word' id='word_1_30' title='bbox 1185 960 1207 1004; x_wconf 90' lang='lat' dir='ltr'><strong>a</strong></span> <span class='ocrx_word' id='word_1_31' title='bbox 1233 937 1388 1004; x_wconf 74' lang='lat' dir='ltr'><strong>facultate</strong></span> <span class='ocrx_word' id='word_1_32' title='bbox 1416 938 1500 1006; x_wconf 92' lang='lat' dir='ltr'><strong>duos</strong></span> <span class='ocrx_word' id='word_1_33' title='bbox 1527 955 1584 1024; x_wconf 61' lang='lat' dir='ltr'><strong>pc,</strong></span> <span class='ocrx_word' id='word_1_34' title='bbox 1615 937 1777 1005; x_wconf 91' lang='lat' dir='ltr'><strong>dummodo</strong></span> 
     </span>
    </p>

    <p class='ocr_par' dir='ltr' id='par_1_4' title="bbox 323 1035 1777 1128">
     <span class='ocr_line' id='line_1_6' title="bbox 323 1035 1777 1128; baseline -0.004 -18"><span class='ocrx_word' id='word_1_35' title='bbox 323 1051 340 1110; x_wconf 79' lang='lat'><strong>5</strong></span> <span class='ocrx_word' id='word_1_36' title='bbox 366 1040 483 1109; x_wconf 84' lang='lat' dir='ltr'><strong>saltem</strong></span> <span class='ocrx_word' id='word_1_37' title='bbox 509 1036 696 1128; x_wconf 78' lang='lat' dir='ltr'><strong>praesideat</strong></span> <span class='ocrx_word' id='word_1_38' title='bbox 714 1058 774 1123; x_wconf 88' lang='lat' dir='ltr'><strong>per</strong></span> <span class='ocrx_word' id='word_1_39' title='bbox 796 1036 877 1104; x_wconf 90' lang='lat' dir='ltr'><strong>duas</strong></span> <span class='ocrx_word' id='word_1_40' title='bbox 897 1036 1005 1104; x_wconf 89' lang='lat' dir='ltr'><strong>boras.</strong></span> <span class='ocrx_word' id='word_1_41' title='bbox 1043 1036 1089 1104; x_wconf 83' lang='lat' dir='ltr'><strong>Et</strong></span> <span class='ocrx_word' id='word_1_42' title='bbox 1108 1035 1189 1104; x_wconf 92' lang='lat' dir='ltr'><strong>illud</strong></span> <span class='ocrx_word' id='word_1_43' title='bbox 1216 1047 1419 1127; x_wconf 89' lang='lat' dir='ltr'><strong>assumptum</strong></span> <span class='ocrx_word' id='word_1_44' title='bbox 1439 1048 1489 1105; x_wconf 90' lang='lat' dir='ltr'><strong>est</strong></span> <span class='ocrx_word' id='word_1_45' title='bbox 1515 1038 1559 1104; x_wconf 92' lang='lat' dir='ltr'><strong>ad</strong></span> <span class='ocrx_word' id='word_1_46' title='bbox 1586 1037 1720 1126; x_wconf 77' lang='lat' dir='ltr'><strong>probem</strong></span> <span class='ocrx_word' id='word_1_47' title='bbox 1739 1037 1777 1104; x_wconf 88' lang='lat' dir='ltr'><strong>ad</strong></span> 
     </span>
    </p>
   </div>
   <div class='ocr_carea' id='block_1_4' title="bbox 366 1142 1461 1373">
    <p class='ocr_par' dir='ltr' id='par_1_5' title="bbox 366 1142 1461 1373">
     <span class='ocr_line' id='line_1_7' title="bbox 366 1142 579 1209; baseline -0.019 -2"><span class='ocrx_word' id='word_1_48' title='bbox 366 1142 446 1209; x_wconf 89' lang='lat' dir='ltr'><strong>duos</strong></span> <span class='ocrx_word' id='word_1_49' title='bbox 467 1161 579 1206; x_wconf 88' lang='lat' dir='ltr'><strong>annos.</strong></span> 
     </span>
     <span class='ocr_line' id='line_1_8' title="bbox 698 1293 1461 1373; baseline 0 -18"><span class='ocrx_word' id='word_1_50' title='bbox 698 1293 747 1357; x_wconf 87' lang='grc'><strong>14.</strong></span> <span class='ocrx_word' id='word_1_51' title='bbox 767 1305 815 1354; x_wconf 86' lang='lat' dir='ltr'><strong>on</strong></span> <span class='ocrx_word' id='word_1_52' title='bbox 836 1304 936 1373; x_wconf 82' lang='lat' dir='ltr'><strong>mars,</strong></span> <span class='ocrx_word' id='word_1_53' title='bbox 958 1305 1050 1368; x_wconf 78' lang='lat' dir='ltr'><strong>Quas</strong></span> <span class='ocrx_word' id='word_1_54' title='bbox 1071 1305 1227 1357; x_wconf 75' lang='lat' dir='ltr'><strong>emma</strong></span> <span class='ocrx_word' id='word_1_55' title='bbox 1245 1305 1461 1358; x_wconf 75' lang='lat' dir='ltr'><strong>ussermann.</strong></span> 
     </span>
    </p>
   </div>
   <div class='ocr_carea' id='block_1_5' title="bbox 323 1437 1777 2403">
    <p class='ocr_par' dir='ltr' id='par_1_6' title="bbox 449 1437 1777 1529">
     <span class='ocr_line' id='line_1_9' title="bbox 449 1437 1777 1529; baseline -0.004 -22"><span class='ocrx_word' id='word_1_56' title='bbox 449 1440 533 1507; x_wconf 84' lang='lat' dir='ltr'><strong>Item</strong></span> <span class='ocrx_word' id='word_1_57' title='bbox 554 1438 696 1505; x_wconf 90' lang='lat' dir='ltr'><strong>decanus</strong></span> <span class='ocrx_word' id='word_1_58' title='bbox 719 1437 779 1504; x_wconf 92' lang='lat' dir='ltr'><strong>sub</strong></span> <span class='ocrx_word' id='word_1_59' title='bbox 800 1461 906 1528; x_wconf 87' lang='lat' dir='ltr'><strong>poena</strong></span> <span class='ocrx_word' id='word_1_60' title='bbox 927 1441 1062 1527; x_wconf 88' lang='lat' dir='ltr'><strong>periurii</strong></span> <span class='ocrx_word' id='word_1_61' title='bbox 1082 1439 1205 1506; x_wconf 90' lang='lat' dir='ltr'><strong>nullum</strong></span> <span class='ocrx_word' id='word_1_62' title='bbox 1226 1439 1484 1529; x_wconf 89' lang='lat' dir='ltr'><strong>promovendum</strong></span> <span class='ocrx_word' id='word_1_63' title='bbox 1508 1459 1570 1527; x_wconf 92' lang='lat' dir='ltr'><strong>pcr</strong></span> <span class='ocrx_word' id='word_1_64' title='bbox 1594 1460 1630 1504; x_wconf 87' lang='lat' dir='ltr'><strong>se</strong></span> <span class='ocrx_word' id='word_1_65' title='bbox 1650 1437 1702 1503; x_wconf 84' lang='lat' dir='ltr'><strong>vel</strong></span> <span class='ocrx_word' id='word_1_66' title='bbox 1725 1459 1777 1525; x_wconf 87' lang='lat' dir='ltr'><strong>per</strong></span> 
     </span>
    </p>

    <p class='ocr_par' dir='ltr' id='par_1_7' title="bbox 326 1536 1777 1726">
     <span class='ocr_line' id='line_1_10' title="bbox 367 1536 1777 1626; baseline -0.002 -22"><span class='ocrx_word' id='word_1_67' title='bbox 367 1538 465 1605; x_wconf 90' lang='lat' dir='ltr'><strong>alium</strong></span> <span class='ocrx_word' id='word_1_68' title='bbox 489 1538 529 1604; x_wconf 89' lang='lat' dir='ltr'><strong>dc</strong></span> <span class='ocrx_word' id='word_1_69' title='bbox 558 1537 823 1626; x_wconf 78' lang='lat' dir='ltr'><strong>responsionibus</strong></span> <span class='ocrx_word' id='word_1_70' title='bbox 844 1538 906 1604; x_wconf 88' lang='lat' dir='ltr'><strong>sibi</strong></span> <span class='ocrx_word' id='word_1_71' title='bbox 932 1539 1138 1626; x_wconf 82' lang='lat' dir='ltr'><strong>assignandis</strong></span> <span class='ocrx_word' id='word_1_72' title='bbox 1160 1539 1339 1606; x_wconf 87' lang='lat' dir='ltr'><strong>certificare</strong></span> <span class='ocrx_word' id='word_1_73' title='bbox 1360 1537 1466 1606; x_wconf 88' lang='lat' dir='ltr'><strong>debet.</strong></span> <span class='ocrx_word' id='word_1_74' title='bbox 1503 1537 1596 1604; x_wconf 85' lang='lat' dir='ltr'><strong>Idem</strong></span> <span class='ocrx_word' id='word_1_75' title='bbox 1622 1537 1723 1603; x_wconf 87' lang='lat' dir='ltr'><strong>eciam</strong></span> <span class='ocrx_word' id='word_1_76' title='bbox 1741 1536 1777 1601; x_wconf 89' lang='lat' dir='ltr'><strong>de</strong></span> 
     </span>
     <span class='ocr_line' id='line_1_11' title="bbox 326 1636 1528 1726; baseline -0.003 -20"><span class='ocrx_word' id='word_1_77' title='bbox 326 1650 358 1706; x_wconf 89' lang='lat'><strong>10</strong></span> <span class='ocrx_word' id='word_1_78' title='bbox 367 1637 633 1706; x_wconf 88' lang='lat' dir='ltr'><strong>vicecancellario</strong></span> <span class='ocrx_word' id='word_1_79' title='bbox 656 1636 819 1703; x_wconf 80' lang='lat' dir='ltr'><strong>facultatis</strong></span> <span class='ocrx_word' id='word_1_80' title='bbox 840 1639 964 1705; x_wconf 86' lang='lat' dir='ltr'><strong>arcium</strong></span> <span class='ocrx_word' id='word_1_81' title='bbox 984 1639 1175 1726; x_wconf 85' lang='lat' dir='ltr'><strong>intelligitur</strong></span> <span class='ocrx_word' id='word_1_82' title='bbox 1197 1638 1256 1704; x_wconf 91' lang='lat' dir='ltr'><strong>sub</strong></span> <span class='ocrx_word' id='word_1_83' title='bbox 1278 1637 1392 1705; x_wconf 89' lang='lat' dir='ltr'><strong>eadem</strong></span> <span class='ocrx_word' id='word_1_84' title='bbox 1413 1661 1528 1726; x_wconf 87' lang='lat' dir='ltr'><strong>poena.</strong></span> 
     </span>
    </p>

    <p class='ocr_par' dir='ltr' id='par_1_8' title="bbox 361 1735 1777 2124">
     <span class='ocr_line' id='line_1_12' title="bbox 447 1735 1776 1827; baseline -0.002 -23"><span class='ocrx_word' id='word_1_85' title='bbox 447 1739 530 1804; x_wconf 88' lang='lat' dir='ltr'><strong>Item</strong></span> <span class='ocrx_word' id='word_1_86' title='bbox 550 1737 691 1804; x_wconf 89' lang='lat' dir='ltr'><strong>decanus</strong></span> <span class='ocrx_word' id='word_1_87' title='bbox 712 1735 834 1803; x_wconf 92' lang='lat' dir='ltr'><strong>nullum</strong></span> <span class='ocrx_word' id='word_1_88' title='bbox 855 1736 953 1806; x_wconf 91' lang='lat' dir='ltr'><strong>debet</strong></span> <span class='ocrx_word' id='word_1_89' title='bbox 971 1738 1149 1804; x_wconf 81' lang='lat' dir='ltr'><strong>inscribere</strong></span> <span class='ocrx_word' id='word_1_90' title='bbox 1171 1761 1231 1826; x_wconf 90' lang='lat' dir='ltr'><strong>pro</strong></span> <span class='ocrx_word' id='word_1_91' title='bbox 1249 1740 1409 1823; x_wconf 85' lang='lat' dir='ltr'><strong>examine,</strong></span> <span class='ocrx_word' id='word_1_92' title='bbox 1429 1739 1493 1804; x_wconf 90' lang='lat' dir='ltr'><strong>nisi</strong></span> <span class='ocrx_word' id='word_1_93' title='bbox 1514 1739 1606 1827; x_wconf 90' lang='lat' dir='ltr'><strong>prius</strong></span> <span class='ocrx_word' id='word_1_94' title='bbox 1619 1737 1684 1803; x_wconf 87' lang='lat' dir='ltr'><strong>tale</strong></span> <span class='ocrx_word' id='word_1_95' title='bbox 1704 1737 1776 1801; x_wconf 78' lang='lat' dir='ltr'><strong>fece</strong></span> 
     </span>
     <span class='ocr_line' id='line_1_13' title="bbox 365 1835 1776 1927; baseline -0.003 -23"><span class='ocrx_word' id='word_1_96' title='bbox 365 1840 408 1904; x_wconf 87' lang='lat' dir='ltr'><strong>rit</strong></span> <span class='ocrx_word' id='word_1_97' title='bbox 427 1840 651 1920; x_wconf 88' lang='lat' dir='ltr'><strong>iuramentum,</strong></span> <span class='ocrx_word' id='word_1_98' title='bbox 679 1835 817 1904; x_wconf 85' lang='lat' dir='ltr'><strong>scilicet:</strong></span> <span class='ocrx_word' id='word_1_99' title='bbox 858 1837 952 1926; x_wconf 84' lang='lat' dir='ltr'><strong>„Ego</strong></span> <span class='ocrx_word' id='word_1_100' title='bbox 974 1839 1022 1904; x_wconf 92' lang='lat' dir='ltr'><strong>.N.</strong></span> <span class='ocrx_word' id='word_1_101' title='bbox 1042 1839 1125 1922; x_wconf 87' lang='lat' dir='ltr'><strong>iuro,</strong></span> <span class='ocrx_word' id='word_1_102' title='bbox 1155 1837 1242 1927; x_wconf 90' lang='lat' dir='ltr'><strong>quod</strong></span> <span class='ocrx_word' id='word_1_103' title='bbox 1262 1861 1366 1927; x_wconf 90' lang='lat' dir='ltr'><strong>neque</strong></span> <span class='ocrx_word' id='word_1_104' title='bbox 1387 1839 1469 1907; x_wconf 89' lang='lat' dir='ltr'><strong>etc.“</strong></span> <span class='ocrx_word' id='word_1_105' title='bbox 1496 1837 1650 1904; x_wconf 89' lang='lat' dir='ltr'><strong>videlicet</strong></span> <span class='ocrx_word' id='word_1_106' title='bbox 1669 1839 1702 1904; x_wconf 92' lang='lat' dir='ltr'><strong>in</strong></span> <span class='ocrx_word' id='word_1_107' title='bbox 1722 1845 1776 1900; x_wconf 88' lang='lat' dir='ltr'><strong>sta·</strong></span> 
     </span>
     <span class='ocr_line' id='line_1_14' title="bbox 362 1935 1777 2025; baseline -0.003 -21"><span class='ocrx_word' id='word_1_108' title='bbox 362 1940 440 2004; x_wconf 89' lang='lat' dir='ltr'><strong>tutis</strong></span> <span class='ocrx_word' id='word_1_109' title='bbox 470 1937 772 2025; x_wconf 86' lang='lat' dir='ltr'><strong>promovendorum.</strong></span> <span class='ocrx_word' id='word_1_110' title='bbox 810 1935 922 2024; x_wconf 87' lang='lat' dir='ltr'><strong>Neque</strong></span> <span class='ocrx_word' id='word_1_111' title='bbox 951 1936 1048 2003; x_wconf 85' lang='lat' dir='ltr'><strong>debet</strong></span> <span class='ocrx_word' id='word_1_112' title='bbox 1077 1937 1219 2004; x_wconf 89' lang='lat' dir='ltr'><strong>decanus</strong></span> <span class='ocrx_word' id='word_1_113' title='bbox 1248 1946 1306 2003; x_wconf 91' lang='lat' dir='ltr'><strong>aut</strong></span> <span class='ocrx_word' id='word_1_114' title='bbox 1334 1936 1451 2025; x_wconf 89' lang='lat' dir='ltr'><strong>aliquis</strong></span> <span class='ocrx_word' id='word_1_115' title='bbox 1480 1939 1777 2003; x_wconf 87' lang='lat' dir='ltr'><strong>examinatornma</strong></span> 
     </span>
     <span class='ocr_line' id='line_1_15' title="bbox 361 2034 1775 2124; baseline -0.002 -22"><span class='ocrx_word' id='word_1_116' title='bbox 361 2036 613 2103; x_wconf 86' lang='lat' dir='ltr'><strong>baccalariando</strong></span> <span class='ocrx_word' id='word_1_117' title='bbox 633 2045 780 2124; x_wconf 88' lang='lat' dir='ltr'><strong>tempore</strong></span> <span class='ocrx_word' id='word_1_118' title='bbox 799 2037 958 2102; x_wconf 86' lang='lat' dir='ltr'><strong>examinis</strong></span> <span class='ocrx_word' id='word_1_119' title='bbox 976 2037 1064 2103; x_wconf 88' lang='lat' dir='ltr'><strong>ultra</strong></span> <span class='ocrx_word' id='word_1_120' title='bbox 1085 2059 1144 2102; x_wconf 85' lang='lat' dir='ltr'><strong>sex</strong></span> <span class='ocrx_word' id='word_1_121' title='bbox 1165 2051 1216 2123; x_wconf 66' lang='lat' dir='ltr'><strong>qt,</strong></span> <span class='ocrx_word' id='word_1_122' title='bbox 1238 2046 1270 2102; x_wconf 89' lang='lat' dir='ltr'><strong>et</strong></span> <span class='ocrx_word' id='word_1_123' title='bbox 1291 2059 1312 2102; x_wconf 92' lang='lat' dir='ltr'><strong>a</strong></span> <span class='ocrx_word' id='word_1_124' title='bbox 1331 2037 1554 2124; x_wconf 87' lang='lat' dir='ltr'><strong>magistrando</strong></span> <span class='ocrx_word' id='word_1_125' title='bbox 1572 2035 1660 2102; x_wconf 86' lang='lat' dir='ltr'><strong>ultra</strong></span> <span class='ocrx_word' id='word_1_126' title='bbox 1674 2034 1775 2101; x_wconf 85' lang='lat' dir='ltr'><strong>decem</strong></span> 
     </span>
    </p>

    <p class='ocr_par' dir='ltr' id='par_1_9' title="bbox 323 2134 1776 2403">
     <span class='ocr_line' id='line_1_16' title="bbox 323 2134 1776 2226; baseline -0.003 -23"><span class='ocrx_word' id='word_1_127' title='bbox 323 2146 353 2203; x_wconf 76' lang='lat' dir='ltr'><strong>tt</strong></span> <span class='ocrx_word' id='word_1_128' title='bbox 365 2160 481 2226; x_wconf 87' lang='lat' dir='ltr'><strong>capere</strong></span> <span class='ocrx_word' id='word_1_129' title='bbox 501 2159 643 2223; x_wconf 84' lang='lat' dir='ltr'><strong>grossos,</strong></span> <span class='ocrx_word' id='word_1_130' title='bbox 668 2134 728 2202; x_wconf 89' lang='lat' dir='ltr'><strong>sub</strong></span> <span class='ocrx_word' id='word_1_131' title='bbox 750 2157 855 2224; x_wconf 87' lang='lat' dir='ltr'><strong>poena</strong></span> <span class='ocrx_word' id='word_1_132' title='bbox 875 2137 1021 2224; x_wconf 87' lang='lat' dir='ltr'><strong>periurii,</strong></span> <span class='ocrx_word' id='word_1_133' title='bbox 1048 2136 1188 2224; x_wconf 86' lang='lat' dir='ltr'><strong>demptis</strong></span> <span class='ocrx_word' id='word_1_134' title='bbox 1210 2147 1319 2204; x_wconf 60' lang='lat' dir='ltr'><strong>nmen</strong></span> <span class='ocrx_word' id='word_1_135' title='bbox 1339 2137 1497 2224; x_wconf 89' lang='lat' dir='ltr'><strong>pecuniis,</strong></span> <span class='ocrx_word' id='word_1_136' title='bbox 1525 2159 1607 2224; x_wconf 89' lang='lat' dir='ltr'><strong>quas</strong></span> <span class='ocrx_word' id='word_1_137' title='bbox 1628 2158 1688 2226; x_wconf 91' lang='lat' dir='ltr'><strong>pro</strong></span> <span class='ocrx_word' id='word_1_138' title='bbox 1706 2135 1776 2201; x_wconf 88' lang='lat' dir='ltr'><strong>locis</strong></span> 
     </span>
     <span class='ocr_line' id='line_1_17' title="bbox 361 2234 1775 2322; baseline -0.002 -20"><span class='ocrx_word' id='word_1_139' title='bbox 361 2236 440 2302; x_wconf 90' lang='lat' dir='ltr'><strong>darc</strong></span> <span class='ocrx_word' id='word_1_140' title='bbox 465 2245 621 2302; x_wconf 87' lang='lat' dir='ltr'><strong>tenentur.</strong></span> <span class='ocrx_word' id='word_1_141' title='bbox 661 2235 706 2302; x_wconf 86' lang='lat' dir='ltr'><strong>Et</strong></span> <span class='ocrx_word' id='word_1_142' title='bbox 725 2235 969 2303; x_wconf 87' lang='lat' dir='ltr'><strong>baccalariandi</strong></span> <span class='ocrx_word' id='word_1_143' title='bbox 996 2235 1115 2304; x_wconf 88' lang='lat' dir='ltr'><strong>debent</strong></span> <span class='ocrx_word' id='word_1_144' title='bbox 1141 2235 1277 2304; x_wconf 88' lang='lat' dir='ltr'><strong>inscribi</strong></span> <span class='ocrx_word' id='word_1_145' title='bbox 1306 2234 1481 2303; x_wconf 87' lang='lat' dir='ltr'><strong>secundum</strong></span> <span class='ocrx_word' id='word_1_146' title='bbox 1502 2235 1659 2320; x_wconf 89' lang='lat' dir='ltr'><strong>ordinem,</strong></span> <span class='ocrx_word' id='word_1_147' title='bbox 1691 2255 1775 2322; x_wconf 86' lang='lat' dir='ltr'><strong>quem</strong></span> 
     </span>
     <span class='ocr_line' id='line_1_18' title="bbox 359 2333 975 2403; baseline -0.002 -1"><span class='ocrx_word' id='word_1_148' title='bbox 359 2335 481 2403; x_wconf 89' lang='lat' dir='ltr'><strong>babent</strong></span> <span class='ocrx_word' id='word_1_149' title='bbox 501 2337 536 2402; x_wconf 92' lang='lat' dir='ltr'><strong>in</strong></span> <span class='ocrx_word' id='word_1_150' title='bbox 553 2333 725 2402; x_wconf 84' lang='lat' dir='ltr'><strong>matricula</strong></span> <span class='ocrx_word' id='word_1_151' title='bbox 743 2336 975 2403; x_wconf 74' lang='lat' dir='ltr'><strong>unirersitatis.</strong></span> 
     </span>
    </p>
   </div>
   <div class='ocr_carea' id='block_1_6' title="bbox 748 2510 1400 2572">
    <p class='ocr_par' dir='ltr' id='par_1_10' title="bbox 748 2510 1400 2572">
     <span class='ocr_line' id='line_1_19' title="bbox 748 2510 1400 2572; baseline 0.002 -1"><span class='ocrx_word' id='word_1_152' title='bbox 748 2510 796 2571; x_wconf 83' lang='lat'><strong>15.</strong></span> <span class='ocrx_word' id='word_1_153' title='bbox 817 2520 865 2569; x_wconf 85' lang='lat' dir='ltr'><strong>nn</strong></span> <span class='ocrx_word' id='word_1_154' title='bbox 886 2519 1000 2570; x_wconf 83' lang='lat' dir='ltr'><strong>umms</strong></span> <span class='ocrx_word' id='word_1_155' title='bbox 1021 2518 1238 2570; x_wconf 70' lang='lat' dir='ltr'><strong>succursus</strong></span> <span class='ocrx_word' id='word_1_156' title='bbox 1258 2519 1400 2572; x_wconf 76' lang='lat' dir='ltr'><strong>samum</strong></span> 
     </span>
    </p>
   </div>
   <div class='ocr_carea' id='block_1_7' title="bbox 314 2634 1775 4124">
    <p class='ocr_par' dir='ltr' id='par_1_11' title="bbox 314 2634 1775 4124">
     <span class='ocr_line' id='line_1_20' title="bbox 441 2634 1775 2727; baseline -0.001 -26"><span class='ocrx_word' id='word_1_157' title='bbox 441 2634 580 2720; x_wconf 84' lang='lat' dir='ltr'><strong>Placuit,</strong></span> <span class='ocrx_word' id='word_1_158' title='bbox 605 2646 643 2702; x_wconf 92' lang='lat' dir='ltr'><strong>ut</strong></span> <span class='ocrx_word' id='word_1_159' title='bbox 662 2634 804 2702; x_wconf 88' lang='lat' dir='ltr'><strong>decanus</strong></span> <span class='ocrx_word' id='word_1_160' title='bbox 825 2658 885 2723; x_wconf 90' lang='lat' dir='ltr'><strong>pro</strong></span> <span class='ocrx_word' id='word_1_161' title='bbox 904 2645 1050 2723; x_wconf 91' lang='lat' dir='ltr'><strong>tempore</strong></span> <span class='ocrx_word' id='word_1_162' title='bbox 1072 2636 1216 2702; x_wconf 82' lang='lat' dir='ltr'><strong>existens</strong></span> <span class='ocrx_word' id='word_1_163' title='bbox 1238 2635 1298 2702; x_wconf 93' lang='lat' dir='ltr'><strong>sub</strong></span> <span class='ocrx_word' id='word_1_164' title='bbox 1318 2659 1426 2727; x_wconf 88' lang='lat' dir='ltr'><strong>poena</strong></span> <span class='ocrx_word' id='word_1_165' title='bbox 1453 2637 1566 2704; x_wconf 89' lang='lat' dir='ltr'><strong>decem</strong></span> <span class='ocrx_word' id='word_1_166' title='bbox 1590 2635 1775 2704; x_wconf 85' lang='lat' dir='ltr'><strong>florenorum</strong></span> 
     </span>
     <span class='ocr_line' id='line_1_21' title="bbox 317 2733 1774 2822; baseline -0.002 -21"><span class='ocrx_word' id='word_1_167' title='bbox 317 2735 404 2802; x_wconf 76' lang='lat' dir='ltr'><strong>rosit</strong></span> <span class='ocrx_word' id='word_1_168' title='bbox 422 2736 575 2801; x_wconf 87' lang='lat' dir='ltr'><strong>astrictus</strong></span> <span class='ocrx_word' id='word_1_169' title='bbox 595 2733 639 2800; x_wconf 90' lang='lat' dir='ltr'><strong>ad</strong></span> <span class='ocrx_word' id='word_1_170' title='bbox 663 2735 936 2822; x_wconf 88' lang='lat' dir='ltr'><strong>praesentandum</strong></span> <span class='ocrx_word' id='word_1_171' title='bbox 957 2735 1088 2802; x_wconf 87' lang='lat' dir='ltr'><strong>realiter</strong></span> <span class='ocrx_word' id='word_1_172' title='bbox 1114 2745 1146 2802; x_wconf 87' lang='lat' dir='ltr'><strong>et</strong></span> <span class='ocrx_word' id='word_1_173' title='bbox 1167 2759 1239 2802; x_wconf 92' lang='lat' dir='ltr'><strong>cum</strong></span> <span class='ocrx_word' id='word_1_174' title='bbox 1261 2737 1377 2802; x_wconf 83' lang='lat' dir='ltr'><strong>effectu</strong></span> <span class='ocrx_word' id='word_1_175' title='bbox 1396 2759 1508 2804; x_wconf 86' lang='lat' dir='ltr'><strong>omnes</strong></span> <span class='ocrx_word' id='word_1_176' title='bbox 1528 2735 1632 2804; x_wconf 93' lang='lat' dir='ltr'><strong>libros</strong></span> <span class='ocrx_word' id='word_1_177' title='bbox 1652 2733 1774 2801; x_wconf 88' lang='lat' dir='ltr'><strong>faculta-</strong></span> 
     </span>
     <span class='ocr_line' id='line_1_22' title="bbox 359 2832 1774 2923; baseline -0.002 -23"><span class='ocrx_word' id='word_1_178' title='bbox 359 2836 412 2920; x_wconf 87' lang='lat' dir='ltr'><strong>tis,</strong></span> <span class='ocrx_word' id='word_1_179' title='bbox 439 2833 502 2900; x_wconf 91' lang='lat' dir='ltr'><strong>sibi</strong></span> <span class='ocrx_word' id='word_1_180' title='bbox 529 2843 764 2922; x_wconf 85' lang='lat' dir='ltr'><strong>praesentatos,</strong></span> <span class='ocrx_word' id='word_1_181' title='bbox 792 2858 850 2901; x_wconf 91' lang='lat' dir='ltr'><strong>suo</strong></span> <span class='ocrx_word' id='word_1_182' title='bbox 873 2837 1054 2902; x_wconf 89' lang='lat' dir='ltr'><strong>successori</strong></span> <span class='ocrx_word' id='word_1_183' title='bbox 1083 2859 1121 2902; x_wconf 89' lang='lat' dir='ltr'><strong>eo</strong></span> <span class='ocrx_word' id='word_1_184' title='bbox 1147 2845 1303 2923; x_wconf 90' lang='lat' dir='ltr'><strong>tempore,</strong></span> <span class='ocrx_word' id='word_1_185' title='bbox 1332 2858 1396 2922; x_wconf 90' lang='lat' dir='ltr'><strong>quo</strong></span> <span class='ocrx_word' id='word_1_186' title='bbox 1426 2835 1540 2903; x_wconf 87' lang='lat' dir='ltr'><strong>fecerit</strong></span> <span class='ocrx_word' id='word_1_187' title='bbox 1565 2832 1774 2902; x_wconf 77' lang='lat' dir='ltr'><strong>rationando</strong></span> 
     </span>
     <span class='ocr_line' id='line_1_23' title="bbox 345 2933 1774 3024; baseline 0.001 -28"><span class='ocrx_word' id='word_1_188' title='bbox 345 2933 433 3001; x_wconf 83' lang='lat' dir='ltr'><strong>¹aliis</strong></span> <span class='ocrx_word' id='word_1_189' title='bbox 454 2935 617 3023; x_wconf 89' lang='lat' dir='ltr'><strong>perceptis</strong></span> <span class='ocrx_word' id='word_1_190' title='bbox 638 2956 680 3000; x_wconf 85' lang='lat' dir='ltr'><strong>ex</strong></span> <span class='ocrx_word' id='word_1_191' title='bbox 702 2941 797 3022; x_wconf 88' lang='lat' dir='ltr'><strong>parte</strong></span> <span class='ocrx_word' id='word_1_192' title='bbox 817 2933 990 3000; x_wconf 83' lang='lat' dir='ltr'><strong>facultatis.</strong></span> <span class='ocrx_word' id='word_1_193' title='bbox 1029 2933 1139 3000; x_wconf 85' lang='lat' dir='ltr'><strong>Etiam</strong></span> <span class='ocrx_word' id='word_1_194' title='bbox 1168 2933 1255 3000; x_wconf 92' lang='lat' dir='ltr'><strong>idem</strong></span> <span class='ocrx_word' id='word_1_195' title='bbox 1283 2934 1425 3002; x_wconf 88' lang='lat' dir='ltr'><strong>decanus</strong></span> <span class='ocrx_word' id='word_1_196' title='bbox 1453 2934 1514 3002; x_wconf 86' lang='lat' dir='ltr'><strong>sub</strong></span> <span class='ocrx_word' id='word_1_197' title='bbox 1536 2936 1652 3003; x_wconf 90' lang='lat' dir='ltr'><strong>cadem</strong></span> <span class='ocrx_word' id='word_1_198' title='bbox 1679 2955 1774 3024; x_wconf 88' lang='lat' dir='ltr'><strong>poena</strong></span> 
     </span>
     <span class='ocr_line' id='line_1_24' title="bbox 358 3032 1774 3121; baseline -0.004 -20"><span class='ocrx_word' id='word_1_199' title='bbox 358 3034 439 3101; x_wconf 89' lang='lat' dir='ltr'><strong>nulli</strong></span> <span class='ocrx_word' id='word_1_200' title='bbox 465 3034 687 3101; x_wconf 89' lang='lat' dir='ltr'><strong>accommodet</strong></span> <span class='ocrx_word' id='word_1_201' title='bbox 706 3032 846 3121; x_wconf 88' lang='lat' dir='ltr'><strong>aliquem</strong></span> <span class='ocrx_word' id='word_1_202' title='bbox 875 3032 995 3100; x_wconf 91' lang='lat' dir='ltr'><strong>librum</strong></span> <span class='ocrx_word' id='word_1_203' title='bbox 1023 3033 1188 3100; x_wconf 82' lang='lat' dir='ltr'><strong>facultatis</strong></span> <span class='ocrx_word' id='word_1_204' title='bbox 1218 3043 1274 3101; x_wconf 90' lang='lat' dir='ltr'><strong>aut</strong></span> <span class='ocrx_word' id='word_1_205' title='bbox 1299 3033 1410 3120; x_wconf 91' lang='lat' dir='ltr'><strong>libros,</strong></span> <span class='ocrx_word' id='word_1_206' title='bbox 1440 3037 1505 3102; x_wconf 89' lang='lat' dir='ltr'><strong>nisi</strong></span> <span class='ocrx_word' id='word_1_207' title='bbox 1532 3035 1608 3102; x_wconf 88' lang='lat' dir='ltr'><strong>talis</strong></span> <span class='ocrx_word' id='word_1_208' title='bbox 1635 3035 1774 3101; x_wconf 86' lang='lat' dir='ltr'><strong>restituat</strong></span> 
     </span>
     <span class='ocr_line' id='line_1_25' title="bbox 358 3129 1773 3223; baseline -0.002 -23"><span class='ocrx_word' id='word_1_209' title='bbox 358 3135 424 3223; x_wconf 92' lang='lat' dir='ltr'><strong>ipsi</strong></span> <span class='ocrx_word' id='word_1_210' title='bbox 445 3134 568 3202; x_wconf 86' lang='lat' dir='ltr'><strong>decano</strong></span> <span class='ocrx_word' id='word_1_211' title='bbox 589 3134 859 3220; x_wconf 82' lang='lat' dir='ltr'><strong>recoguicioncm,</strong></span> <span class='ocrx_word' id='word_1_212' title='bbox 878 3135 912 3199; x_wconf 92' lang='lat' dir='ltr'><strong>in</strong></span> <span class='ocrx_word' id='word_1_213' title='bbox 931 3155 997 3223; x_wconf 87' lang='lat' dir='ltr'><strong>qua</strong></span> <span class='ocrx_word' id='word_1_214' title='bbox 1018 3132 1140 3220; x_wconf 85' lang='lat' dir='ltr'><strong>obliget</strong></span> <span class='ocrx_word' id='word_1_215' title='bbox 1161 3157 1197 3202; x_wconf 87' lang='lat' dir='ltr'><strong>se</strong></span> <span class='ocrx_word' id='word_1_216' title='bbox 1218 3134 1261 3201; x_wconf 87' lang='lat' dir='ltr'><strong>ad</strong></span> <span class='ocrx_word' id='word_1_217' title='bbox 1282 3134 1592 3223; x_wconf 84' lang='lat' dir='ltr'><strong>repraesentandum</strong></span> <span class='ocrx_word' id='word_1_218' title='bbox 1613 3137 1712 3200; x_wconf 88' lang='lat' dir='ltr'><strong>istum</strong></span> <span class='ocrx_word' id='word_1_219' title='bbox 1730 3129 1773 3198; x_wconf 83' lang='lat' dir='ltr'><strong>vel</strong></span> 
     </span>
     <span class='ocr_line' id='line_1_26' title="bbox 316 3231 1773 3322; baseline -0.003 -20"><span class='ocrx_word' id='word_1_220' title='bbox 316 3237 440 3302; x_wconf 71' lang='lat' dir='ltr'><strong>anns</strong></span> <span class='ocrx_word' id='word_1_221' title='bbox 466 3243 541 3302; x_wconf 89' lang='lat' dir='ltr'><strong>ante</strong></span> <span class='ocrx_word' id='word_1_222' title='bbox 570 3243 754 3322; x_wconf 89' lang='lat' dir='ltr'><strong>computum</strong></span> <span class='ocrx_word' id='word_1_223' title='bbox 782 3256 883 3317; x_wconf 89' lang='lat' dir='ltr'><strong>suum,</strong></span> <span class='ocrx_word' id='word_1_224' title='bbox 910 3255 1006 3322; x_wconf 91' lang='lat' dir='ltr'><strong>quem</strong></span> <span class='ocrx_word' id='word_1_225' title='bbox 1034 3241 1161 3300; x_wconf 86' lang='lat' dir='ltr'><strong>tenetur</strong></span> <span class='ocrx_word' id='word_1_226' title='bbox 1189 3235 1298 3302; x_wconf 89' lang='lat' dir='ltr'><strong>facero</strong></span> <span class='ocrx_word' id='word_1_227' title='bbox 1323 3257 1410 3303; x_wconf 81' lang='lat' dir='ltr'><strong>novo</strong></span> <span class='ocrx_word' id='word_1_228' title='bbox 1435 3232 1569 3318; x_wconf 87' lang='lat' dir='ltr'><strong>decano,</strong></span> <span class='ocrx_word' id='word_1_229' title='bbox 1599 3231 1773 3322; x_wconf 88' lang='lat' dir='ltr'><strong>subpriori</strong></span> 
     </span>
     <span class='ocr_line' id='line_1_27' title="bbox 358 3332 1773 3424; baseline -0.004 -21"><span class='ocrx_word' id='word_1_230' title='bbox 358 3357 474 3424; x_wconf 88' lang='lat' dir='ltr'><strong>poena,</strong></span> <span class='ocrx_word' id='word_1_231' title='bbox 503 3333 626 3408; x_wconf 84' lang='lat' dir='ltr'><strong>scilicet</strong></span> <span class='ocrx_word' id='word_1_232' title='bbox 646 3333 759 3400; x_wconf 89' lang='lat' dir='ltr'><strong>decem</strong></span> <span class='ocrx_word' id='word_1_233' title='bbox 783 3332 997 3417; x_wconf 79' lang='lat' dir='ltr'><strong>florenorum3</strong></span> <span class='ocrx_word' id='word_1_234' title='bbox 1025 3342 1082 3398; x_wconf 89' lang='lat' dir='ltr'><strong>aut</strong></span> <span class='ocrx_word' id='word_1_235' title='bbox 1103 3333 1253 3402; x_wconf 89' lang='lat' dir='ltr'><strong>adminus</strong></span> <span class='ocrx_word' id='word_1_236' title='bbox 1274 3333 1418 3401; x_wconf 87' lang='lat' dir='ltr'><strong>obtineat</strong></span> <span class='ocrx_word' id='word_1_237' title='bbox 1445 3333 1610 3401; x_wconf 85' lang='lat' dir='ltr'><strong>facultatis</strong></span> <span class='ocrx_word' id='word_1_238' title='bbox 1636 3332 1773 3400; x_wconf 81' lang='lat' dir='ltr'><strong>volunta·</strong></span> 
     </span>
     <span class='ocr_line' id='line_1_28' title="bbox 356 3431 1772 3522; baseline -0.005 -18"><span class='ocrx_word' id='word_1_239' title='bbox 356 3446 430 3504; x_wconf 84' lang='lat' dir='ltr'><strong>tem</strong></span> <span class='ocrx_word' id='word_1_240' title='bbox 472 3433 538 3502; x_wconf 90' lang='lat' dir='ltr'><strong>Suo</strong></span> <span class='ocrx_word' id='word_1_241' title='bbox 568 3433 664 3500; x_wconf 92' lang='lat' dir='ltr'><strong>modo</strong></span> <span class='ocrx_word' id='word_1_242' title='bbox 693 3433 796 3498; x_wconf 89' lang='lat' dir='ltr'><strong>eciam</strong></span> <span class='ocrx_word' id='word_1_243' title='bbox 825 3431 967 3498; x_wconf 90' lang='lat' dir='ltr'><strong>decanus</strong></span> <span class='ocrx_word' id='word_1_244' title='bbox 995 3433 1109 3519; x_wconf 92' lang='lat' dir='ltr'><strong>faciet,</strong></span> <span class='ocrx_word' id='word_1_245' title='bbox 1139 3437 1167 3500; x_wconf 90' lang='lat' dir='ltr'><strong>si</strong></span> <span class='ocrx_word' id='word_1_246' title='bbox 1196 3458 1238 3500; x_wconf 84' lang='lat' dir='ltr'><strong>cx</strong></span> <span class='ocrx_word' id='word_1_247' title='bbox 1268 3442 1363 3522; x_wconf 86' lang='lat' dir='ltr'><strong>parte</strong></span> <span class='ocrx_word' id='word_1_248' title='bbox 1392 3435 1458 3517; x_wconf 91' lang='lat' dir='ltr'><strong>sni,</strong></span> <span class='ocrx_word' id='word_1_249' title='bbox 1488 3443 1525 3499; x_wconf 89' lang='lat' dir='ltr'><strong>ut</strong></span> <span class='ocrx_word' id='word_1_250' title='bbox 1551 3433 1772 3521; x_wconf 85' lang='lat' dir='ltr'><strong>praemittitur,</strong></span> 
     </span>
     <span class='ocr_line' id='line_1_29' title="bbox 358 3531 1771 3620; baseline -0.004 -16"><span class='ocrx_word' id='word_1_251' title='bbox 358 3537 578 3604; x_wconf 89' lang='lat' dir='ltr'><strong>committatur</strong></span> <span class='ocrx_word' id='word_1_252' title='bbox 597 3531 750 3599; x_wconf 87' lang='lat' dir='ltr'><strong>defectus.</strong></span> <span class='ocrx_word' id='word_1_253' title='bbox 778 3531 922 3598; x_wconf 87' lang='lat' dir='ltr'><strong>Tenetur</strong></span> <span class='ocrx_word' id='word_1_254' title='bbox 943 3541 1051 3598; x_wconf 89' lang='lat' dir='ltr'><strong>tamen</strong></span> <span class='ocrx_word' id='word_1_255' title='bbox 1072 3533 1214 3600; x_wconf 72' lang='lat' dir='ltr'><strong>decaniae</strong></span> <span class='ocrx_word' id='word_1_256' title='bbox 1237 3555 1393 3600; x_wconf 91' lang='lat' dir='ltr'><strong>unacum</strong></span> <span class='ocrx_word' id='word_1_257' title='bbox 1414 3533 1589 3620; x_wconf 88' lang='lat' dir='ltr'><strong>clavigeris</strong></span> <span class='ocrx_word' id='word_1_258' title='bbox 1611 3531 1771 3599; x_wconf 85' lang='lat' dir='ltr'><strong>sollicitam</strong></span> 
     </span>
     <span class='ocr_line' id='line_1_30' title="bbox 356 3629 1771 3720; baseline -0.006 -16"><span class='ocrx_word' id='word_1_259' title='bbox 356 3635 512 3704; x_wconf 90' lang='lat' dir='ltr'><strong>adhibere</strong></span> <span class='ocrx_word' id='word_1_260' title='bbox 533 3633 748 3720; x_wconf 86' lang='lat' dir='ltr'><strong>diligenciam,</strong></span> <span class='ocrx_word' id='word_1_261' title='bbox 769 3641 806 3698; x_wconf 91' lang='lat' dir='ltr'><strong>ut</strong></span> <span class='ocrx_word' id='word_1_262' title='bbox 824 3630 901 3697; x_wconf 89' lang='lat' dir='ltr'><strong>libri</strong></span> <span class='ocrx_word' id='word_1_263' title='bbox 921 3631 1065 3698; x_wconf 89' lang='lat' dir='ltr'><strong>utiliores</strong></span> <span class='ocrx_word' id='word_1_264' title='bbox 1086 3655 1146 3720; x_wconf 92' lang='lat' dir='ltr'><strong>pro</strong></span> <span class='ocrx_word' id='word_1_265' title='bbox 1167 3632 1253 3699; x_wconf 92' lang='lat' dir='ltr'><strong>bono</strong></span> <span class='ocrx_word' id='word_1_266' title='bbox 1273 3633 1437 3700; x_wconf 75' lang='lat' dir='ltr'><strong>facrdtatis</strong></span> <span class='ocrx_word' id='word_1_267' title='bbox 1457 3643 1605 3698; x_wconf 89' lang='lat' dir='ltr'><strong>emantur</strong></span> <span class='ocrx_word' id='word_1_268' title='bbox 1625 3643 1659 3698; x_wconf 91' lang='lat' dir='ltr'><strong>ct</strong></span> <span class='ocrx_word' id='word_1_269' title='bbox 1681 3629 1771 3718; x_wconf 88' lang='lat' dir='ltr'><strong>empti</strong></span> 
     </span>
     <span class='ocr_line' id='line_1_31' title="bbox 314 3727 1771 3823; baseline -0.004 -21"><span class='ocrx_word' id='word_1_270' title='bbox 314 3735 466 3803; x_wconf 80' lang='lat' dir='ltr'><strong>eodebite</strong></span> <span class='ocrx_word' id='word_1_271' title='bbox 486 3733 709 3802; x_wconf 89' lang='lat' dir='ltr'><strong>custodiantur</strong></span> <span class='ocrx_word' id='word_1_272' title='bbox 728 3741 761 3798; x_wconf 90' lang='lat' dir='ltr'><strong>et</strong></span> <span class='ocrx_word' id='word_1_273' title='bbox 782 3732 995 3819; x_wconf 88' lang='lat' dir='ltr'><strong>registrentur</strong></span> <span class='ocrx_word' id='word_1_274' title='bbox 1011 3731 1054 3798; x_wconf 92' lang='lat' dir='ltr'><strong>ad</strong></span> <span class='ocrx_word' id='word_1_275' title='bbox 1074 3731 1193 3800; x_wconf 92' lang='lat' dir='ltr'><strong>librum</strong></span> <span class='ocrx_word' id='word_1_276' title='bbox 1214 3734 1384 3823; x_wconf 90' lang='lat' dir='ltr'><strong>papireum</strong></span> <span class='ocrx_word' id='word_1_277' title='bbox 1405 3732 1568 3798; x_wconf 88' lang='lat' dir='ltr'><strong>facultatis</strong></span> <span class='ocrx_word' id='word_1_278' title='bbox 1589 3733 1625 3797; x_wconf 94' lang='lat' dir='ltr'><strong>in</strong></span> <span class='ocrx_word' id='word_1_279' title='bbox 1647 3727 1771 3821; x_wconf 87' lang='lat' dir='ltr'><strong>speciali</strong></span> 
     </span>
     <span class='ocr_line' id='line_1_32' title="bbox 316 3829 1771 3924; baseline -0.004 -22"><span class='ocrx_word' id='word_1_280' title='bbox 316 3895 335 3918; x_wconf 75' lang='grc'><strong>,,</strong></span> <span class='ocrx_word' id='word_1_281' title='bbox 358 3837 528 3924; x_wconf 90' lang='lat' dir='ltr'><strong>quinterno</strong></span> <span class='ocrx_word' id='word_1_282' title='bbox 555 3856 629 3900; x_wconf 92' lang='lat' dir='ltr'><strong>cum</strong></span> <span class='ocrx_word' id='word_1_283' title='bbox 659 3829 919 3898; x_wconf 86' lang='lat' dir='ltr'><strong>distinctionibus</strong></span> <span class='ocrx_word' id='word_1_284' title='bbox 945 3829 1102 3898; x_wconf 88' lang='lat' dir='ltr'><strong>librorum</strong></span> <span class='ocrx_word' id='word_1_285' title='bbox 1130 3855 1190 3920; x_wconf 91' lang='lat' dir='ltr'><strong>pro</strong></span> <span class='ocrx_word' id='word_1_286' title='bbox 1216 3831 1332 3920; x_wconf 88' lang='lat' dir='ltr'><strong>gradu,</strong></span> <span class='ocrx_word' id='word_1_287' title='bbox 1360 3841 1391 3898; x_wconf 90' lang='lat' dir='ltr'><strong>et</strong></span> <span class='ocrx_word' id='word_1_288' title='bbox 1418 3831 1461 3898; x_wconf 88' lang='lat' dir='ltr'><strong>ad</strong></span> <span class='ocrx_word' id='word_1_289' title='bbox 1489 3831 1578 3898; x_wconf 89' lang='lat' dir='ltr'><strong>aliud</strong></span> <span class='ocrx_word' id='word_1_290' title='bbox 1606 3833 1771 3918; x_wconf 85' lang='lat' dir='ltr'><strong>registrum</strong></span> 
     </span>
     <span class='ocr_line' id='line_1_33' title="bbox 354 3929 1770 4024; baseline -0.004 -24"><span class='ocrx_word' id='word_1_291' title='bbox 354 3956 619 4024; x_wconf 81' lang='lat' dir='ltr'><strong>pergamensem,</strong></span> <span class='ocrx_word' id='word_1_292' title='bbox 642 3954 702 4021; x_wconf 93' lang='lat' dir='ltr'><strong>pro</strong></span> <span class='ocrx_word' id='word_1_293' title='bbox 723 3931 878 3998; x_wconf 83' lang='lat' dir='ltr'><strong>liberaris</strong></span> <span class='ocrx_word' id='word_1_294' title='bbox 898 3930 1098 4018; x_wconf 78' lang='lat' dir='ltr'><strong>deputatum,</strong></span> <span class='ocrx_word' id='word_1_295' title='bbox 1119 3955 1161 3998; x_wconf 92' lang='lat' dir='ltr'><strong>nc</strong></span> <span class='ocrx_word' id='word_1_296' title='bbox 1181 3955 1242 4022; x_wconf 89' lang='lat' dir='ltr'><strong>per</strong></span> <span class='ocrx_word' id='word_1_297' title='bbox 1262 3931 1538 3999; x_wconf 87' lang='lat' dir='ltr'><strong>inadvertenciam</strong></span> <span class='ocrx_word' id='word_1_298' title='bbox 1558 3941 1658 4021; x_wconf 88' lang='lat' dir='ltr'><strong>atque</strong></span> <span class='ocrx_word' id='word_1_299' title='bbox 1678 3929 1770 4018; x_wconf 91' lang='lat' dir='ltr'><strong>negli-</strong></span> 
     </span>
     <span class='ocr_line' id='line_1_34' title="bbox 355 4030 1276 4124; baseline -0.005 -21"><span class='ocrx_word' id='word_1_300' title='bbox 355 4035 504 4122; x_wconf 85' lang='lat' dir='ltr'><strong>genciam</strong></span> <span class='ocrx_word' id='word_1_301' title='bbox 524 4033 625 4124; x_wconf 88' lang='lat' dir='ltr'><strong>aliqui</strong></span> <span class='ocrx_word' id='word_1_302' title='bbox 645 4031 722 4100; x_wconf 89' lang='lat' dir='ltr'><strong>libri</strong></span> <span class='ocrx_word' id='word_1_303' title='bbox 742 4030 960 4120; x_wconf 86' lang='lat' dir='ltr'><strong>deperdantor</strong></span> <span class='ocrx_word' id='word_1_304' title='bbox 979 4030 1032 4098; x_wconf 83' lang='lat' dir='ltr'><strong>vel</strong></span> <span class='ocrx_word' id='word_1_305' title='bbox 1053 4031 1276 4100; x_wconf 89' lang='lat' dir='ltr'><strong>anichilentur.</strong></span> 
     </span>
    </p>
   </div>
   <div class='ocr_carea' id='block_1_8' title="bbox 721 4215 1413 4288">
    <p class='ocr_par' dir='ltr' id='par_1_12' title="bbox 721 4215 1413 4288">
     <span class='ocr_line' id='line_1_35' title="bbox 721 4215 1413 4288; baseline 0 -4"><span class='ocrx_word' id='word_1_306' title='bbox 721 4225 768 4288; x_wconf 85' lang='lat'><strong>16.</strong></span> <span class='ocrx_word' id='word_1_307' title='bbox 795 4234 844 4283; x_wconf 87' lang='lat' dir='ltr'><strong>on</strong></span> <span class='ocrx_word' id='word_1_308' title='bbox 864 4231 1187 4284; x_wconf 80' lang='lat' dir='ltr'><strong>accosmonsoroua</strong></span> <span class='ocrx_word' id='word_1_309' title='bbox 1207 4215 1413 4284; x_wconf 81' lang='lat' dir='ltr'><strong>nmaoaun²</strong></span> 
     </span>
    </p>
   </div>
   <div class='ocr_carea' id='block_1_9' title="bbox 313 4365 1769 4856">
    <p class='ocr_par' dir='ltr' id='par_1_13' title="bbox 313 4365 1769 4856">
     <span class='ocr_line' id='line_1_36' title="bbox 313 4365 1768 4458; baseline -0.006 -22"><span class='ocrx_word' id='word_1_310' title='bbox 313 4379 347 4436; x_wconf 83' lang='grc'><strong>35</strong></span> <span class='ocrx_word' id='word_1_311' title='bbox 437 4369 521 4436; x_wconf 88' lang='lat' dir='ltr'><strong>Item</strong></span> <span class='ocrx_word' id='word_1_312' title='bbox 540 4368 673 4458; x_wconf 88' lang='lat' dir='ltr'><strong>placuit,</strong></span> <span class='ocrx_word' id='word_1_313' title='bbox 695 4367 782 4456; x_wconf 90' lang='lat' dir='ltr'><strong>quod</strong></span> <span class='ocrx_word' id='word_1_314' title='bbox 801 4365 1002 4456; x_wconf 89' lang='lat' dir='ltr'><strong>peramplius</strong></span> <span class='ocrx_word' id='word_1_315' title='bbox 1023 4365 1129 4432; x_wconf 89' lang='lat' dir='ltr'><strong>nullus</strong></span> <span class='ocrx_word' id='word_1_316' title='bbox 1147 4366 1231 4433; x_wconf 90' lang='lat' dir='ltr'><strong>liber</strong></span> <span class='ocrx_word' id='word_1_317' title='bbox 1251 4366 1414 4434; x_wconf 87' lang='lat' dir='ltr'><strong>facultatis</strong></span> <span class='ocrx_word' id='word_1_318' title='bbox 1433 4365 1532 4434; x_wconf 89' lang='lat' dir='ltr'><strong>alicui</strong></span> <span class='ocrx_word' id='word_1_319' title='bbox 1551 4385 1614 4451; x_wconf 90' lang='lat' dir='ltr'><strong>pro</strong></span> <span class='ocrx_word' id='word_1_320' title='bbox 1625 4387 1688 4430; x_wconf 88' lang='lat' dir='ltr'><strong>usu</strong></span> <span class='ocrx_word' id='word_1_321' title='bbox 1704 4383 1768 4450; x_wconf 85' lang='lat' dir='ltr'><strong>pro</strong></span> 
     </span>
     <span class='ocr_line' id='line_1_37' title="bbox 355 4462 1769 4558; baseline -0.006 -22"><span class='ocrx_word' id='word_1_322' title='bbox 355 4471 428 4558; x_wconf 89' lang='lat' dir='ltr'><strong>prio</strong></span> <span class='ocrx_word' id='word_1_323' title='bbox 449 4479 546 4536; x_wconf 88' lang='lat' dir='ltr'><strong>extra</strong></span> <span class='ocrx_word' id='word_1_324' title='bbox 571 4469 758 4536; x_wconf 88' lang='lat' dir='ltr'><strong>liberariam</strong></span> <span class='ocrx_word' id='word_1_325' title='bbox 780 4465 898 4534; x_wconf 90' lang='lat' dir='ltr'><strong>debeat</strong></span> <span class='ocrx_word' id='word_1_326' title='bbox 923 4465 1140 4550; x_wconf 84' lang='lat' dir='ltr'><strong>accomodari,</strong></span> <span class='ocrx_word' id='word_1_327' title='bbox 1166 4465 1299 4532; x_wconf 87' lang='lat' dir='ltr'><strong>lecturis</strong></span> <span class='ocrx_word' id='word_1_328' title='bbox 1320 4465 1491 4534; x_wconf 84' lang='lat' dir='ltr'><strong>dumtaxat</strong></span> <span class='ocrx_word' id='word_1_329' title='bbox 1518 4474 1552 4532; x_wconf 89' lang='lat' dir='ltr'><strong>ct</strong></span> <span class='ocrx_word' id='word_1_330' title='bbox 1578 4462 1769 4532; x_wconf 75' lang='lat' dir='ltr'><strong>textraalibus</strong></span> 
     </span>
     <span class='ocr_line' id='line_1_38' title="bbox 352 4563 1769 4658; baseline -0.006 -21"><span class='ocrx_word' id='word_1_331' title='bbox 352 4570 504 4658; x_wconf 87' lang='lat' dir='ltr'><strong>demptis,</strong></span> <span class='ocrx_word' id='word_1_332' title='bbox 532 4591 614 4658; x_wconf 92' lang='lat' dir='ltr'><strong>quas</strong></span> <span class='ocrx_word' id='word_1_333' title='bbox 634 4569 774 4635; x_wconf 79' lang='lat' dir='ltr'><strong>lectrrras</strong></span> <span class='ocrx_word' id='word_1_334' title='bbox 796 4577 829 4634; x_wconf 90' lang='lat' dir='ltr'><strong>et</strong></span> <span class='ocrx_word' id='word_1_335' title='bbox 848 4564 1007 4632; x_wconf 84' lang='lat' dir='ltr'><strong>textualia</strong></span> <span class='ocrx_word' id='word_1_336' title='bbox 1026 4564 1169 4631; x_wconf 89' lang='lat' dir='ltr'><strong>decanus</strong></span> <span class='ocrx_word' id='word_1_337' title='bbox 1190 4587 1251 4654; x_wconf 93' lang='lat' dir='ltr'><strong>pro</strong></span> <span class='ocrx_word' id='word_1_338' title='bbox 1272 4575 1417 4652; x_wconf 88' lang='lat' dir='ltr'><strong>tempora</strong></span> <span class='ocrx_word' id='word_1_339' title='bbox 1438 4567 1584 4632; x_wconf 74' lang='lat' dir='ltr'><strong>existas</strong></span> <span class='ocrx_word' id='word_1_340' title='bbox 1602 4563 1769 4650; x_wconf 64' lang='lat' dir='ltr'><strong>megisba,</strong></span> 
     </span>
     <span class='ocr_line' id='line_1_39' title="bbox 353 4661 1768 4758; baseline -0.008 -21"><span class='ocrx_word' id='word_1_341' title='bbox 353 4679 488 4758; x_wconf 87' lang='lat' dir='ltr'><strong>recepta</strong></span> <span class='ocrx_word' id='word_1_342' title='bbox 507 4668 550 4736; x_wconf 88' lang='lat' dir='ltr'><strong>ab</strong></span> <span class='ocrx_word' id='word_1_343' title='bbox 571 4669 619 4736; x_wconf 91' lang='lat' dir='ltr'><strong>eis</strong></span> <span class='ocrx_word' id='word_1_344' title='bbox 638 4667 876 4756; x_wconf 82' lang='lat' dir='ltr'><strong>recognicione,</strong></span> <span class='ocrx_word' id='word_1_345' title='bbox 901 4663 1116 4732; x_wconf 88' lang='lat' dir='ltr'><strong>accomodare</strong></span> <span class='ocrx_word' id='word_1_346' title='bbox 1136 4667 1263 4752; x_wconf 88' lang='lat' dir='ltr'><strong>poterit</strong></span> <span class='ocrx_word' id='word_1_347' title='bbox 1306 4663 1360 4732; x_wconf 89' lang='lat' dir='ltr'><strong>De</strong></span> <span class='ocrx_word' id='word_1_348' title='bbox 1379 4685 1445 4751; x_wconf 86' lang='lat' dir='ltr'><strong>qua</strong></span> <span class='ocrx_word' id='word_1_349' title='bbox 1464 4663 1621 4732; x_wconf 81' lang='lat' dir='ltr'><strong>liberaris</strong></span> <span class='ocrx_word' id='word_1_350' title='bbox 1641 4661 1768 4729; x_wconf 81' lang='lat' dir='ltr'><strong>facultas</strong></span> 
     </span>
     <span class='ocr_line' id='line_1_40' title="bbox 353 4762 1767 4856; baseline -0.006 -18"><span class='ocrx_word' id='word_1_351' title='bbox 353 4772 478 4838; x_wconf 88' lang='lat' dir='ltr'><strong>arcium</strong></span> <span class='ocrx_word' id='word_1_352' title='bbox 496 4778 623 4838; x_wconf 89' lang='lat' dir='ltr'><strong>tenetur</strong></span> <span class='ocrx_word' id='word_1_353' title='bbox 644 4767 810 4856; x_wconf 87' lang='lat' dir='ltr'><strong>magistris</strong></span> <span class='ocrx_word' id='word_1_354' title='bbox 830 4765 959 4854; x_wconf 83' lang='lat' dir='ltr'><strong>collegii</strong></span> <span class='ocrx_word' id='word_1_355' title='bbox 985 4764 1120 4832; x_wconf 90' lang='lat' dir='ltr'><strong>maioris</strong></span> <span class='ocrx_word' id='word_1_356' title='bbox 1141 4762 1286 4853; x_wconf 89' lang='lat' dir='ltr'><strong>quolibet</strong></span> <span class='ocrx_word' id='word_1_357' title='bbox 1303 4763 1412 4834; x_wconf 90' lang='lat' dir='ltr'><strong>medio</strong></span> <span class='ocrx_word' id='word_1_358' title='bbox 1434 4786 1520 4832; x_wconf 87' lang='lat' dir='ltr'><strong>anno</strong></span> <span class='ocrx_word' id='word_1_359' title='bbox 1540 4763 1625 4830; x_wconf 89' lang='lat' dir='ltr'><strong>duas</strong></span> <span class='ocrx_word' id='word_1_360' title='bbox 1644 4781 1767 4848; x_wconf 74' lang='lat' dir='ltr'><strong>sange·</strong></span> 
     </span>
    </p>
   </div>
   <div class='ocr_carea' id='block_1_10' title="bbox 432 5027 1366 5188">
    <p class='ocr_par' dir='ltr' id='par_1_14' title="bbox 432 5027 1366 5188">
     <span class='ocr_line' id='line_1_41' title="bbox 432 5027 1366 5104; baseline -0.018 -8"><span class='ocrx_word' id='word_1_361' title='bbox 432 5045 444 5096; x_wconf 87' lang='lat'><em>1</em></span> <span class='ocrx_word' id='word_1_362' title='bbox 462 5039 518 5096; x_wconf 91' lang='lat' dir='ltr'><strong>Die</strong></span> <span class='ocrx_word' id='word_1_363' title='bbox 535 5031 728 5096; x_wconf 82' lang='lat' dir='ltr'><strong>Ueberaohrift</strong></span> <span class='ocrx_word' id='word_1_364' title='bbox 746 5031 817 5089; x_wconf 86' lang='lat' dir='ltr'><strong>fehlt</strong></span> <span class='ocrx_word' id='word_1_365' title='bbox 834 5031 891 5088; x_wconf 86' lang='lat' dir='ltr'><strong>ond</strong></span> <span class='ocrx_word' id='word_1_366' title='bbox 909 5031 946 5086; x_wconf 89' lang='lat' dir='ltr'><strong>ist</strong></span> <span class='ocrx_word' id='word_1_367' title='bbox 963 5027 1037 5085; x_wconf 89' lang='lat' dir='ltr'><strong>aucb</strong></span> <span class='ocrx_word' id='word_1_368' title='bbox 1053 5027 1133 5084; x_wconf 86' lang='lat' dir='ltr'><strong>nicht</strong></span> <span class='ocrx_word' id='word_1_369' title='bbox 1150 5027 1366 5104; x_wconf 65' lang='lat' dir='ltr'><strong>mohgetngn</strong></span> 
     </span>
     <span class='ocr_line' id='line_1_42' title="bbox 432 5113 1131 5188; baseline -0.019 -8"><span class='ocrx_word' id='word_1_370' title='bbox 432 5129 448 5179; x_wconf 82' lang='grc'><strong>2</strong></span> <span class='ocrx_word' id='word_1_371' title='bbox 465 5121 550 5180; x_wconf 87' lang='lat' dir='ltr'><strong>Aucb</strong></span> <span class='ocrx_word' id='word_1_372' title='bbox 565 5123 641 5178; x_wconf 85' lang='lat' dir='ltr'><strong>disse</strong></span> <span class='ocrx_word' id='word_1_373' title='bbox 657 5117 767 5176; x_wconf 84' lang='lat' dir='ltr'><strong>Rubrik</strong></span> <span class='ocrx_word' id='word_1_374' title='bbox 782 5115 819 5174; x_wconf 88' lang='lat' dir='ltr'><strong>ist</strong></span> <span class='ocrx_word' id='word_1_375' title='bbox 834 5119 928 5188; x_wconf 72' lang='lat' dir='ltr'><strong>opiter</strong></span> <span class='ocrx_word' id='word_1_376' title='bbox 944 5113 1131 5186; x_wconf 80' lang='lat' dir='ltr'><strong>cingctragen.</strong></span> 
     </span>
    </p>
   </div>
   <div class='ocr_carea' id='block_1_11' title="bbox 0 0 1884 6072">
    <p class='ocr_par' dir='ltr' id='par_1_15' title="bbox 0 0 1884 6072">
     <span class='ocr_line' id='line_1_43' title="bbox 0 0 1884 6072; baseline 0 4"><span class='ocrx_word' id='word_1_377' title='bbox 0 0 1884 6072; x_wconf 95' lang='lat' dir='ltr'><strong> </strong></span> 
     </span>
    </p>
   </div>
  </div>
 </body>
</html>
