3794 6066
343 399 402 464 136
807 399 864 452 Des
880 399 1015 451 lobnam
1032 399 1111 450 Fabri
1128 401 1162 450 de
1180 401 1294 454 Wsrdea

341 578 435 644 electi
455 581 535 646 sitis¹
575 581 660 646 Eam
681 581 781 666 igitur
804 582 995 669 dignitatem
1017 585 1238 670 praesentium
1260 582 1454 648 auctoritate
1473 583 1566 650 vobis
1582 583 1767 664 deserimus,

340 682 470 746 omnino
491 691 675 766 sperantes,
703 681 790 766 quod
820 681 953 770 publica
974 685 1112 770 privatis
1141 680 1367 770 anteponendo
1389 683 1436 746 ita
1457 706 1517 771 per
1538 682 1600 748 hoc
1622 681 1770 748 brumale
1882 719 1883 732 κ

340 787 469 865 tempus
490 802 560 844 rem
580 789 725 844 nostram
746 778 940 848 litterariam
961 782 1221 848 administraturi
1243 783 1330 862 sitis,
1352 789 1387 844 ut
1410 781 1684 868 periculosissimo
1704 781 1769 846 isto

340 877 469 942 saeculo
500 889 662 965 utcunque
694 900 714 942 a
742 882 860 947 maiori
887 883 983 946 ruina
1012 892 1044 946 et
1075 881 1262 947 calamitate
1294 891 1540 967 praeservetur,
1574 880 1671 947 vobis
1707 880 1768 945 sub

315 975 463 1041 smulcta
489 979 523 1042 in
550 979 678 1041 statutis
707 981 828 1044 nostris
855 1003 1012 1067 expressa
1041 980 1292 1062 demandantes,
1326 988 1363 1043 ut
1398 979 1594 1066 posthabitis
1621 981 1769 1068 negociis

341 1074 490 1140 omnibus
517 1075 604 1141 illico
631 1075 673 1140 ad
700 1099 759 1142 nos
790 1079 853 1143 iter
884 1081 1079 1166 arripientes
1107 1089 1287 1145 rectoratus
1308 1079 1537 1164 magistratum
1557 1075 1645 1166 [53b]
1669 1079 1770 1144 susci·

341 1175 451 1259 piatis,
481 1186 538 1239 aut
567 1197 677 1240 coram
705 1177 839 1242 consilio
869 1188 981 1243 nostro
1008 1180 1102 1244 iuxta
1127 1188 1321 1244 staurtorum
1348 1187 1534 1244 nostrorum
1560 1179 1769 1266 praescripta

342 1275 556 1339 recusationis
579 1296 695 1338 causas
717 1275 932 1361 personaliter
953 1277 1146 1363 allegabitis.
1188 1279 1312 1342 Verum
1332 1278 1603 1363 praestantiorem
1619 1281 1770 1342 novimus

343 1374 602 1438 aestimationem
624 1383 784 1456 vestram,
805 1397 922 1440 nomen
942 1377 1117 1458 celebrius,
1139 1378 1227 1441 vitae
1250 1375 1424 1440 candorem
1447 1377 1672 1458 sinceriorem,
1695 1397 1770 1461 gra·

301 1481 334 1534 to
343 1470 512 1536 titudinem
541 1495 622 1558 erga
647 1475 853 1558 gymnasium
879 1487 1044 1556 nostrum,
1073 1485 1209 1540 matrem
1236 1485 1397 1555 vestram,
1428 1476 1584 1541 maiorem
1615 1497 1715 1559 quam
1735 1483 1772 1539 ut

342 1569 523 1656 periculoso
544 1569 607 1636 boo
626 1580 783 1657 tempore,
805 1571 1037 1640 fluctuantibus
1058 1576 1181 1662 passim
1203 1573 1319 1639 studiis
1342 1575 1376 1637 in
1398 1584 1489 1638 tanta
1511 1575 1655 1639 omnium
1672 1572 1770 1637 licen·

342 1671 404 1743 tia,
432 1668 620 1756 respublica
650 1673 786 1734 nostra¹
813 1680 923 1737 vestro
953 1696 989 1738 ae
1009 1673 1132 1738 auxilio
1153 1671 1301 1758 indigere
1322 1672 1497 1761 aliquando
1520 1673 1675 1760 conqueri
1695 1693 1770 1759 pos-

343 1770 395 1834 sit
437 1767 556 1832 Venite
590 1769 691 1854 igitur
726 1779 822 1857 atque
853 1770 938 1854 quod
969 1771 1010 1836 de
1041 1773 1242 1858 praestantia
1273 1781 1384 1836 vestra
1413 1771 1508 1837 nobis
1535 1770 1771 1858 persuademus

343 1876 518 1956 praestate.
540 1865 665 1935 Valete.
692 1867 800 1934 Datae
821 1869 967 1956 Lypsiae
985 1871 1059 1957 ipso
1081 1870 1134 1935 die
1152 1869 1240 1936 Galli
1257 1893 1278 1935 a
1289 1870 1438 1957 prandio,
1461 1869 1771 1936 annoMDXXllII.

304 2078 335 2133 15
741 2073 809 2136 110.
837 2064 898 2156 [Bl.
920 2067 992 2154 54⁸]
1024 2086 1143 2136 sonus
1165 2085 1374 2136 crusmorus.

427 2200 495 2266 Nos
515 2201 654 2266 Ioannes
676 2199 868 2281 Reuschius,
891 2203 1010 2266 artium
1031 2204 1188 2287 magister
1209 2211 1279 2283 etc,
1304 2200 1399 2266 huius
1421 2201 1525 2266 almae
1547 2203 1772 2268 universitatis

344 2309 464 2380 rector,
492 2298 621 2387 publice
648 2300 786 2390 &tamus
816 2299 982 2366 dominum
1008 2303 1201 2386 magistrum
1236 2300 1417 2385 Georgium
1445 2301 1567 2386 Weyss
1606 2303 1702 2388 eique
1732 2301 1772 2366 de

344 2422 435 2466 more
455 2409 614 2466 arrestum
637 2397 810 2482 edicimus,
842 2422 883 2464 ne
911 2401 981 2466 siue
1000 2401 1144 2488 partium
1166 2411 1263 2485 atque
1285 2398 1367 2464 adeo
1389 2401 1459 2464 sine
1479 2409 1591 2465 nostro
1612 2422 1773 2465 consensu

344 2498 420 2563 hinc
440 2497 554 2580 abeat,
584 2497 642 2562 sed
667 2499 755 2562 intra
781 2498 922 2564 biduum
945 2520 1054 2564 coram
1076 2498 1172 2565 nobis
1193 2501 1257 2564 iuri
1278 2501 1373 2563 sistat
1390 2498 1658 2586 partibusque'et
1677 2497 1772 2562 nobis

304 2598 536 2664 wastisl'aciat
564 2596 696 2681 Alioqui
718 2597 804 2662 dicto
825 2601 981 2684 temporis
1003 2597 1124 2662 effluxo
1144 2599 1292 2680 termino,
1314 2599 1384 2662 eius
1399 2597 1619 2662 mnumua²
1640 2597 1773 2661 minime

346 2696 505 2778 obstante,
527 2695 676 2782 partibus
698 2695 857 2762 adsistere
878 2696 1023 2785 illisque,
1045 2698 1169 2762 iustitia
1190 2698 1237 2762 ita
1258 2696 1459 2783 postulante,
1480 2695 1605 2761 auxilio
1626 2718 1700 2761 esse
1722 2718 1772 2760 co

347 2818 472 2883 gemur.
513 2795 592 2864 Dat.
614 2804 796 2861 rectoratus
820 2795 881 2861 sub
904 2794 1021 2880 sigillo.

829 2983 895 3043 111.
927 2994 1047 3042 rosus
1069 2994 1281 3044 ruarmoruu

427 3108 643 3195 Agnoscimus
663 3107 726 3174 hac
747 3109 949 3195 syngrapha,
971 3109 1151 3176 surdiosum
1169 3109 1348 3194 Georgium
1358 3109 1489 3195 Renigk
1505 3109 1678 3195 Cygneuru
1695 3109 1770 3174 llis·

303 3209 454 3274 25nensis
476 3207 632 3288 diocesis,
652 3209 756 3272 nostri
777 3210 940 3294 gymnasii
963 3209 1184 3290 scolasticum,
1203 3208 1262 3272 sub
1283 3210 1477 3293 magistratu
1501 3206 1701 3273 venerabilis
1718 3208 1771 3273 do·

345 3308 425 3372 mini
451 3309 582 3373 Ioannis
609 3305 763 3372 Reusohii
789 3307 931 3372 Fontani
958 3319 1016 3374 etc.
1045 3332 1130 3374 anno
1154 3307 1360 3372 MDXXllII
1385 3305 1499 3372 Idibus
1522 3303 1607 3392 [54¹³]
1630 3309 1771 3394 Augusti

346 3407 519 3472 scolastico
541 3405 649 3472 ordini
668 3404 885 3492 adscriptum,
909 3408 1101 3493 publiceque
1121 3417 1289 3487 testamur,
1311 3429 1383 3472 eum
1407 3426 1542 3492 operam
1568 3405 1622 3469 hie
1642 3405 1771 3471 dedisse

344 3505 460 3570 litteris
482 3527 603 3570 annum
624 3513 656 3570 et
677 3503 857 3569 dimidium
899 3505 944 3570 Et
972 3509 1049 3594 quia
1073 3506 1163 3592 apud
1183 3529 1243 3571 nos
1266 3507 1334 3570 cius
1356 3516 1422 3569 tum
1445 3504 1555 3570 studia
1574 3515 1645 3569 tum
1665 3527 1771 3570 mores

344 3605 478 3670 minime
506 3604 591 3669 male
617 3603 768 3684 audiunt,
803 3626 864 3689 pro
887 3604 988 3669 offitio
1008 3627 1080 3669 eum
1100 3605 1188 3669 haud
1208 3605 1371 3690 gravatim
1392 3602 1541 3668 omnibus
1564 3605 1772 3668 commenda·

303 3713 438 3784 somus,
468 3724 605 3789 quorum
627 3711 676 3766 est
699 3723 761 3786 ope
783 3723 917 3783 usurus,
944 3713 1173 3791 optamusque,
1202 3713 1237 3768 ut
1257 3705 1326 3767 eius
1347 3703 1463 3767 honori
1485 3703 1606 3788 optime
1626 3703 1771 3768 consula·

345 3813 408 3866 tur.
450 3801 500 3864 Ne
527 3801 599 3887 quis
626 3799 667 3864 de
697 3799 879 3864 litterarum
910 3801 974 3866 fide
998 3801 1178 3886 dubitaret,
1207 3805 1335 3888 signum
1357 3801 1503 3866 additum
1524 3813 1591 3884 est,
1619 3823 1684 3888 quo
1706 3803 1771 3867 fere

346 3903 394 3964 uti
416 3897 546 3987 publice
567 3898 715 3963 solemus.
756 3899 865 3964 Datae
887 3909 947 3964 ete

640 4086 709 4146 112.
740 4097 907 4146 scamma
926 4100 996 4148 rso
1020 4099 1287 4149 communasno
1309 4101 1482 4149 sacrorn.

429 4212 512 4280 Cras
534 4236 555 4278 a
574 4214 723 4279 contione
745 4213 834 4299 apud
856 4213 967 4279 divum
989 4215 1160 4280 Nicolaum
1182 4239 1284 4281 novus
1309 4225 1416 4282 rector
1438 4215 1591 4280 demere
1612 4239 1770 4282 commen·

302 4312 486 4394 35dabitur,
507 4311 616 4401 illique
631 4324 762 4378 sensura
780 4325 952 4379 consuetus
973 4315 1188 4402 cooptabitur.
1224 4314 1361 4380 Mandat
1381 4317 1490 4400 itaque
1510 4315 1599 4379 idem
1622 4314 1771 4381 dominus

343 4421 452 4477 rector
473 4413 620 4477 omnibus
642 4423 674 4477 et
695 4413 832 4499 singulis
854 4422 924 4495 ete,
958 4437 1020 4502 quo
1043 4413 1102 4478 sub
1123 4412 1208 4478 idem
1230 4425 1358 4502 tempus
1378 4414 1505 4480 decenti
1519 4415 1641 4478 vestitu
1662 4416 1771 4480 amicti

344 4513 380 4576 in
400 4509 528 4596 collegii
549 4513 680 4577 maioris
701 4511 835 4578 lectorio
859 4514 1003 4578 maximo
1024 4513 1206 4577 venientem
1228 4521 1387 4579 rectorem
1405 4523 1590 4601 expectent,
1612 4536 1771 4580 commen-

343 4610 468 4676 dationi
495 4611 661 4692 intersint,
689 4635 750 4677 neo
778 4622 853 4676 ante
880 4613 1044 4677 facessant
1065 4634 1161 4699 quam
1184 4612 1403 4696 consiliarios,
1432 4635 1615 4678 assessores
1638 4623 1670 4678 et
1691 4611 1771 4677 iudi·

344 4708 442 4774 ciales
456 4705 507 4796 [55
515 4707 541 4794 ⁸]
553 4707 682 4792 habeat,
694 4710 754 4776 sub
767 4733 872 4797 poena
884 4723 1022 4797 quatuor
1033 4733 1223 4796 grossorum
1233 4713 1438 4777 universitati
1450 4711 1698 4800 pendendorum
1710 4719 1771 4775 etc.

413 4978 424 5028 t
444 4971 632 5030 Geschrieben
650 4971 724 5026 steht
742 4975 938 5044 respublicam
954 4981 1085 5028 matram.

411 5061 427 5112 2
445 5055 634 5114 Geachrieben
652 5055 912 5113 tuscanensem
