3748 6070
311 464 372 528 274
883 465 939 516 Da
955 463 1159 528 Frsasncotlag.

312 641 499 708 bacrrlariis.
542 641 686 708 Tenetur
713 653 821 708 tamen
848 643 984 731 quilibet
1010 646 1059 710 sic
1080 645 1228 720 refectus,
1255 643 1283 708 ai
1305 642 1480 730 presbyter
1500 645 1607 727 fcerit,
1636 643 1753 729 legere

312 763 409 806 unam
430 741 566 807 missam
585 764 645 830 pro
667 743 838 826 destructis,
858 765 925 809 nou
945 744 1119 831 presbyter
1138 763 1217 808 vero
1239 740 1371 828 vigilias
1392 743 1433 807 de
1454 748 1474 810 9
1493 741 1699 810 lectionibus.

397 846 445 907 16.
476 841 559 906 Item
588 843 793 928 praepositus
823 865 894 908 cum
923 865 1083 909 consensu
1110 842 1251 908 omnium
1274 843 1505 926 magistrorum
1527 841 1668 928 singulis
1690 863 1750 906 an·

311 938 363 1002 nis
391 939 425 1004 in
454 942 615 1006 communi
645 939 851 1006 bebdomada
878 951 953 1028 post
978 939 1150 1008 Michaelis
1182 940 1236 1006 die
1269 942 1464 1026 competenti
1496 940 1671 1028 provideat
1707 939 1751 1003 de

270 1047 286 1101 5
313 1037 435 1123 vigiliis
457 1044 477 1106 9
498 1038 671 1104 lectionum
700 1050 732 1104 et
758 1043 859 1105 missa
888 1040 1114 1106 defunctorum
1142 1039 1348 1106 decantanda
1373 1061 1435 1126 pro
1459 1038 1609 1105 omnibus
1631 1037 1750 1104 detun-

312 1138 373 1202 ctis
388 1136 650 1204 benefactoribus
666 1137 804 1224 collegii,
826 1139 883 1205 ubi
903 1151 1049 1226 ponatur.
1062 1139 1202 1229 spolium
1215 1139 1372 1222 nationis3
1395 1152 1427 1204 et
1447 1147 1655 1204 reserventur
1670 1159 1748 1204 can·

312 1233 405 1300 delae
436 1235 478 1300 de
510 1238 735 1302 anniversario
765 1237 810 1302 M.
838 1238 992 1304 Iohannis
1018 1237 1246 1323 Mousterberg
1276 1259 1335 1323 pro
1367 1237 1499 1318 eisdem,
1529 1249 1562 1302 et
1588 1247 1749 1324 petantur

311 1335 470 1420 magistri,
500 1335 661 1402 bacularii
690 1358 730 1401 se
756 1336 812 1402 alii
841 1339 922 1403 socii
948 1337 990 1402 de
1011 1339 1150 1418 natione,
1178 1334 1266 1423 quod
1292 1333 1442 1401 similiter
1461 1337 1613 1402 intersint
1631 1335 1747 1402 huius-

311 1431 401 1498 modi
422 1433 544 1520 vigiliis
572 1443 605 1499 et
625 1437 762 1518 missae3
790 1446 823 1502 et
851 1435 908 1502 fiet
933 1436 968 1500 in
989 1435 1145 1519 ecclesiis,
1173 1434 1230 1502 ubi
1257 1431 1404 1522 mesthi]
1413 1435 1526 1520 gistris
1546 1434 1599 1502 vol
1626 1436 1748 1500 maiori

271 1532 399 1618 toparti
420 1531 585 1598 videbitur
606 1532 773 1620 expedire,
795 1557 856 1621 pro
878 1535 995 1622 quibus
1015 1545 1163 1622 exponat
1181 1544 1308 1600 tantum
1330 1540 1350 1602 6
1372 1549 1413 1617 pt.

397 1639 443 1700 17.
465 1631 550 1698 Item
573 1633 663 1698 circe
682 1633 800 1698 festum
823 1643 955 1700 sancmc
972 1632 1171 1700 Catharinsc
1191 1643 1318 1700 tenetur
1339 1633 1548 1718 praepositus
1567 1632 1745 1720 providere

310 1728 352 1794 de
373 1731 598 1798 anniversario
619 1730 741 1797 domini
755 1732 881 1799 Nicolai
893 1732 1027 1813 Glewic,
1050 1721 1198 1798 canonici
1209 1731 1488 1815 Vratislavienais,
1507 1732 1605 1798 modo
1624 1753 1742 1819 supra·

310 1827 408 1912 dicto,
428 1829 552 1916 absque
572 1839 683 1896 tamen
702 1831 843 1898 nationis
867 1831 981 1919 spolio.

398 1933 444 1996 18.
466 1930 548 1996 Item
564 1931 770 2017 praepositus
785 1953 857 1996 eum
868 1931 932 1998 alio
946 1927 1055 2018 [proi]
1069 1929 1258 1996 collectione
1267 1930 1422 2016 deputato
1433 1929 1617 1996 custodiant
1630 1929 1746 1996 fiscum

269 2035 301 2092 15
311 2025 450 2112 collegii,
477 2049 614 2115 quorum
640 2028 777 2116 quilibet
801 2029 922 2097 habeat
949 2051 1048 2096 unam
1075 2029 1201 2096 clavem
1231 2051 1291 2117 pro
1313 2029 1393 2096 fisco
1415 2028 1483 2112 tali,
1509 2029 1544 2094 in
1570 2053 1666 2118 quem
1690 2029 1745 2096 de-

309 2125 387 2192 bent
408 2127 533 2212 imponi
555 2129 722 2214 pecuniae,
751 2127 934 2216 dequibus
960 2127 1145 2215 specialiter
1165 2129 1252 2194 infra
1271 2128 1309 2193 tit
1330 2129 1460 2194 mentio.
1503 2126 1615 2194 Primo
1635 2131 1745 2214 portio

311 2225 406 2292 unitas
436 2224 600 2312 collegiati
627 2228 823 2314 proveniens
852 2226 893 2293 de
919 2227 1010 2294 lucro
1037 2228 1230 2310 cerevisiaeq
1261 2227 1303 2292 de
1333 2226 1425 2293 lucro
1450 2228 1538 2292 euim
1564 2230 1746 2294 cerevisiae

311 2325 395 2390 sumi
415 2323 513 2390 debet
533 2335 667 2407 tantum,
688 2337 846 2414 quantum
860 2326 976 2392 cedere
996 2337 1105 2414 potest
1123 2329 1180 2392 uni
1201 2325 1372 2412 collegiato
1394 2327 1568 2413 praesenti,
1588 2327 1638 2392 ita
1656 2326 1745 2412 qnod

310 2423 408 2490 iiscns
430 2426 464 2488 in
485 2423 645 2491 divisione
678 2427 899 2513 pecuniarum,
926 2425 967 2491 de
995 2425 1115 2492 celario
1143 2424 1412 2512 provenientium,
1439 2423 1561 2491 habeat
1587 2424 1745 2514 quodam-

268 2523 409 2590 mnodo
430 2524 540 2590 locum
559 2526 656 2590 unius
685 2523 857 2610 collegiati
899 2523 983 2590 Item
1007 2547 1122 2590 census
1148 2533 1374 2590 excrescentes
1395 2522 1481 2588 ultra
1507 2523 1665 2590 salarium
1687 2549 1744 2590 seu

311 2624 477 2709 portiones
505 2645 565 2709 pro
587 2621 768 2709 collegiatis
795 2622 982 2709 deputatam
1011 2645 1072 2690 nec
1097 2631 1206 2689 tamen
1234 2621 1297 2688 hoc
1324 2621 1365 2688 de
1394 2621 1545 2689 censibus
1575 2623 1743 2690 domorum

312 2718 440 2807 collegii
458 2720 511 2786 vel
532 2720 652 2787 bursae
673 2719 812 2806 intelligi
833 2719 940 2786 debet
980 2722 1062 2788 Item
1082 2744 1142 2810 pro
1164 2723 1279 2787 eodem
1297 2721 1376 2788 fisco
1398 2719 1626 2809 quili[27·]bet
1647 2723 1742 2790 colle

311 2821 420 2906 &aare
444 2819 485 2884 de
505 2841 590 2886 novo
612 2819 733 2886 electus
757 2821 851 2886 iuxta
872 2831 989 2903 ratam,
1008 2819 1143 2888 cuilibet
1164 2819 1336 2908 collegiato
1362 2829 1429 2886 tam
1458 2824 1624 2907 praesenti
1647 2845 1743 2910 qnam

246 2911 251 2920 ’
310 2918 439 2986 absenti
471 2917 624 3002 debitam,
655 2918 763 2986 solvat
789 2919 876 2986 infra
907 2942 1006 2986 unam
1032 2919 1269 2986 hebdomadam
1300 2917 1450 3002 indilate,
1482 2919 1545 2986 hoc
1570 2945 1686 2990 verum
1714 2925 1743 2988 si

268 3017 498 3084 tibuinsmodi
525 3025 633 3084 retal
660 3019 693 3083 fl.
721 3018 871 3084 rhenens.
901 3041 936 3084 ae
962 3041 1027 3084 non
1054 3018 1219 3085 extendat
1261 3017 1298 3082 Si
1326 3027 1434 3084 autem
1461 3041 1560 3084 unum
1585 3021 1742 3088 florenum

311 3117 493 3200 excederet,
513 3128 601 3200 tuno,
622 3117 726 3183 soluto
738 3117 899 3184 duntaxat
921 3141 985 3184 uno
1005 3118 1128 3186 floreno
1148 3117 1315 3199 rhenense,
1336 3119 1504 3204 particeps
1525 3121 1625 3187 totius
1646 3143 1743 3209 pecu-

309 3218 384 3282 niae
411 3215 580 3282 efficiatur.
621 3216 668 3282 Et
695 3218 724 3282 si
752 3238 830 3283 casu
856 3227 1005 3284 currente
1030 3215 1215 3284 huiusmodi
1241 3215 1379 3282 electum
1407 3219 1580 3304 contigerit
1604 3231 1740 3309 propter

310 3318 360 3382 sui
381 3315 552 3384 utilitatem
571 3326 603 3381 et
623 3337 665 3380 ex
686 3315 753 3381 alia
774 3338 874 3381 cansa
894 3328 1063 3404 acceptam
1083 3317 1327 3404 collegiaturam
1351 3317 1520 3402 resignare
1539 3319 1627 3384 infra
1647 3343 1741 3408 quar-

309 3416 374 3484 tale
401 3417 497 3482 unius
524 3415 611 3499 anni,
638 3413 773 3482 habebit
802 3415 1007 3482 medietatem
1036 3439 1115 3482 suae
1141 3416 1298 3502 pecuniae
1318 3416 1367 3480 sic
1393 3418 1564 3502 repositae.
1606 3419 1642 3484 Si
1665 3441 1741 3486 vero

267 3525 431 3604 coaxpost
452 3515 679 3601 resignaverit,
702 3515 792 3602 apud
811 3515 926 3582 fiscum
948 3515 1151 3602 praedictum
1172 3523 1241 3580 tota
1259 3513 1447 3580 remanebit

395 3621 441 3682 19.
469 3615 554 3680 Item
581 3616 787 3700 praepositus
813 3624 940 3680 tenetur
966 3615 1007 3680 de
1031 3613 1110 3680 fisco
1132 3613 1301 3701 praedicto
1322 3613 1431 3678 iacere
1451 3615 1657 3699 provisiones
1679 3618 1740 3682 sin·

310 3713 404 3800 gulas
426 3723 597 3779 consuetae
618 3713 712 3778 iuxta
730 3715 961 3798 magistrorum
982 3713 1153 3778 arbitrium
1172 3722 1205 3777 et
1225 3711 1498 3779 consuetudinem

395 3817 446 3879 20.
475 3812 558 3877 Item
587 3812 794 3899 praepositus
823 3809 919 3878 debet
949 3835 1034 3878 novo
1062 3813 1248 3900 praeposito
1275 3833 1368 3876 suurn
1395 3813 1584 3897 registrum,
1614 3815 1650 3879 in
1679 3837 1739 3902 qno

312 3919 468 3998 percepta
489 3918 522 3974 et
540 3914 690 3997 exposita
715 3906 800 3997 [27¹2]
827 3911 969 3997 scripsit,
997 3921 1217 3999 praesentare,
1247 3920 1279 3976 et
1306 3931 1443 3998 sequens
1464 3911 1563 3977 faciet
1584 3911 1739 3998 similiter,

268 4020 345 4077 eost
364 4032 449 4075 anno
472 4008 631 4096 completo
652 4031 736 4094 quae
757 4031 823 4076 nou
844 4010 974 4076 ficerunt
992 4011 1179 4076 necessarie
1199 4021 1409 4097 reponantur3
1432 4021 1464 4076 et
1483 4010 1572 4077 idem
1592 4011 1635 4078 de
1656 4035 1739 4080 cere

310 4109 456 4174 viciariis
477 4107 686 4195 intelligatur.

394 4211 445 4274 21.
474 4205 555 4272 Item
577 4211 786 4296 praepositus
808 4210 945 4297 propria
966 4209 1140 4275 autoritate
1154 4212 1224 4274 sine
1239 4231 1399 4276 consensu
1413 4208 1542 4296 collegii
1561 4231 1630 4276 non
1643 4210 1739 4278 habet

309 4307 458 4398 precium
478 4305 616 4374 alicuius
638 4307 679 4374 de
699 4307 825 4374 familia
847 4316 1059 4395 augmentare
1080 4329 1141 4374 nec
1162 4308 1351 4373 diminuere.

392 4411 443 4474 22.
471 4407 563 4490 Item,
586 4407 615 4472 si
637 4409 787 4495 magistri
808 4408 842 4472 in
863 4409 1096 4474 convocatione
1116 4408 1151 4472 in
1171 4407 1307 4474 vocibus
1328 4429 1393 4473 non
1413 4408 1692 4492 concordaverint,
1711 4410 1738 4476 si

266 4515 362 4574 tores
381 4505 485 4572 ardua
505 4507 603 4572 fuerit
622 4507 823 4595 etsprotrahi
846 4506 889 4573 ad
909 4507 1034 4595 aliquot
1055 4507 1125 4572 dics
1147 4507 1216 4572 aine
1235 4515 1428 4574 nocumento
1449 4529 1515 4574 nou
1535 4511 1667 4595 poterit,
1687 4508 1737 4574 vel

308 4606 390 4672 alias
411 4604 532 4672 malurn
552 4604 629 4671 inde
650 4608 729 4672 oriri
751 4629 857 4694 posse,
884 4627 950 4672 non
975 4605 1073 4671 debet
1097 4608 1207 4672 statim
1227 4609 1434 4694 praepositus
1460 4607 1654 4674 concludere
1679 4607 1733 4674 sed

307 4707 481 4792 magistros
503 4705 637 4788 hortari,
663 4716 698 4772 nt
720 4707 901 4773 deliberent
926 4715 967 4788 et,
989 4715 1144 4792 quantum
1163 4709 1316 4793 poterint,
1339 4705 1535 4773 concordent
1562 4717 1596 4774 et
1615 4708 1734 4774 saniori

307 4807 395 4893 parti
418 4827 453 4870 se
476 4805 686 4890 conforment,
715 4817 746 4872 et
768 4807 830 4873 hoc
853 4805 896 4871 ad
922 4827 1021 4870 unum
1042 4805 1127 4870 diem
1150 4804 1193 4871 ad
1219 4807 1398 4872 maximum
1419 4817 1451 4872 et
1472 4829 1537 4873 non
1558 4807 1655 4875 ultra.
1696 4807 1737 4872 Et

306 4906 395 4972 facta
422 4903 565 4972 secunda
588 4907 830 4988 convocatione,
852 4905 880 4970 si
909 4905 1059 4990 magistri
1079 4904 1290 4988 concordent,
1318 4905 1499 4974 concludat
1540 4906 1601 4974 Sin
1622 4917 1735 4990 autem,

265 5004 408 5072 &facim
429 5025 484 5071 eos
504 5005 623 5070 iterum
644 5003 825 5070 deliberare
847 5003 890 5070 ad
911 5025 1010 5068 unum
1032 5001 1133 5085 diem,
1157 5012 1191 5070 et
1212 5003 1299 5070 ultra
1324 5027 1399 5089 non,
1428 5006 1524 5072 modo
1547 5009 1734 5095 praemisso,

307 5113 340 5170 et
357 5104 445 5170 facta
466 5106 562 5170 tertia
584 5107 825 5188 convocatione,
854 5107 882 5168 si
903 5101 1104 5168 concordare
1130 5125 1194 5170 aon
1215 5107 1359 5193 poterint
1379 5115 1412 5174 et
1432 5127 1498 5174 non
1518 5107 1632 5192 velint,
1654 5102 1732 5198 [28⁸]
