3762 6074
504 469 599 522 ronne
617 470 878 538 Ststntsuredsotlcn,
897 489 959 524 vom
977 475 1059 525 Jahrs
1078 474 1147 528 1507.

373 654 402 720 6.
433 671 493 732 om
515 672 610 722 nram
630 673 786 722 rossuur
808 675 877 724 eno
899 675 1142 724 coucunanurr
1166 674 1296 722 annun.

202 783 324 851 Volens
346 785 459 852 audire
478 786 580 855 libros
601 812 661 876 pro
692 789 799 876 gradu
831 789 1073 856 baccalariatus
1106 789 1204 856 debet
1230 788 1344 854 audire
1373 789 1543 858 dumtaxat

121 883 202 950 duas
222 885 377 952 lectiones
399 910 460 974 pro
482 912 547 953 una
568 890 639 954 viee
661 890 695 954 in
719 888 781 972 die,
803 899 835 956 et
855 915 919 956 non
941 891 1062 978 plures.
1104 891 1229 956 Poterit
1250 899 1358 954 tamen
1385 913 1545 976 gramma-

120 985 219 1050 ticam
242 1007 452 1070 communem,
475 987 606 1053 Petrum
628 989 811 1076 Hispanum
828 1003 859 1055 et
875 1013 1005 1078 speram
1020 989 1231 1070 materialem,
1255 1012 1338 1076 quae
1355 1012 1545 1054 concurren-

118 1095 166 1150 tes
190 1084 350 1167 dicunttrr,
372 1109 433 1174 pro
454 1089 557 1152 tercia
576 1087 699 1169 audire,
722 1089 865 1176 qualibet
886 1091 1063 1156 mutatione
1078 1112 1185 1171 unam,
1206 1089 1358 1154 videlicet
1379 1089 1415 1152 in
1429 1087 1541 1155 tabula
1572 1099 1589 1154 5

122 1184 358 1271 completionis.

205 1283 272 1350 Sed
293 1284 459 1372 complens
481 1308 542 1372 pro
564 1288 754 1372 magisterio
776 1311 842 1353 non
864 1290 985 1374 poterit
1006 1287 1112 1354 dedic
1132 1288 1191 1354 sub
1205 1289 1366 1354 distinctis
1381 1287 1469 1353 horis
1485 1291 1547 1354 nisi

120 1395 187 1448 tres
211 1381 325 1448 audire
347 1383 518 1467 lectiones,
555 1384 695 1472 demptis
718 1397 826 1453 tamen
854 1387 1135 1471 concurrentibus,
1179 1397 1262 1475 puta
1286 1387 1388 1453 veteri
1417 1397 1487 1452 arte
1517 1397 1549 1452 et

122 1485 315 1571 topicorum,
337 1481 489 1548 theoricis
512 1484 725 1572 planetarum,
747 1488 950 1554 arithmetica
971 1489 1142 1568 communi,
1170 1489 1295 1553 musica
1323 1487 1427 1552 Muris
1449 1497 1481 1551 et
1499 1511 1548 1552 re·

120 1583 247 1648 thorica
268 1581 367 1648 Tullii
389 1593 446 1648 aut
466 1583 662 1666 Aristotelis,
684 1609 819 1672 quarum
844 1587 1021 1676 quamlibet
1048 1611 1108 1674 pro
1137 1598 1254 1676 quarta
1277 1609 1335 1674 per
1356 1608 1458 1652 unam
1480 1611 1547 1652 mu·
1559 1597 1590 1652 10

119 1683 277 1748 tationem
296 1683 390 1748 iuxta
410 1682 540 1749 tabulae
562 1685 785 1772 completionis
809 1688 1010 1773 signaturam
1033 1685 1147 1752 audire
1167 1690 1294 1774 poterit

120 1869 147 1929 7.
182 1882 230 1930 DE
259 1881 360 1930 MODO
383 1883 555 1934 tuomum
576 1885 771 1934 ascalonas
793 1887 838 1933 ET
860 1887 1061 1952 umectent,
1092 1888 1138 1936 ΕΤ
1158 1887 1253 1949 QUOT
1278 1885 1341 1936 SUB
1363 1886 1432 1936 UNA
1455 1886 1549 1935 Horta

633 1985 711 2046 QUIS
732 1987 862 2034 suomi:
884 1987 1049 2036 POTERIT.

210 2095 329 2163 Modus
352 2097 506 2164 audiendi
526 2097 679 2166 lectiones
702 2111 734 2166 et
755 2101 916 2166 exercicia
945 2103 1007 2167 erit
1033 2101 1118 2168 talis.
1163 2101 1308 2182 Quilibet
1334 2101 1468 2168 audiens
1492 2103 1549 2168 ali·

123 2219 221 2284 quam
243 2195 414 2264 lectionem
435 2223 496 2286 pro
517 2199 624 2286 gradu
644 2201 678 2264 in
711 2199 835 2266 artibus
842 2250 851 2282 ,
886 2203 1032 2288 exceptis
1059 2200 1390 2284 mathematicalibus,
1422 2211 1548 2267 tenetur
1561 2213 1591 2268 15

123 2319 195 2362 eam
222 2296 337 2362 audire
359 2297 393 2362 in
413 2297 497 2363 libro
520 2301 576 2387 qui
597 2300 715 2386 legitur
737 2324 810 2366 cum
832 2299 1009 2386 diligentia,
1032 2303 1078 2365 ita
1100 2298 1209 2386 quod¹
1231 2311 1357 2366 textum
1379 2303 1548 2388 proprium
1587 2295 1590 2302 Δ

124 2405 179 2460 aut
200 2395 480 2462 accommodatum
503 2420 613 2462 secum
634 2409 780 2486 tempore
807 2399 954 2464 lectionis
980 2398 1100 2465 babeat
1141 2409 1173 2464 et
1200 2400 1287 2488 quod
1316 2402 1385 2466 sine
1408 2403 1549 2465 rationa-

122 2494 182 2559 bili
205 2517 323 2578 causa,
352 2495 511 2582 legittimo
533 2508 680 2562 cessante
702 2498 948 2586 impedimento,
976 2498 1098 2564 nullam
1119 2499 1297 2581 lectionem,
1318 2522 1415 2586 quam
1438 2500 1550 2566 audire

124 2593 248 2676 debuit,
270 2604 328 2660 aut
348 2597 554 2679 exercitium,
576 2597 610 2661 in
633 2621 695 2683 quo
718 2609 805 2663 stare
827 2597 952 2681 debuit,
979 2598 1139 2684 neglexit,
1172 2621 1191 2663 a
1212 2601 1315 2664 tercia
1336 2599 1474 2664 lectione
1496 2609 1550 2663 aut

125 2695 284 2760 exercitio
307 2693 349 2759 ab
371 2695 554 2783 inceptione
575 2695 734 2762 librorum
752 2697 953 2786 incipiend03
981 2707 1013 2762 et
1034 2708 1317 2784 quantumcunque
1339 2699 1458 2786 potuit,
1482 2701 1592 2764 sine20

124 2792 199 2859 dolo
222 2803 255 2857 et
272 2793 388 2858 frande
409 2817 430 2858 a
451 2795 612 2882 principio
640 2819 742 2882 usque
770 2797 812 2863 ad
840 2797 936 2862 finem
964 2797 1160 2884 permansit,
1204 2820 1264 2862 nec
1292 2797 1352 2862 sub
1378 2821 1444 2862 una
1470 2797 1552 2862 hora

124 2893 208 2958 duas
229 2891 384 2958 lectiones
407 2903 462 2957 aut
486 2893 549 2958 duo
575 2898 739 2961 exercicia
772 2896 900 2978 habuit,
941 2898 1088 2980 quotiens
1123 2905 1229 2960 autem
1261 2897 1459 2961 exercicium
1496 2906 1552 2961 aut

123 2991 299 3057 lectionem
321 2992 390 3056 sive
407 2992 561 3058 lectiones
582 2995 744 3080 neglexit,
778 2995 829 3060 vel
859 3019 879 3060 a
906 2996 1067 3081 principio
1089 2995 1253 3080 usquead
1274 2997 1370 3060 linem
1391 3019 1456 3060 non
1477 3019 1550 3083 per·

124 3091 255 3172 mansit,
277 3099 310 3155 et
331 3115 441 3156 omues
462 3091 543 3158 alios
565 3092 709 3158 defectus
730 3118 804 3160 suos
827 3093 923 3158 debet
942 3095 976 3159 in
999 3092 1130 3158 scedula
1148 3117 1277 3158 suorum
1301 3105 1441 3164 actuum.
1473 3105 1551 3158 tem·

124 3213 205 3278 pore
227 3189 479 3277 dispensationis
501 3193 758 3278 praesentanda,
794 3217 866 3258 cum
889 3215 1007 3273 causa,
1043 3194 1070 3256 si
1093 3215 1189 3277 quam
1212 3193 1324 3276 habet,
1348 3193 1592 3258 conscribereti

124 3302 156 3356 et
174 3290 369 3377 exprimere,
392 3301 424 3354 et
444 3290 584 3378 desuper
606 3293 881 3378 dispensationem
903 3301 1031 3379 petere,
1058 3301 1093 3355 ut
1116 3291 1291 3356 secundum
1312 3291 1550 3356 multitudinem

126 3387 213 3478 [34⁵]
233 3400 266 3454 et
288 3391 484 3476 paucitatem
505 3391 793 3478 negligentiarum,
818 3391 1000 3455 defectuum
1023 3412 1061 3454 ac
1082 3412 1264 3472 causarum,
1287 3393 1313 3454 si
1340 3413 1420 3478 quos
1442 3389 1550 3471 habet,

125 3489 277 3576 magistri
290 3488 403 3554 videre
423 3492 559 3577 possint,
581 3515 623 3556 en
646 3495 687 3556 sit
708 3513 816 3555 secum
839 3491 952 3554 merito
975 3487 1238 3576 dispensandum.
1266 3489 1430 3576 Reputant
1443 3499 1550 3554 autem

125 3589 287 3676 magistri,
309 3589 500 3674 legittimum
521 3590 787 3677 impedimentum
809 3592 878 3654 lore
899 3590 1119 3653 infirmitatem
1142 3600 1200 3654 aut
1218 3589 1280 3655 loci
1301 3587 1488 3654 absenciam
1510 3611 1551 3654 ex

124 3687 313 3756 rationabili
335 3710 434 3754 causa
455 3689 507 3754 vel
528 3687 651 3775 aliquid
673 3689 762 3755 alind
784 3712 843 3776 per
861 3688 1049 3754 facultatem
1077 3687 1335 3776 approbandum.
1559 3695 1593 3754 30

286 3894 315 3957 8·
337 3907 384 3954 DE
412 3907 560 3955 sexum
578 3907 615 3954 IN
635 3905 736 3954 nocls
760 3907 823 3955 SEU
845 3906 965 3954 BURSIS
984 3905 1200 3955 APPROBATIS
1221 3906 1394 3955 nannum.

208 4021 339 4086 Placuit
360 4031 392 4088 et
413 4021 455 4087 ab
478 4024 611 4110 antiquo
635 4031 788 4088 statutum
811 4033 874 4104 est,
903 4022 990 4110 quod
1010 4021 1115 4087 nullus
1138 4021 1328 4087 admittatur
1350 4021 1394 4087 ad
1415 4045 1553 4090 examen

126 4145 186 4210 pro
209 4121 317 4206 aliquo
340 4121 446 4207 gradu
462 4123 497 4187 in
519 4122 655 4205 artibus,
685 4123 747 4186 nisi
765 4125 799 4186 in
821 4121 956 4207 collegio
977 4132 1035 4186 eut
1054 4120 1163 4186 bursis
1187 4121 1378 4210 approbatis
1401 4125 1550 4188 continue

126 4223 262 4303 steterit,
284 4219 395 4308 ibique
417 4223 451 4285 in
473 4221 676 4286 scholasticis
701 4221 828 4286 actibus
850 4220 1057 4300 latinisando,
1080 4220 1247 4308 arguendo
1271 4231 1303 4285 et
1325 4223 1552 4309 respondendo

125 4321 299 4408 diligenter
319 4321 354 4384 in
374 4318 488 4384 ordine
512 4343 569 4385 suo
591 4344 661 4386 sese
675 4322 914 4402 exercitaverit,
935 4329 1107 4409 ceteraque
1129 4319 1255 4405 collegii
1279 4329 1336 4386 aut
1356 4320 1474 4388 bursae
1496 4333 1593 4410 ap-35

126 4419 286 4507 probatae
304 4419 378 4484 iura
398 4429 433 4484 ut
454 4443 551 4485 verus
572 4421 747 4509 inquilinus
768 4445 827 4508 per
849 4443 883 4485 se
903 4421 1058 4502 tenuerit3
1092 4419 1156 4484 nisi
1182 4419 1270 4484 filius
1293 4421 1434 4486 civitatis
1457 4423 1553 4487 luerit

124 4520 178 4585 vel
199 4518 282 4583 alias
304 4517 385 4584 adeo
407 4518 600 4586 habundans
621 4533 652 4585 et
673 4520 844 4602 notabilis,
877 4519 964 4607 quod
996 4518 1125 4584 domum
1147 4521 1317 4606 propriam
1337 4535 1369 4585 et
1389 4539 1577 4607 expensas·

125 4621 280 4707 proprias
302 4627 412 4683 tenere
435 4641 499 4684 una
522 4642 594 4684 cum
618 4621 774 4706 magistro
799 4619 850 4684 vel
872 4618 1098 4700 informatore,
1134 4617 1186 4682 vcl
1215 4629 1408 4706 paupertate
1435 4642 1551 4704 grava·

124 4729 177 4784 tus
200 4717 373 4782 serviendo
393 4716 490 4782 alicui
512 4719 670 4804 magistro
690 4719 743 4784 vel
763 4719 842 4784 alibi
869 4739 1031 4804 expensas
1057 4719 1091 4782 in
1117 4726 1184 4782 toto
1211 4716 1263 4782 vel
1289 4741 1348 4805 pro
1377 4718 1550 4786 medietate

212 4969 224 5021 t
248 4961 410 5036 Bigentlich
430 4963 505 5019 steht
520 4966 612 5034 itaqua
629 4963 828 5038 geschn'eben3
854 4964 921 5020 aber
945 4964 993 5019 der
1013 4963 1162 5036 Vergleich
1184 4965 1234 5020 mit
1260 4965 1314 5020 den
1331 4965 1551 5023 Parallelstellen

123 5049 205 5118 lehrt,
223 5049 286 5104 dass
304 5049 345 5102 ita
358 5050 435 5118 qnod
454 5066 488 5102 au
509 5047 583 5102 lesen
602 5048 649 5117 sei,
668 5066 694 5106 u.
714 5049 786 5104 auch
806 5049 865 5104 hier
882 5049 918 5103 ist
936 5047 1070 5104 zwischen
1090 5051 1130 5104 ita
1151 5069 1178 5106 u.
1196 5051 1245 5107 der
1255 5049 1430 5120 Ablsiirrung
1447 5049 1493 5107 nir
1503 5071 1554 5124 qrre

123 5137 168 5191 ein
185 5131 441 5204 Trennungsstrich
459 5138 572 5204 geeetzt
