3794 6066
333 471 373 534 94
818 467 869 516 Die
888 465 1007 517 statuten
1023 481 1086 517 vom
1099 465 1181 517 Jabre
1195 471 1267 532 15⁴³,

333 651 410 716 dum
435 671 476 713 ne
505 649 591 737 quod
618 649 771 714 offeretur
798 648 903 713 minus
925 669 989 712 uno
1008 655 1152 713 nostrate
1175 647 1340 715 nummulo
1361 651 1412 715 sit
1452 647 1505 714 De
1526 649 1577 714 bis
1600 647 1751 715 omnibus

332 761 439 816 rector
465 771 523 814 suo
549 757 695 836 tempore
721 745 861 812 edictam
883 749 1078 812 conveniens
1098 757 1259 836 proponet
1279 757 1312 814 et
1332 748 1486 814 muletam
1508 750 1688 836 exprimet,
1709 747 1750 812 ab

335 847 595 916 inobedientibus
617 847 740 934 absque
759 848 856 912 venia
877 847 1083 934 exigendam

891 1033 1059 1085 Ststntnm
1080 1034 1193 1086 xxxn.

308 1147 324 1202 5
905 1149 952 1196 DE
974 1147 1178 1198 suumne.

418 1266 572 1331 Similiter
595 1274 628 1330 et
647 1267 796 1331 tuncrum
819 1263 980 1346 deductio,
1001 1285 1074 1328 cnm
1096 1264 1213 1351 aliquis
1234 1262 1275 1329 de
1298 1285 1435 1352 corpore
1454 1265 1679 1329 universitatis
1697 1285 1751 1328 no-

334 1379 420 1434 strae
441 1375 576 1430 mortem
599 1364 726 1449 obierit,
747 1365 867 1429 rectori
886 1383 983 1428 curae
1004 1365 1076 1445 erit,
1097 1372 1133 1428 ut
1153 1385 1213 1450 pro
1234 1362 1377 1429 delirncti
1392 1363 1576 1430 conditione
1595 1365 1751 1450 exequiae

333 1467 560 1534 convenienter
580 1463 747 1530 ducantur.
791 1462 888 1544 Quod
907 1484 1032 1550 quoque
1047 1474 1192 1550 tempore
1205 1462 1311 1528 edicto
1326 1465 1464 1528 rectoris
1478 1463 1720 1550 praescribetur
1733 1465 1751 1524 ¹.

884 1648 1054 1700 Statntnm
1072 1649 1196 1700 xxxnt.

292 1765 323 1820 10
371 1771 417 1818 DE
435 1767 508 1816 NON
528 1763 680 1814 nunsula
700 1763 800 1812 ULLIS
822 1763 975 1812 scamna
996 1763 1033 1812 nt
1055 1761 1123 1812 flac
1145 1763 1279 1812 SGHOLA
1299 1763 1345 1812 nt·
1367 1763 1498 1815 orento
1518 1765 1591 1815 NON
1612 1765 1714 1814 rame

818 1861 997 1912 marsuam
1017 1865 1062 1912 ltu
1085 1861 1265 1912 nonaria.

413 1983 545 2070 Magnis
576 1989 608 2047 et
634 1977 790 2066 gravibus
817 1977 989 2044 decausis
1018 1981 1131 2044 subsit
1154 1979 1376 2044 universitatis
1403 1977 1618 2045 scholasticae
1646 1981 1751 2045 consi·

332 2087 427 2168 lium,
457 2103 585 2164 omnes,
612 2080 667 2166 qui
689 2077 824 2164 postbac
846 2075 947 2142 libros
969 2087 1026 2143 aut
1047 2078 1265 2166 cuiuscunque
1284 2081 1414 2165 generis
1435 2081 1560 2167 scripta
1579 2079 1677 2144 edere
1697 2101 1751 2144 vo-

331 2186 461 2266 luerint,
483 2179 666 2268 exemplum
687 2177 816 2242 illorum
837 2175 1006 2242 bonafide
1027 2177 1146 2242 rectori
1167 2178 1282 2243 offerre
1304 2177 1432 2264 debere,
1456 2181 1511 2266 qni
1534 2178 1576 2244 de
1592 2180 1752 2244 sententia

291 2297 454 2366 tteorum,
476 2282 674 2370 adquorum
698 2277 840 2342 studium
859 2286 892 2343 et
911 2277 1144 2362 professionem
1166 2279 1307 2363 cognitio
1327 2277 1511 2366 pertinebit,
1533 2278 1586 2343 edi
1609 2288 1666 2344 aut
1680 2301 1751 2364 per·

331 2387 437 2450 mittet
465 2391 520 2447 aut
550 2378 682 2445 vetabit
725 2375 762 2441 Si
789 2378 862 2462 quis
888 2398 953 2441 non
980 2375 1133 2442 obtulerit
1162 2385 1217 2441 aut
1242 2387 1356 2444 conus
1383 2378 1589 2444 interdictum
1612 2379 1751 2444 rectoris

330 2485 450 2550 librum
478 2481 676 2567 scriptumve
703 2498 795 2541 suum
822 2473 997 2540 alteriusve
1027 2475 1080 2540 edi
1105 2479 1283 2558 curaverit,
1311 2476 1497 2543 florinorum
1517 2478 1752 2566 quinquaginta

330 2583 485 2649 mulctam
506 2579 630 2645 solvito.
666 2577 718 2642 De
739 2573 823 2640 libro
847 2584 954 2640 eutem
976 2596 1033 2640 seu
1055 2575 1176 2662 scripto
1197 2576 1245 2640 sio
1266 2574 1352 2642 edito
1371 2577 1526 2643 iudicium
1548 2587 1582 2643 et
1602 2581 1636 2643 in
1659 2587 1750 2644 anto-

330 2705 417 2764 rem,
439 2682 467 2747 si
489 2686 669 2760 mereatur,
690 2673 930 2740 animadversio
950 2672 1054 2740 libera
1075 2673 1201 2739 consilii
1221 2673 1344 2762 publici
1366 2678 1437 2744 erit.

288 2866 323 2923 20
883 2858 1048 2910 statutum
1066 2860 1189 2912 XXXIV.

664 2978 712 3027 DE
735 2973 956 3026 sumamus
976 2974 1200 3026 vesanorum
1220 2978 1266 3026 ΕΤ
1287 2978 1409 3029 ranna.

414 3097 496 3164 (tum
526 3117 591 3161 non
616 3097 722 3182 possit
752 3092 841 3174 fieri,
868 3099 905 3155 ut
930 3091 1132 3177 professores
1163 3093 1312 3160 omnibus
1342 3093 1457 3160 diebus
1485 3115 1602 3182 operas
1631 3095 1751 3160 obeant

329 3197 496 3263 doctrinae
518 3217 613 3279 suae,
636 3193 769 3281 diesque
790 3191 927 3278 aliquot,
950 3189 1067 3278 quibus
1089 3190 1196 3258 feriati
1218 3193 1298 3278 sint,
1329 3201 1361 3258 et
1380 3195 1569 3260 vacationes
1591 3195 1655 3261 illis
1677 3217 1749 3260 con-

329 3297 401 3363 aedi
421 3317 554 3360 necesse
573 3304 637 3377 est,
665 3315 706 3358 ne
734 3301 843 3358 tamen
870 3312 929 3377 pro
946 3311 1005 3355 suc
1028 3288 1164 3356 arbitrio
1186 3293 1343 3380 quisque²
1365 3291 1427 3358 sibi
1447 3291 1504 3358 illa
1523 3301 1672 3382 tempora
1693 3296 1751 3359 otii

287 3405 363 3462 tuat
381 3396 588 3462 vacationum
609 3401 764 3476 sumeret,
785 3392 893 3456 visum
915 3397 964 3454 est
984 3411 1052 3454 rem
1072 3388 1135 3454 boc
1154 3391 1251 3457 modo
1273 3396 1479 3458 constitutam
1499 3416 1692 3482 proponere.

411 3495 558 3561 Primum
585 3491 720 3579 singulis
748 3488 1006 3556 hebdomadibus
1036 3486 1161 3554 dierum
1185 3492 1345 3557 universis
1372 3515 1436 3558 uno
1462 3492 1515 3559 die
1537 3495 1750 3560 intermittere

329 3617 446 3684 operas
470 3593 636 3660 doctrinae
658 3614 735 3658 suae
758 3610 948 3655 conoessum
968 3597 1048 3654 esto.

413 3691 562 3759 Secundo
591 3691 739 3758 omnibus
767 3687 883 3756 diebus
906 3687 1076 3754 dominicis
1098 3696 1130 3756 et
1151 3690 1191 3756 iis
1212 3689 1320 3774 feriis,
1341 3712 1425 3777 qnae
1446 3692 1480 3756 iu
1500 3691 1623 3782 templo
1645 3693 1746 3760 solen-

326 3795 411 3859 niter
432 3789 645 3856 celebrantur.

286 3901 322 3957 30
412 3889 524 3956 Tertio
552 3911 573 3954 a
601 3889 670 3972 die,
698 3889 753 3976 qui
781 3895 857 3952 ante
884 3886 1063 3954 Pascbatos
1083 3887 1216 3973 festmn,
1244 3897 1276 3954 et
1296 3897 1433 3976 quatuor
1458 3899 1539 3977 post
1580 3891 1619 3956 ln
1640 3900 1748 3979 pente·

331 4000 436 4057 costes
456 3989 632 4054 festivitate
654 3986 863 4077 quatriduum
885 3987 1077 4056 servabitur.

411 4089 536 4171 Quarto
558 4085 723 4154 caniculae
743 4108 854 4153 mense
874 4109 948 4156 unc.

411 4187 531 4270 Quinto
551 4187 652 4254 natali
673 4187 859 4254 Christiano
879 4186 994 4252 triduo.

409 4287 512 4354 Sexto
532 4286 635 4353 tribus
655 4285 853 4354 mercatibus
876 4283 989 4352 diebus
1010 4283 1112 4350 denis.

287 4395 321 4455 35
413 4388 519 4476 Atque
540 4387 601 4454 boc
622 4388 819 4475 generaliter
839 4385 1046 4451 custodietur.
1089 4383 1129 4449 ln
1156 4384 1293 4472 singulis
1314 4395 1421 4452 autem
1442 4386 1650 4456 facultatibus
1672 4389 1747 4477 quid

328 4487 399 4554 fieri
421 4491 606 4572 conveniat,
626 4491 661 4553 in
681 4487 811 4554 illorum
833 4486 961 4552 statutis
989 4484 1148 4572 explicari
1170 4482 1307 4552 debebit

397 4743 407 4796 l
431 4735 619 4796 Gaschrieben
635 4735 671 4792 ist
685 4737 883 4808 prmrioeae.

394 4828 410 4880 2
425 4821 612 4880 Gescbrieben
631 4819 704 4877 steht
719 4821 850 4892 ᾳιὺριιίε.

870 4991 1201 5002 -..-..--
