3748 6070
365 475 425 548 348
856 481 907 532 Dis
925 481 1144 546 philosophisehe
1165 481 1292 532 suculae

365 671 427 745 tus,
453 661 517 726 nisi
538 663 629 750 prius
652 663 775 727 steterit
803 663 836 728 in
863 663 928 728 ista
955 665 1164 730 universitate
1188 685 1247 750 per
1274 661 1416 730 medium
1442 685 1563 730 aunum
1590 671 1623 728 et
1650 664 1683 728 in
1708 665 1771 746 ists,

365 761 451 826 unde
477 763 579 844 venit,
608 763 710 827 eciam
731 760 817 828 ultra
837 763 979 828 medium
1005 787 1132 846 annum,
1161 771 1193 828 et
1218 761 1392 828 dummodo
1417 762 1613 828 sufficientes
1633 763 1772 830 informa·

367 862 475 926 ciones
495 861 608 926 feeerit
628 861 668 926 de
690 859 858 926 audicione
880 861 1037 928 librorum
1058 865 1092 928 in
1113 863 1179 929 alia
1196 863 1415 928 universitate.

754 1035 781 1098 6.
802 1045 849 1094 nn
871 1046 1165 1095 ansrossmmsus
1187 1047 1393 1096 onnmsaus.

323 1169 339 1225 5
931 1165 990 1228 Vgl.
1009 1165 1154 1228 Hauptuat
1174 1165 1214 1216 36.

446 1277 527 1342 Item
549 1276 653 1340 nullus
674 1277 771 1342 debet
791 1278 918 1343 admitti
939 1278 982 1344 ad
1004 1264 1155 1344 examen'
1168 1301 1227 1365 pro
1254 1277 1360 1364 gradu
1385 1278 1625 1344 baccalariatus
1651 1279 1684 1343 in
1707 1280 1771 1343 arti·

366 1375 438 1459 bus,
462 1377 525 1441 nisi
550 1379 656 1440 sexies
677 1377 883 1462 responderit
908 1378 1071 1443 ordinarie
1098 1388 1129 1442 et
1157 1379 1278 1444 tociens
1306 1377 1565 1443 extraordinarie
1590 1388 1656 1443 tam
1683 1380 1771 1463 magi·

367 1478 442 1540 stris
472 1498 568 1563 quam
596 1475 804 1556 baccalariis,
835 1477 949 1541 diebus
977 1465 1146 1542 dominicis
1173 1477 1224 1542 vel
1253 1485 1349 1542 extra
1374 1475 1628 1564 disputantibus.
1665 1478 1725 1559 Qui
1749 1479 1771 1540 si

367 1576 484 1640 absens
504 1575 614 1657 buerit,
643 1575 816 1640 dummodo
838 1574 899 1639 sibi
921 1577 1069 1662 arguitur
1090 1576 1143 1641 vel
1172 1585 1395 1662 argumentum
1422 1577 1626 1664 proponitur,
1652 1599 1771 1664 respou-

329 1677 416 1740 10sio
447 1673 537 1756 talis,
570 1676 638 1740 sive
670 1675 861 1762 principalis
889 1675 958 1740 sive
985 1677 1091 1741 minus
1121 1675 1312 1764 principalis
1339 1676 1451 1758 fuerit,
1482 1698 1547 1740 non
1576 1675 1672 1741 debet
1698 1698 1771 1741 eom·

368 1775 487 1862 putari.

397 1945 423 2007 7.
445 1959 480 2008 ΙΝ
500 1957 594 2020 QUO'I'
616 1957 926 2008 Dlsrurtcloumus
947 1959 1145 2007 ORDlNARIIS
1167 1960 1426 2008 PBOHOVENDUS
1447 1961 1483 2007 m
1504 1957 1738 2008 BAGCALARIUH

873 2059 1035 2106 TENETUR
1057 2057 1275 2108 COMPARERE.

936 2195 993 2257 vgl.
1015 2195 1160 2258 Hauptetat
1178 2195 1219 2246 37.

328 2337 358 2391 15
450 2325 530 2389 Item
550 2323 655 2389 nullus
677 2324 719 2389 ad
740 2346 877 2389 examen
899 2323 1135 2390 baccalariatus
1155 2327 1188 2390 in
1210 2325 1334 2391 artibus
1355 2323 1555 2407 admittatur,
1575 2325 1639 2388 nisi
1660 2325 1692 2388 in
1710 2347 1770 2388 con·

369 2425 509 2489 sciencia
537 2446 596 2488 sua
619 2423 719 2506 dicat,
749 2423 835 2512 quod
865 2427 899 2489 in
926 2425 1060 2510 triginta
1088 2423 1367 2512 disputacionibus
1394 2424 1569 2489 ordinariis
1599 2434 1665 2488 tam
1684 2424 1771 2509 magi-

368 2533 506 2588 strorum
533 2546 631 2610 quam
658 2522 914 2588 bacealariorum
942 2547 1097 2609 praesens
1124 2525 1185 2588 fuit
1211 2535 1277 2588 tam
1306 2523 1377 2606 din,
1404 2523 1507 2588 donec
1531 2519 1616 2610 [sss]
1639 2521 1772 2586 adminus

368 2625 509 2710 quinque
545 2623 693 2707 magistri
732 2633 789 2686 aut
825 2621 1001 2688 baccalsrii
1039 2623 1236 2710 arguebant,
1275 2624 1303 2688 si
1342 2621 1455 2688 saltem
1492 2631 1541 2687 tot
1577 2621 1625 2688 ibi
1662 2623 1773 2687 nerunt

368 2731 551 2808 arguentes.

283 2869 284 2872 =
327 2897 361 2954 20
506 2895 534 2956 8·
557 2907 603 2954 Du
624 2906 771 2972 AETATE,
793 2907 1064 2956 LEGITTllssTATE
1088 2909 1132 2956 ΕΤ
1154 2907 1306 2956 uolumus
1327 2905 1652 2956 PROMOVENDORUM.

935 3027 996 3089 Vgl.
1018 3027 1218 3089 anapaesto.

450 3141 532 3206 Item
555 3138 660 3204 nullus
682 3139 871 3204 admittatur
891 3140 933 3205 ad
955 3163 1091 3205 examen
1113 3163 1172 3227 pro
1192 3139 1299 3225 gradu
1327 3139 1567 3205 baccalariatus
1593 3139 1628 3204 in
1656 3138 1775 3217 artibus,

367 3241 430 3306 nisi
458 3240 602 3324 attigerit
630 3263 749 3303 annum
773 3239 932 3305 decimum
962 3242 1133 3326 septimum
1161 3247 1193 3304 et
1220 3239 1261 3304 de
1289 3238 1448 3325 legittimo
1470 3240 1676 3304 matrimonio
1694 3250 1776 3302 naun

368 3343 410 3406 sit
431 3350 462 3404 et
482 3339 564 3404 alias
585 3337 730 3404 moribus
752 3338 1016 3404 commendabilis
1038 3341 1172 3422 existat,
1202 3341 1250 3404 sic
1271 3338 1358 3426 quod
1378 3339 1412 3405 in
1433 3337 1521 3405 nullo
1544 3359 1682 3426 excessu
1700 3349 1776 3402 nota·

325 3440 425 3506 abui
453 3451 485 3504 et
514 3439 641 3504 notorio
670 3438 891 3524 deprehensus
919 3440 1030 3520 fuerit,
1058 3437 1145 3526 quod
1172 3438 1213 3503 de
1242 3437 1384 3526 quolibet
1411 3459 1572 3520 seorsum,
1602 3436 1721 3503 seilicet
1744 3435 1776 3500 de

368 3549 474 3605 aetate
494 3547 527 3603 et
547 3537 775 3624 legittimitate,
805 3549 879 3604 ante
905 3538 1133 3604 admissionem
1156 3537 1198 3602 ad
1223 3559 1360 3603 examen
1388 3558 1447 3624 per
1469 3536 1630 3601 decanum
1650 3537 1776 3623 inquire·

367 3650 419 3704 tur
441 3637 622 3723 diligenter.
664 3636 753 3716 Quos
777 3639 879 3702 eciam
901 3649 932 3702 et
954 3637 1127 3724 quemlibet
1148 3638 1181 3702 in
1204 3636 1321 3722 aliquo,
1348 3645 1385 3701 ut
1405 3636 1635 3723 praemittitur,
1657 3655 1778 3700 excessu

366 3736 501 3803 notabili
526 3738 652 3800 notorio
678 3735 870 3822 culpabilem
897 3735 1032 3824 quilibet
1058 3738 1287 3822 magistrorum
1314 3737 1419 3800 eciem
1441 3735 1658 3802 denuneciare
1683 3744 1713 3800 et
1731 3735 1778 3798 in·

367 3835 480 3924 pedire
508 3845 614 3922 potest
634 3844 666 3899 et
686 3846 821 3918 tenetur,
847 3857 908 3899 nec
935 3839 1037 3900 eciam
1063 3835 1137 3900 talis
1163 3837 1364 3921 inposterum
1392 3833 1593 3916 admittatur,
1619 3835 1684 3898 nisi
1710 3831 1779 3898 adeo

326 3933 575 4002 wlandabiliter
599 3947 631 3999 et
651 3935 794 3999 virtuose
815 3957 849 3999 se
879 3937 1016 4018 rexerit,
1045 3936 1130 4022 quod
1154 3958 1195 3998 ex
1215 3942 1381 3999 transacta
1400 3935 1548 3998 virmosa
1569 3933 1641 3998 eius
1665 3935 1729 3998 vita
1746 3930 1780 3994 de

370 4034 577 4122 subsequenti
605 4035 673 4098 eius
696 4034 945 4098 conversacione
974 4033 1132 4100 laudabili
1160 4043 1398 4120 praesumatur.
1438 4033 1482 4096 Et
1501 4031 1601 4098 talem
1623 4053 1779 4098 excessum

369 4133 506 4200 facultas
528 4135 652 4199 areium
673 4143 802 4220 reputat
822 4132 995 4198 notabilem
1017 4144 1050 4198 et
1069 4134 1241 4212 notorium,
1265 4133 1304 4197 de
1325 4153 1389 4219 quo
1410 4153 1469 4218 per
1490 4141 1651 4197 rectorem
1670 4142 1701 4197 et
1719 4134 1776 4196 eius

369 4256 550 4299 assessores
576 4235 795 4298 incarceratus
821 4233 931 4315 fuerit,
959 4230 1011 4296 vel
1034 4236 1060 4298 si
1088 4232 1237 4318 publicus
1258 4231 1498 4297 meretricarius
1526 4231 1640 4314 fuerit,
1669 4229 1789 4296 seilicet·

368 4332 455 4421 quod
477 4336 510 4398 in
531 4333 626 4399 domo
647 4330 861 4398 habitacionis
886 4355 964 4397 suae
985 4330 1151 4397 mulierem
1174 4340 1357 4419 suspectam
1377 4333 1515 4396 tenuerit
1535 4331 1589 4396 vel
1615 4331 1658 4396 ad
1685 4353 1776 4396 eomo-

325 4434 445 4500 sedum
465 4432 584 4497 bursae
606 4455 683 4496 suae
703 4431 799 4498 talem
821 4431 1053 4514 introduxerit,
1080 4442 1113 4496 et
1134 4429 1174 4495 de
1195 4430 1257 4496 hoe
1278 4430 1444 4496 convietus
1465 4429 1517 4496 vel
1538 4431 1713 4512 confessus,
1732 4426 1774 4492 vel

368 4556 427 4622 per
448 4541 677 4597 conventorem
705 4541 840 4619 propter
864 4530 951 4596 bunc
971 4542 1003 4596 et
1031 4529 1205 4618 quemlibet
1233 4529 1334 4596 alium
1356 4551 1526 4594 excessum
1548 4529 1590 4596 de
1610 4529 1708 4596 bursa
1725 4547 1775 4592 sua

367 4630 522 4720 expulsus
543 4631 650 4712 fixerit,
677 4630 728 4696 vel
754 4632 789 4696 in
815 4628 996 4717 prostibulo
1015 4627 1068 4694 vel
1090 4640 1184 4695 extra
1211 4628 1341 4717 publice
1368 4651 1403 4693 se
1429 4631 1638 4716 percusserit,
1664 4627 1714 4694 vel
1739 4625 1778 4690 ibi

369 4731 557 4798 vulneratus
580 4752 621 4794 ex
643 4728 740 4816 culpa
762 4752 821 4794 sua
840 4729 938 4794 fuerit
958 4738 1072 4815 eaptus
1094 4727 1146 4793 vel
1175 4727 1405 4816 deprehensus,
1432 4727 1485 4792 vel
1513 4729 1570 4816 qui
1598 4729 1643 4794 ad
1662 4725 1778 4794 taxilles

367 4834 400 4896 in
423 4831 566 4896 tabernis
589 4826 717 4916 publice
744 4828 871 4912 luserit,
900 4828 951 4894 vel
974 4827 1186 4894 hastiludium
1213 4829 1248 4893 in
1269 4829 1339 4893 foro
1362 4826 1493 4914 publice
1515 4829 1711 4908 exercuerit,
1735 4821 1778 4888 vel

327 4932 425 5018 toqui
447 4928 555 4995 verbis
577 4929 742 4994 iniuriosis
763 4929 904 5016 aliquem
928 4930 1158 5013 magistrorum
1181 4926 1309 5014 publice
1330 4925 1476 5009 laeserit,
1504 4926 1557 4992 vel
1586 4929 1690 5014 ipsum
1710 4925 1778 4989 iniu-

368 5032 453 5095 riose
484 5029 698 5117 percusserit,
729 5027 780 5091 vel
812 5031 931 5093 furtum
958 5026 1010 5092 vel
1040 5026 1121 5092 alios
1149 5050 1316 5108 excesus,
1350 5049 1429 5112 quos
1457 5029 1630 5093 comitatur
1658 5022 1778 5090 ialam

369 5130 421 5195 vel
449 5129 649 5208 scandalum,
677 5129 874 5192 commiserit
901 5125 954 5191 vel
979 5129 1233 5214 perpetraverit;
1261 5147 1399 5213 quorum
1423 5125 1531 5191 nullus
1558 5128 1678 5208 eciam,
1703 5120 1778 5190 side
