3768 6072
308 471 369 583 353
879 520 935 570 Dar
953 519 1041 572 klatne
1057 519 1162 584 colleg.

308 697 428 786 pendet
456 697 531 764 huie
557 697 692 784 collegio
720 698 800 766 duos
824 701 964 766 florenos
993 723 1065 766 cnm
1088 699 1256 766 dimidiato
1278 700 1312 764 in
1331 700 1468 766 termino
1490 701 1524 765 in
1548 700 1652 766 literis
1673 723 1725 766 ex·

309 820 432 887 presso.
465 798 574 864 Debet
595 807 702 863 antem
723 797 811 865 dicta
832 801 988 866 memoria
1008 801 1124 887 peragi
1145 823 1219 866 eum
1240 798 1399 886 pulsibus,
1421 799 1545 886 vigiliis
1566 811 1599 864 et
1620 801 1727 866 missis

310 909 342 964 et
362 897 494 986 publica
516 896 760 964 denunciatione
780 907 813 964 et
833 900 1061 966 exhortacione
1083 899 1125 964 ad
1146 899 1303 988 populum
1323 921 1383 986 pro
1402 895 1453 986 [33
1461 896 1487 986 ⁸]
1509 901 1728 983 interessione,

308 997 470 1064 dominica
490 1000 641 1085 proxima
660 997 882 1084 peragendam
896 1001 1083 1065 memoriam
1105 999 1328 1086 praecedente,
1349 1021 1409 1085 pro
1429 997 1547 1086 quibus
1567 998 1727 1086 parrocho

267 1107 285 1164 5
311 1099 379 1162 sive
400 1095 538 1186 plebano
563 1107 618 1162 aut
640 1098 744 1163 vicem
771 1099 838 1162 eius
869 1099 995 1184 gerenti
1019 1097 1202 1187 quindecim
1224 1113 1263 1178 ‘Ji-
1284 1096 1477 1164 numerandi
1505 1109 1594 1182 sunt,
1624 1097 1728 1164 distri·

309 1195 429 1263 bnendi
452 1220 512 1285 pro
533 1219 621 1262 more
643 1195 798 1262 ecclesiae
817 1199 984 1262 ministris.
1007 1197 1146 1284 Legavit
1168 1219 1293 1286 quoque
1316 1195 1420 1262 dictus
1441 1207 1575 1262 testator
1596 1195 1729 1284 collegio

310 1296 451 1386 cyphum
474 1306 662 1382 argenteum
684 1318 756 1361 cum
777 1295 907 1362 Abbate
927 1318 1026 1384 super
1047 1295 1263 1362 decretalibus
1284 1305 1315 1361 et
1336 1298 1515 1384 repertorio
1538 1298 1573 1361 in
1594 1307 1730 1383 quatuor

310 1394 526 1462 voluminibus
548 1404 606 1460 etc.
649 1395 750 1462 (iuius
774 1397 881 1462 anima
905 1398 938 1461 in
960 1406 1105 1460 extrema
1127 1394 1239 1484 requie
1266 1393 1402 1460 laetetur
1422 1397 1505 1460 inter
1528 1393 1648 1460 electos
1672 1393 1730 1459 dei.

311 1493 471 1560 Sacerdos
498 1494 641 1578 missam,
669 1517 733 1562 non
761 1494 913 1561 sacerdos
935 1494 1064 1582 vigilias
1096 1493 1252 1581 legendas
1280 1495 1494 1560 meminerint.
1536 1493 1622 1559 Aeta
1655 1499 1730 1561 1531)

270 1599 340 1661 107.
368 1592 568 1681 Septembris
598 1593 678 1660 haee
706 1597 839 1660 notatio.
866 1631 905 1641 -
933 1593 969 1659 Si
997 1591 1158 1680 praedicti
1189 1615 1303 1658 census
1330 1593 1556 1659 numeraoione
1584 1591 1731 1680 capitalis

311 1715 455 1760 summae
476 1695 614 1781 reempti
635 1695 762 1776 inerint,
789 1703 902 1760 curent
930 1694 1051 1759 domini
1078 1701 1277 1780 praesentes,
1306 1703 1343 1759 ut
1363 1715 1491 1757 rursum
1511 1694 1587 1780 ipsa
1609 1715 1732 1758 summa

309 1794 343 1858 in
365 1794 609 1859 convenientem
629 1793 735 1860 locum
757 1817 817 1881 pro
837 1791 988 1858 censibus
1009 1802 1201 1880 exponatur.

393 1899 441 1962 18.
470 1893 565 1958 Anno
587 1891 709 1958 domini
732 1898 810 1962 1533
832 1894 986 1980 apparuit
1007 1915 1116 1958 coram
1138 1891 1276 1957 dominis
1299 1899 1331 1956 et
1352 1889 1578 1973 confratribus,
1602 1890 1730 1977 collegii

310 1992 405 2058 buius
426 1993 585 2080 principis
608 1991 749 2080 collegis,
772 1994 923 2079 egregius
945 1993 1005 2074 vir,
1028 1991 1176 2057 dominus
1199 1990 1436 2056 Ludowieus
1458 1991 1665 2056 Sartoris¹
1688 2013 1732 2056 cx

269 2091 515 2175 15G0rlici0,
537 2093 731 2179 optimarum
753 2093 872 2157 artium
893 2101 926 2157 et
947 2113 1060 2156 sacrae
1077 2090 1261 2178 theologiae
1284 2089 1457 2176 professor,
1476 2092 1616 2178 insignis
1636 2089 1733 2156 ecclc-

310 2194 378 2258 siae
407 2191 581 2256 Misnensis
612 2193 802 2270 canonicus,
832 2190 1001 2256 intendens
1034 2191 1292 2256 anniversariam
1323 2192 1511 2255 memoriam
1542 2213 1603 2278 pro
1638 2213 1673 2255 se
1705 2201 1735 2255 et

308 2289 498 2380 parentibus
520 2291 586 2354 suis
606 2291 741 2356 institui.
763 2289 890 2356 Obtulit
911 2289 1046 2376 collegio
1069 2292 1240 2376 sexaginta
1260 2287 1400 2354 florenos
1420 2311 1574 2356 renenses
1593 2291 1630 2355 in
1648 2289 1735 2356 bona

309 2391 417 2457 ducah
443 2401 572 2456 moneta
597 2392 631 2454 in
657 2389 813 2476 gladiatis
835 2397 867 2454 et
888 2387 1065 2454 dimidiatis
1093 2390 1216 2476 grossis
1238 2411 1274 2453 re
1294 2390 1369 2476 ipsa
1390 2399 1422 2454 et
1444 2389 1658 2455 effectualiter
1680 2413 1734 2454 an·

309 2490 502 2571 numeratis,
531 2510 611 2576 quos
640 2488 812 2576 collegium
841 2491 1018 2577 assumpsit
1045 2499 1076 2554 et
1105 2512 1165 2577 pro
1192 2487 1343 2554 censibus
1371 2488 1492 2554 locavit
1520 2510 1619 2577 super
1647 2488 1737 2576 hipo-

269 2588 407 2658 anthera
428 2588 522 2654 domo
547 2597 580 2653 et
599 2588 693 2654 horto
706 2587 850 2653 Thomas
862 2587 990 2653 Luman
1009 2587 1137 2654 linificis
1159 2589 1195 2653 in
1213 2611 1309 2670 nova,
1331 2597 1366 2653 ut
1388 2597 1516 2671 vocant,
1539 2597 1644 2654 strata
1667 2591 1736 2670 sita,

311 2689 536 2774 consensitque
556 2690 591 2754 in
612 2687 719 2753 dictae
740 2688 915 2754 memoriae
935 2687 1167 2753 institutionem
1189 2697 1222 2753 et
1243 2687 1462 2776 peractionem
1486 2687 1625 2774 singulis
1644 2689 1737 2753 annis

313 2791 348 2854 in
369 2786 449 2852 aede
477 2787 545 2853 divi
559 2787 693 2884 'Nicolai
721 2810 780 2874 pro
806 2788 878 2874 ipso
903 2785 1076 2852 fundatore
1098 2797 1129 2851 et
1150 2786 1340 2875 parentibus
1361 2789 1440 2871 eius,
1466 2787 1609 2853 Iohanne
1630 2787 1738 2875 Lang-

311 2886 490 2972 schneider,
512 2887 705 2977 proconsule
716 2887 792 2953 olim
805 2885 998 2969 Gorlicensi,
1019 2885 1238 2969 etDorothea,
1254 2887 1433 2952 conthorali
1457 2887 1535 2969 eius,
1558 2910 1633 2953 cum
1653 2909 1737 2953 cam·

311 3011 470 3077 panarum
497 2988 540 3053 ad
566 2985 696 3074 vigilias
727 2997 758 3052 et
785 2987 901 3050 missas
931 2985 1118 3071 pulsacione
1146 2999 1178 3051 et
1207 2985 1461 3052 denunciacioue
1491 2985 1544 3052 die
1576 2987 1739 3053 dominica

269 3087 537 3177 &praecedente
559 3097 590 3153 et
605 3086 678 3153 aliis
691 3085 861 3151 dominicis
876 3085 980 3148 instar
1002 3084 1139 3149 aliorum
1162 3087 1459 3151 anniversariorum
1480 3087 1514 3150 in
1535 3083 1634 3152 litera
1656 3110 1737 3153 mor-

311 3200 438 3254 tuorum
460 3187 649 3253 intercessio
670 3185 729 3252 fiat
755 3208 815 3272 pro
841 3186 914 3272 ipso
942 3181 1113 3249 fundatore
1140 3186 1208 3250 vita
1235 3185 1345 3250 functo
1379 3194 1410 3249 et
1440 3185 1631 3272 parentibus
1662 3187 1739 3252 eius.

312 3287 364 3354 De
385 3311 448 3377 quo
475 3285 609 3352 habebit
629 3281 713 3374 [iia]
734 3284 893 3374 plebanus
918 3290 954 3348 15
975 3297 1027 3369 pf,
1053 3291 1090 3348 ut
1117 3282 1157 3350 de
1184 3283 1258 3350 aliis
1288 3285 1529 3350 anniversariis.
1572 3284 1639 3350 Pro
1666 3285 1738 3350 istis

312 3410 390 3453 vero
418 3388 590 3474 sexaginta
610 3385 741 3452 florenis
764 3385 864 3474 empti
891 3393 965 3448 sunt
986 3391 1053 3479 tres
1074 3381 1188 3449 floreni
1209 3385 1244 3448 in
1265 3406 1366 3472 supra
1385 3385 1542 3449 nominati
1565 3383 1648 3449 civis
1670 3393 1737 3449 tex-

311 3488 390 3553 toris
411 3485 594 3575 hipotheca,
619 3495 655 3551 nt
676 3485 850 3551 ostendunt
871 3482 985 3547 literae
1013 3483 1201 3570 empcionis,
1224 3485 1450 3550 consenciente
1477 3482 1565 3548 feudi
1593 3481 1734 3566 domino,

268 3587 510 3674 30Wolfgang0
529 3585 678 3667 Preuser,
711 3595 741 3649 et
771 3583 971 3670 empcionem
1000 3581 1085 3647 hanc
1117 3583 1329 3672 approbante.
1374 3581 1457 3649 Cum
1486 3592 1593 3648 autem
1625 3581 1738 3648 literae

311 3709 382 3752 cunr
402 3687 483 3774 ipsis
506 3684 656 3750 censibus
676 3693 841 3771 reemptae
862 3682 996 3764 fuerint,
1026 3681 1148 3748 domini
1169 3693 1201 3748 et
1221 3683 1339 3748 fratres
1360 3681 1488 3769 collegii
1509 3681 1604 3746 huius
1626 3705 1738 3748 rursm

258 3776 266 3794 ⁶
309 3783 373 3850 alio
391 3783 589 3850 transferant
610 3805 768 3848 summam
790 3791 999 3870 praetactum,
1021 3783 1111 3846 utin
1134 3784 1210 3848 talis
1231 3781 1436 3847 fundacionis
1459 3781 1738 3847 continuacionem

309 3885 449 3949 fructum
475 3905 569 3947 sunm
587 3881 671 3946 ferat
692 3881 735 3946 ad
758 3881 809 3948 dei
831 3881 995 3960 honorem,
1026 3882 1208 3948 animarum
1234 3881 1371 3946 salutem
1394 3893 1426 3945 et
1448 3879 1577 3966 collegii
1598 3901 1736 3946 commo·

312 3981 397 4048 dnm.
441 3980 550 4046 Debet
574 3989 682 4046 autem
712 3982 954 4046 anniversarius
984 3979 1038 4046 ille
1065 3983 1236 4066 quotannis
1266 3981 1353 4047 circa
1381 3979 1577 4046 dominicam
1598 3979 1738 4046 Laetare

269 4081 479 4150 ticelebrari.
521 4079 717 4146 Distributio
744 4103 822 4146 vero
850 4084 950 4147 trium
979 4081 1174 4147 florenorum
1202 4079 1312 4146 taliter
1337 4079 1409 4146 fleri
1437 4079 1548 4145 debet:
1579 4079 1738 4170 plebanus

315 4187 352 4246 15
373 4178 493 4246 habeat
520 4195 569 4264 qq,
597 4179 695 4245 fiscus
726 4202 784 4244 sex
807 4195 858 4264 ot,
887 4183 1093 4268 praepositus
1121 4179 1206 4244 ultra
1235 4201 1329 4244 suam
1356 4189 1475 4245 sortem
1500 4178 1581 4245 duos
1603 4197 1646 4267 95.
1687 4181 1738 4246 De

311 4279 509 4347 restantibus
531 4278 656 4345 duabus
681 4281 853 4367 sexagenis
875 4281 1034 4368 antiquis²
1060 4277 1196 4366 quilibet
1221 4277 1358 4344 fratrum
1384 4277 1503 4344 habeat
1524 4281 1667 4366 quinque
1688 4295 1736 4365 qt,

314 4383 342 4446 si
369 4389 440 4446 octo
468 4388 655 4467 praesentes
683 4379 813 4462 hrerint,
842 4389 873 4443 et
900 4379 979 4444 nihil
1006 4378 1046 4444 de
1073 4377 1125 4444 his
1153 4399 1339 4444 accrescere
1366 4376 1463 4444 debet
1487 4378 1577 4462 fisco,
1607 4379 1665 4444 sed
1692 4377 1737 4444 illi

316 4503 375 4546 sex
396 4479 558 4544 sufficiant
578 4494 627 4563 95,
653 4477 795 4544 absentis
813 4477 866 4543 vel
888 4477 1069 4544 absentium
1092 4499 1163 4543 sors
1183 4479 1217 4541 in
1239 4477 1405 4565 aequalem
1427 4481 1655 4564 praesenciam
1674 4502 1736 4544 sor-

274 4589 381 4646 rotem
403 4577 624 4644 distribuatur.
660 4577 705 4643 Et
724 4587 761 4642 ut
781 4577 910 4664 singula
930 4577 1011 4644 haec
1028 4575 1258 4642 inviolabiliter
1279 4577 1500 4660 observentur,
1523 4578 1736 4644 conscientias

313 4679 451 4746 fratrum
479 4701 610 4743 suorum
639 4677 783 4766 appellat
813 4677 975 4743 fundator.
1017 4675 1090 4741 Non
1121 4674 1307 4742 sacerdotes
1335 4676 1466 4742 tandem
1495 4675 1538 4742 ad
1565 4675 1736 4764 legendum

320 4779 432 4845 eodem
454 4777 507 4843 die
528 4778 673 4864 integras
693 4777 823 4863 vigilias
846 4779 911 4843 sint
930 4775 1064 4857 astricti,
1087 4774 1272 4840 sacerdotes
1294 4798 1371 4842 vero
1393 4776 1436 4842 ad
1456 4778 1599 4858 missam,
1623 4778 1652 4843 si
1673 4775 1734 4842 dis-

317 4879 415 4967 positi
434 4877 562 4959 fuerint,
584 4899 644 4964 pro
666 4874 835 4942 animabus
858 4877 923 4941 sint
942 4873 1088 4962 obligati,
1115 4884 1171 4941 aut
1192 4873 1320 4963 quando
1342 4897 1376 4942 se
1397 4877 1545 4966 apciores
1570 4877 1734 4942 senserint.

392 5116 405 5166 1
425 5111 484 5166 Der
501 5108 634 5167 deutsche
653 5107 742 5166 Name
757 5125 815 5164 war
831 5106 1066 5180 Langsohncider.

392 5193 556 5252 thisodie
574 5195 998 5267 rmoqmarstiqua=202f.,
1017 5196 1029 5248 1
1050 5193 1189 5264 ld=²¹
1209 5195 1242 5261 pt.
