3788 6078
610 451 660 502 Die
678 451 797 502 Statuten
812 465 864 502 von
883 451 1056 504 tros—1520.
1491 455 1551 516 605

129 633 252 722 placuit
273 630 430 715 facultati,
451 641 487 697 ut
508 633 720 698 assumendus
743 632 907 698 dominum
926 643 1100 715 rectorem,
1124 630 1155 695 d
1176 627 1334 695 decanum
1356 629 1548 716 theologiae,

129 731 157 796 d.
181 733 383 798 ordinarium
403 733 483 798 iuris
505 740 538 796 et
559 733 590 798 d.
619 733 776 799 decanum
805 731 969 797 facultatis
997 732 1113 796 artium
1144 753 1203 818 per
1231 731 1422 815 magistrum
1452 752 1551 794 unum

129 843 184 896 aut
206 830 286 896 duos
308 830 487 896 medicinae
509 832 673 898 scholares
694 832 736 896 ad
759 829 1012 918 disputationem
1034 831 1163 912 invitet3
1187 841 1218 894 et
1238 839 1274 894 ut
1294 837 1437 893 mutuum
1451 827 1550 892 hono-

128 953 196 995 rem
219 929 263 994 hii
286 939 424 1017 quatuor
446 929 591 1018 hospites
613 941 788 1019 reportent,
811 932 976 995 decretum
998 939 1063 1011 est,
1091 928 1177 1016 quod
1207 927 1419 994 assumendus
1449 929 1551 992 eisin

128 1029 282 1094 honorem
303 1049 443 1094 unacum
464 1030 679 1116 positionibus
701 1042 840 1116 quatuor
861 1027 963 1093 libras
986 1031 1116 1092 zuccari
1144 1029 1292 1092 confecti
1305 1027 1435 1092 domum
1462 1025 1548 1091 dono
1575 1035 1591 1090 5

128 1129 244 1211 mittat,
267 1129 314 1194 ita
335 1127 423 1215 quod
445 1128 563 1214 singuli
585 1129 703 1194 libram
726 1151 822 1193 unam
844 1130 879 1192 in
899 1150 1016 1192 munus
1036 1127 1209 1214 recipiant.

212 1259 264 1324 De
298 1261 436 1348 pecunia
468 1271 594 1345 autem,
629 1285 724 1350 quam
760 1259 857 1326 solvit
892 1259 1105 1324 assumendus
1122 1259 1244 1344 doctor,
1268 1258 1548 1346 ponantdcotores

129 1358 170 1424 de
192 1359 325 1424 consilio
353 1358 516 1424 facultatis
544 1361 624 1426 duos
651 1360 683 1425 fl.
711 1359 754 1425 ad
779 1360 911 1442 fiscum,
956 1369 987 1423 et
1017 1357 1175 1444 reliquam
1207 1361 1376 1446 pecuniam
1402 1360 1486 1422 iuter
1517 1379 1552 1421 se

128 1459 284 1525 dividant

655 1661 987 1672 ..........-.-—--—

223 1883 339 1944 Wieder
360 1903 418 1944 ocu
439 1886 570 1942 audam·
591 1883 689 1942 Haud
708 1882 746 1940 ist
767 1886 824 1942 dos
846 1885 1004 1960 Folpeade.

220 2071 270 2130 42.
298 2059 360 2151 [Bt.
384 2061 455 2150 12⁸]
484 2081 531 2130 ns
560 2081 747 2129 lamissus
769 2079 1085 2128 ssouovsunoauu
1105 2080 1151 2126 ur
1174 2079 1465 2130 assuusnnoauu.

211 2213 306 2280 Anno
329 2213 373 2278 M.
393 2214 436 2279 D.
459 2233 519 2278 vm
540 2214 599 2279 sub
621 2215 781 2280 decanatu
804 2213 945 2279 doctoris
964 2212 1095 2278 Ioannis
1116 2213 1320 2300 Landsperg,
1343 2237 1415 2280 cum
1436 2213 1552 2278 Henri·

130 2335 187 2378 cus
209 2312 354 2380 Stromer
373 2313 598 2396 Aurbachius,
628 2313 801 2379 Conradus
832 2312 974 2377 Tochler
996 2313 1150 2396 Noricus,
1179 2315 1301 2378 arcium
1325 2301 1491 2399 magistri,
1521 2321 1554 2376 et

130 2413 261 2500 Caspar
281 2411 421 2498 Kegeler
442 2435 481 2478 ao
502 2412 653 2478 Baltasar
674 2413 838 2499 Lotu'iger
866 2411 1050 2494 Hellensis,
1094 2435 1158 2477 nou
1185 2414 1351 2498 magistri,
1386 2411 1553 2499 pecierunt

130 2511 414 2577 baccalaureatum
444 2513 638 2595 medicinae,
678 2525 755 2577 tunc
780 2524 914 2599 propter
943 2511 1024 2576 duos
1052 2533 1116 2576 non
1140 2513 1315 2598 magistros
1339 2511 1471 2577 suborta
1490 2497 1594 2575 altro

128 2613 242 2698 gravis
269 2611 442 2676 altercacio
465 2612 548 2676 inter
571 2611 732 2678 doctores.
776 2612 858 2678 Cum
886 2623 993 2676 autem
1021 2635 1084 2677 uon
1114 2621 1248 2698 possent
1272 2611 1345 2676 illos
1366 2633 1431 2677 non
1450 2612 1550 2696 magi-

131 2723 216 2776 stros
238 2708 431 2798 repudiare,
459 2733 502 2776 ex
529 2732 591 2798 quc
620 2734 684 2775 non
712 2709 877 2776 habebant
905 2720 1060 2774 statutum
1081 2712 1162 2798 ipsis
1194 2713 1390 2775 contrarium
1411 2723 1443 2775 et
1462 2711 1552 2796 prius

131 2809 306 2898 aliquando
326 2810 449 2874 factum
470 2811 549 2893 fuit,
591 2821 666 2896 post
685 2811 927 2897 promocionem
949 2811 1097 2895 magistri
1118 2809 1254 2874 chrici
1283 2809 1471 2893 Aurbachs,
1499 2809 1554 2894 qui

131 2908 221 2976 solus
243 2907 304 2974 sub
327 2930 384 2973 suo
404 2911 583 2974 rectoratu¹
608 2910 720 2974 eodem
743 2932 828 2974 anno
850 2907 1084 2974 baccalaureus
1105 2919 1273 2996 promotus
1297 2911 1372 2992 f'uit,
1401 2909 1457 2974 alii
1478 2907 1552 2990 duc,

128 3031 195 3073 non
216 3009 375 3093 magistri,
397 3030 470 3072 cum
491 3009 649 3094 magistro
662 3006 815 3072 Conrado
838 3009 957 3073 Norico
979 3031 1063 3072 anno
1087 3009 1314 3074 locauerunt
1335 3011 1369 3072 in
1390 3007 1594 3074 medicinam

128 3104 338 3176 baccalaurei
349 3109 499 3194 promoti.
522 3107 631 3188 Quare
646 3117 722 3170 tunc
744 3107 898 3172 concordi
918 3130 973 3172 ore
996 3106 1172 3172 secuudum
1194 3117 1403 3195 praeceptum
1417 3105 1552 3172 Galeni²

127 3205 317 3274 conclusum
338 3217 389 3272 est
409 3230 467 3294 per
489 3229 599 3270 omnes
621 3203 780 3289 doctores,
803 3205 889 3294 quod
909 3206 1014 3271 nullus
1034 3208 1068 3270 in
1089 3217 1253 3293 posterum
1275 3209 1309 3270 in
1328 3205 1436 3294 aliquo
1446 3203 1552 3291 gradu

127 3307 279 3392 insigniri
309 3316 364 3370 aut
391 3307 434 3371 ad
459 3303 704 3370 contubernium
731 3328 788 3369 seu
813 3303 982 3390 collegium
1013 3305 1210 3370 medicorum
1240 3308 1396 3370 assummi
1423 3304 1550 3387 debeat,

130 3407 209 3494 quin
230 3406 272 3470 sit
290 3403 474 3471 liberalium
496 3404 619 3469 areium
635 3404 801 3490 magister.
829 3401 926 3484 Quod
944 3405 1056 3468 itidem
1079 3404 1314 3469 conclamatum
1337 3415 1386 3470 est
1406 3426 1465 3492 per
1486 3426 1551 3468 om·

131 3528 190 3570 nes
215 3517 247 3568 et
269 3502 412 3590 singulos
436 3503 616 3568 medicinae
636 3501 784 3567 doctores
806 3526 890 3569 auno
913 3523 948 3568 u.
968 3523 1001 3568 1).
1023 3523 1062 3570 xl
1083 3514 1159 3592 post
1171 3506 1411 3592 promocionem
1421 3502 1592 3568 illorumzt

128 3614 283 3691 quattuor
304 3605 549 3684 nominatorum,
571 3603 626 3689 qui
647 3615 842 3688 acceperunt
863 3625 899 3668 eo
922 3625 1006 3669 anno
1035 3615 1086 3668 xr⁰
1117 3621 1168 3669 1111
1195 3603 1248 3668 die
1270 3603 1464 3669 Novembris
1483 3602 1550 3669 lau·

127 3726 218 3768 ream
241 3702 456 3786 doctoralem,
483 3712 515 3765 et
536 3711 709 3786 postremo,
732 3702 860 3789 quando
881 3703 929 3768 illi
952 3713 1105 3792 quattuor
1129 3707 1259 3769 fuerunt
1288 3703 1330 3768 ad
1364 3703 1551 3768 facultatem

128 3803 255 3889 recepti
276 3800 330 3866 die
350 3819 380 3866 v.
404 3800 608 3883 Novembris,
631 3800 743 3866 eodem
765 3803 818 3868 die
840 3803 1056 3890 approbatum
1080 3813 1129 3867 est
1150 3826 1209 3890 per
1238 3802 1312 3869 illos
1339 3815 1490 3892 quattuor
1520 3811 1552 3866 et

129 3923 242 3966 omnes
265 3899 412 3965 doctores
435 3901 475 3966 de
497 3900 642 3986 collegia,
665 3911 699 3964 ut
718 3901 824 3966 nullus
846 3905 879 3966 in
901 3905 1042 3968 flitmum
1065 3902 1106 3966 ad
1129 3903 1308 3968 medicinae
1331 3905 1472 3989 insignia
1494 3912 1551 3966 aut

113 3999 269 4085 ⁸gradum
282 3999 470 4064 admittatur
492 4021 552 4064 nec
574 3999 616 4064 ad
638 3999 881 4066 contubernium
902 4001 1069 4068 doctorum
1092 4013 1148 4066 aut
1168 4000 1331 4067 fiscultatis
1352 4013 1545 4083 assumatur,
1559 4009 1593 4066 30

127 4101 206 4186 quin
226 4100 269 4163 sit
289 4097 471 4164 liberalium
494 4103 619 4164 arcium
641 4101 823 4184 magister.³

673 4303 1002 4314 ...-.—.—.-—-.-.—--

213 4491 282 4566 Aus
298 4493 361 4550 dem
383 4491 589 4568 Papierdlatte
610 4491 701 4550 aeden
734 4493 797 4549 dem
825 4489 944 4548 linter-rr
966 4492 1151 4552 Buridacltcl
1169 4493 1276 4572 finden
1305 4493 1367 4552 siet
1394 4495 1467 4552 acolt
1488 4495 1550 4567 sot-

125 4595 222 4670 qmde
244 4592 325 4650 bride
346 4592 527 4650 Ferruulare
553 4593 760 4668 eiupetropeu:

126 4759 459 4766 ———--—---—.—-—-.-.-

215 4859 224 4906 t
247 4851 347 4907 Hinter
363 4859 501 4907 rectcwtu
518 4851 554 4904 ist
573 4850 644 4906 noch
662 4850 762 4905 einmal
779 4869 829 4904 suo
847 4849 1012 4906 wiederholt.

216 4935 898 5006 ²AmRaudezssscuudcdclocisoffectrhca.
920 4941 942 4990 Ι.

164 5017 172 5034 ’
213 5023 292 5076 triu
318 5021 371 5076 den
396 5022 475 5076 ltaud
498 5021 533 5075 ist
555 5017 746 5090 geschriebcu:
783 5019 868 5074 Pluto
893 5025 915 5074 3.
938 5022 972 5072 dc
994 5021 1136 5090 republica
1158 5023 1262 5078 scilicet
1286 5023 1362 5092 (oder
1382 5023 1499 5098 simiel)
1516 5025 1551 5078 da

124 5107 245 5160 rrteds'cs'c.
