3758 6072
538 466 625 524 Dritte
642 471 908 534 Statatauredactlon,
924 487 978 524 von
999 471 1192 530 latta-1490.
1509 477 1568 542 413

141 653 349 720 calariandus
371 675 450 720 vcro
471 654 524 719 bis
547 657 713 742 magistris
734 665 765 722 et
790 659 913 722 tociens
938 654 1133 723 baccalariis
1160 654 1203 720 ad
1231 663 1342 742 partes
1369 654 1567 742 principales

142 753 262 819 debeat
285 753 503 842 respondisse.
542 754 635 821 Alias
657 765 764 822 tamen
784 756 867 821 duas
893 759 1121 844 responsiones
1143 753 1359 840 magistrandi
1380 762 1412 819 et
1432 763 1569 842 quatuor

142 852 389 919 baccalariandi
416 875 475 941 per
503 856 731 942 responsiones
753 853 796 919 ad
817 864 928 942 partes
956 857 1061 922 minus
1083 853 1281 942 principales
1307 855 1447 941 poterint
1468 852 1569 918 adim·

141 952 241 1039 plere.
280 952 410 1020 Placuit
439 964 563 1040 tamem
595 955 685 1044 quod
716 954 795 1020 nulli
826 955 1094 1041 respondeuoium
1126 977 1204 1042 pars
1233 955 1338 1018 minus
1368 952 1569 1041 principalis,

141 1053 227 1118 siout
255 1074 316 1118 uec
343 1053 551 1140 principalis,
580 1066 647 1122 tam
668 1058 702 1120 in
731 1055 948 1141 disputatione
976 1053 1239 1121 extraordinaria
1269 1075 1367 1142 quam
1394 1051 1610 1135 ordinarias

146 1151 268 1217 debeat
289 1155 484 1240 computari,
512 1155 576 1220 nisi
598 1155 778 1242 disputanti
799 1157 890 1242 prius
911 1153 1024 1220 fecerit
1045 1153 1180 1218 verbum
1200 1162 1232 1219 et
1256 1155 1285 1218 ei
1306 1151 1382 1218 talis
1403 1153 1571 1238 responsio

144 1273 165 1314 a
183 1249 370 1337 disputante
391 1254 434 1317 sit
455 1255 640 1340 assignata3
663 1265 695 1319 et
710 1253 797 1341 quod
818 1254 917 1319 iidem
937 1253 1172 1342 respondentes
1194 1263 1347 1318 maneant
1367 1273 1388 1316 a
1408 1251 1570 1338 principio

143 1371 248 1436 usque
269 1349 431 1417 adfinem
453 1352 692 1441 disputationis,
714 1354 784 1418 sine
804 1375 903 1418 causa
922 1352 1108 1418 rationabili
1133 1375 1198 1418 non
1219 1349 1411 1418 recedendo.
1454 1349 1519 1430 Qui
1541 1350 1570 1414 si

142 1449 295 1516 absentes
324 1450 458 1536 tirsrint,
493 1452 667 1518 dummodo
694 1453 741 1518 eis
770 1454 917 1539 arguitur
945 1453 997 1518 vel
1026 1461 1252 1538 argumentum
1284 1451 1485 1539 proponitur,
1521 1471 1570 1514 re-

142 1550 276 1635 sponsio
297 1548 383 1634 talis,
415 1551 485 1616 sive
505 1551 697 1640 principalis
716 1553 784 1618 sive
805 1555 911 1618 minus
932 1549 1124 1639 principalis
1144 1551 1255 1635 fuerit,
1282 1573 1347 1616 non
1369 1549 1465 1616 debet
1484 1557 1612 1614 com-1⁰

143 1649 261 1734 putari.

305 1823 351 1884 11.
371 1835 419 1884 ns
442 1835 755 1885 msruusmonmus
776 1835 1027 1886 marsnaoamt
1046 1837 1091 1884 ar
1113 1833 1413 1885 asccsnssuouun.

701 1972 763 2036 νει.
780 1972 826 2032 vn
845 1973 870 2023 a.
890 1972 963 2036 vm,
981 1971 1005 2025 τ.

230 2085 313 2151 Item
333 2085 441 2151 nullus
463 2086 703 2174 promovendus
725 2085 914 2152 admittatur
937 2085 979 2152 ad
1001 2109 1137 2152 examen
1154 2085 1207 2152 vel
1225 2094 1424 2174 temptamen
1442 2087 1476 2152 in
1496 2087 1572 2154 arti-

141 2183 212 2268 bus,
241 2187 305 2250 nisi
331 2186 366 2249 in
387 2187 592 2251 consciencia
613 2209 673 2252 sua
696 2185 798 2270 dicat,
827 2185 915 2274 quod
936 2188 970 2251 in
990 2187 1126 2272 triginta
1148 2184 1421 2273 disputationibus
1443 2186 1613 2254 ordina-15

144 2285 203 2350 riis
229 2287 460 2370 magistrorum
482 2308 638 2372 praesens
665 2287 762 2350 fuerit
782 2295 850 2352 tam
873 2285 938 2370 diu,
966 2286 1069 2352 donee
1091 2285 1240 2350 adminus
1261 2288 1402 2373 quinque
1424 2287 1573 2374 magistri

148 2383 341 2470 arguebant,
364 2386 392 2449 si
421 2385 536 2450 saltem
558 2395 605 2451 tot
624 2395 698 2450 sunt
721 2385 767 2451 ibi
791 2387 941 2474 magistri
963 2396 1143 2474 arguentes.
1183 2384 1228 2450 Et
1248 2383 1353 2450 nullus
1375 2385 1573 2452 baccalario-

143 2505 217 2548 rum
238 2482 337 2549 debet
359 2484 489 2550 admitti
511 2485 553 2550 ad
583 2496 781 2572 temptamen
804 2509 864 2572 pro
885 2486 991 2573 gradu
1012 2485 1202 2571 magisterii,
1229 2485 1293 2550 nisi
1314 2487 1347 2548 in
1369 2487 1573 2552 consciencia

143 2603 202 2647 sua
234 2581 338 2667 dicat,
365 2582 453 2671 quod
481 2586 572 2671 prius
599 2584 633 2648 in
660 2586 795 2670 triginta
822 2585 1097 2672 disputationibus
1118 2583 1294 2649 ordinariis
1315 2584 1574 2651 baccalariorum

141 2680 312 2767 arguebat,
336 2684 363 2748 si
385 2682 493 2750 locum
513 2683 672 2769 arguendi
691 2682 813 2749 babere
832 2687 944 2771 potuit.
1578 2694 1613 2752 2⁰
1669 2713 1673 2728 ·

543 2891 591 2952 12.
613 2901 660 2950 nu
685 2902 830 2950 arsacis
849 2900 1173 2950 raonovsnoouuu.

696 3037 757 3100 νει,
775 3037 819 3098 vl,
839 3035 864 3087 s.
883 3037 954 3096 vm,
972 3036 995 3088 a.

226 3165 310 3232 Item
337 3165 444 3232 nullus
467 3165 706 3254 promovendus
728 3167 763 3231 in
784 3165 907 3232 artibus
930 3165 972 3231 ad
995 3189 1131 3232 examen
1150 3164 1203 3232 vel
1231 3177 1429 3256 temptamen
1456 3169 1571 3236 admit-

141 3276 241 3348 tatur,
272 3267 335 3331 nisi
365 3267 399 3331 in
426 3265 569 3354 collegiis
600 3277 657 3331 aut
686 3266 794 3331 bursis
824 3289 844 3331 a
871 3265 1024 3331 facultate
1050 3267 1239 3354 approbatis
1269 3269 1417 3334 continue
1447 3270 1572 3334 steterit

144 3366 257 3455 ibique
279 3367 313 3430 in
336 3365 515 3431 scolasticis
538 3365 663 3431 actibus
684 3364 892 3448 latinizando,
915 3364 1092 3450 arguendo,
1115 3365 1311 3452 disputando
1326 3377 1358 3432 et
1378 3366 1612 3455 opponeud025

142 3464 338 3550 diligencius
371 3467 406 3530 in
438 3465 552 3531 ordine
582 3488 640 3531 suo
668 3489 703 3530 se
732 3467 974 3548 exercitaverit,
1008 3476 1177 3550 ceteraque
1204 3465 1331 3552 collegii
1364 3477 1422 3532 aut
1452 3466 1571 3532 bursae

142 3567 231 3648 iura,
261 3575 298 3630 ut
323 3587 422 3630 verus
451 3564 642 3654 inquilinus,
672 3586 731 3652 per
760 3587 795 3628 se
821 3566 968 3630 tenuerit.
1007 3564 1080 3630 NIsi
1107 3563 1192 3630 filius
1221 3566 1364 3630 civitatis
1391 3566 1490 3632 fuerit
1517 3568 1570 3633 vel

142 3663 224 3730 alias
255 3662 338 3729 adeo
367 3663 561 3730 habundans
583 3663 634 3731 vel
662 3663 824 3746 notabilis,
853 3662 940 3749 quod
967 3663 1097 3730 domum
1125 3664 1293 3751 propriam
1319 3674 1429 3731 tenere
1457 3677 1488 3732 et
1515 3691 1570 3734 ex-

142 3787 263 3852 pensas
295 3765 446 3853 proprias
475 3786 614 3830 unacum
642 3764 799 3849 magistro
822 3763 873 3830 vel
902 3764 1111 3829 informatore
1139 3764 1273 3850 poterit,
1298 3763 1352 3829 vel
1379 3777 1573 3854 paupertate

141 3875 298 3951 gravabis
330 3864 500 3930 serviendo
524 3863 621 3930 alicui
647 3865 803 3950 magistro
826 3863 878 3928 vel
907 3862 986 3928 alibi
1014 3885 1175 3950 expensas
1198 3865 1230 3928 in
1253 3872 1321 3929 toto
1342 3864 1395 3930 vel
1421 3890 1481 3954 pro
1505 3881 1612 3938 me-ao

143 3963 265 4029 dietate
288 3966 408 4052 poterit
428 3963 549 4030 habere
572 3965 685 4050 gratis,
714 3963 754 4028 de
777 3961 958 4051 quotidem
980 3963 1128 4028 factdtati
1149 3962 1210 4028 sub
1233 3987 1290 4029 suo
1311 3966 1490 4034 iuramento
1512 3992 1571 4057 per

144 4062 226 4129 duos
249 4063 336 4130 viros
356 4064 512 4150 ydoneos,
541 4063 657 4152 quibus
679 4061 741 4130 hoc
762 4071 903 4146 constat,
931 4064 1001 4128 sive
1028 4084 1087 4150 per
1108 4061 1173 4128 ulia
1199 4062 1358 4148 legittima
1380 4064 1571 4136 documenta

142 4162 253 4230 facere
273 4173 428 4230 teneatur.

302 4354 349 4416 13.
373 4343 433 4434 [el.
457 4341 527 4434 19⁸]
551 4363 598 4412 nn
620 4361 850 4412 srrnmmors
872 4361 1163 4411 snccmsmoauu
1184 4361 1220 4410 m
1243 4362 1418 4414 sommus.

771 4499 832 4563 vgr.
850 4499 897 4562 νι,
917 4499 939 4550 s.
1577 4513 1610 4571 ³5

224 4631 309 4698 Item
338 4631 474 4720 quilibet
502 4630 762 4697 baccalariorum
792 4632 825 4695 in
855 4629 979 4695 artibus
1007 4629 1120 4695 volens
1149 4633 1335 4719 promoveri
1362 4655 1422 4721 pro
1451 4635 1573 4704 bonore

144 4731 311 4798 facultatis
341 4735 466 4796 arcium
497 4733 531 4796 in
564 4731 674 4796 decem
711 4728 989 4818 disputacionibus
1020 4729 1204 4814 ordinariis,
1237 4731 1271 4796 in
1301 4730 1416 4798 babitu
1445 4735 1572 4823 integro

142 4841 217 4896 ante
242 4833 443 4918 apertionem
465 4831 685 4917 temptaminis
709 4852 729 4895 a
750 4832 912 4918 principio
937 4831 1029 4894 tercii
1050 4828 1272 4916 sophismatis,
1293 4854 1460 4922 quousque
1481 4839 1572 4921 quin-

144 4954 206 5018 que
227 4933 376 5017 magistri
399 4929 596 5016 arguebant,
625 4941 672 5012 et,
703 4953 744 4994 ne
767 4929 998 5018 respondentes
1020 4927 1187 5014 deficiant,
1216 4941 1350 5016 paratus
1374 4933 1418 4996 ad
1438 4957 1571 5023 respon·

142 5028 283 5096 dandum
306 5029 349 5096 ad
370 5052 593 5118 quamcunque
615 5041 741 5117 partem
763 5039 889 5096 tenetur
911 5049 1109 5115 comparere,
1137 5027 1197 5094 sub
1226 5052 1332 5117 poena
1360 5055 1425 5099 non
1452 5034 1615 5108 admis-to

141 5131 241 5198 sionis
263 5130 306 5194 ad
328 5139 525 5216 temptamcn
545 5139 690 5216 tempore
713 5153 780 5196 suo.
