3788 6078
340 457 402 520 006
848 451 898 502 Dte
920 450 1108 502 rosdtctntsche
1131 447 1260 502 renuas

417 674 440 733 l.
463 683 582 732 rosus
604 681 787 730 scalarum
808 681 976 732 EPISCOPO
996 681 1264 730 MERSENBURGIO
1287 679 1355 729 PRO
1378 679 1697 728 vrcscsrtcutusmo

938 781 1174 830 marsuano.

426 897 617 964 Reverendo
631 899 666 964 in
681 895 811 964 Cbristo
825 907 918 984 pater
940 920 979 962 ac
999 896 1135 962 illustris
1156 895 1325 983 princeps!
1353 895 1556 982 Proponsam
1569 893 1756 962 voluntatem

341 1001 377 1064 in
399 997 548 1064 omnibus
568 997 723 1082 negociis,
756 997 789 1060 in
822 1007 933 1062 nostra
961 995 1117 1064 facultate
1148 995 1229 1078 sitis,
1252 993 1451 1060 inserviendi
1477 994 1611 1079 graciae
1639 1007 1756 1062 voetrae

300 1109 317 1164 5
347 1097 465 1164 illustri
482 1117 609 1183 semper
630 1095 801 1160 offerimus.
834 1094 1024 1161 Reverendo
1043 1116 1082 1160 ac
1098 1093 1233 1160 illustris
1249 1095 1412 1180 princeps,
1433 1091 1596 1178 generalis
1615 1092 1756 1180 Liptsen·

341 1200 386 1264 sis
412 1195 510 1262 studii
536 1192 728 1260 cancellarie
760 1193 949 1280 dignissime
978 1193 1283 1280 colendissimeque!
1327 1192 1464 1257 Vestrae
1490 1195 1624 1278 greciae
1650 1191 1756 1256 illustri
1862 1229 1863 1232 =

347 1315 546 1383 magnopere
573 1291 835 1360 commendamus
857 1291 1061 1358 venerabiles
1087 1293 1198 1374 viros,
1229 1290 1383 1356 Ioannem
1404 1289 1617 1378 Rumplerum
1640 1305 1671 1356 et
1691 1292 1756 1357 Phi·

346 1397 472 1485 lippum
493 1393 719 1474 Novimanum,
740 1390 919 1457 inertibus
939 1389 1129 1456 liberalibus
1150 1391 1342 1476 magistros,
1363 1387 1543 1455 medicinae
1563 1389 1757 1456 baecalarioe

348 1497 434 1560 etin
455 1493 569 1558 eadem
589 1488 824 1572 licenciandos‚
852 1489 1017 1555 humiliter
1044 1487 1279 1576 supplicantes,
1301 1499 1410 1554 vestra
1438 1487 1573 1554 illustris
1600 1491 1712 1576 gracia
1730 1503 1757 1555 et

303 1605 334 1660 10
343 1591 523 1660 reverenda
551 1591 731 1678 paternitas
757 1591 890 1676 egregio
917 1591 1004 1670 viro,
1036 1587 1188 1654 Conrado
1216 1587 1351 1670 Norico,
1376 1589 1501 1652 arcium
1529 1597 1562 1652 et
1587 1588 1756 1654 medicinae

339 1693 476 1774 doctori,
503 1691 728 1756 auctoritatem
751 1687 928 1754 concedere
956 1687 1106 1773 dignetur
1130 1687 1286 1774 praelatis
1309 1685 1490 1752 medicinae
1516 1685 1709 1754 baccalariis
1730 1701 1757 1752 et

346 1815 432 1858 nunc
464 1787 675 1855 licenciandis
706 1787 874 1852 licenciam
903 1789 936 1852 in
967 1785 1128 1850 medicina
1155 1784 1362 1868 conferendi,
1396 1785 1539 1852 sidocte
1560 1788 1595 1850 in
1616 1790 1756 1852 examine
1863 1817 1864 1868 3

342 1890 578 1978 responderint.
614 1887 689 1968 Qua
704 1909 739 1952 re
754 1888 875 1950 arctius
889 1886 932 1950 ad
948 1882 1189 1972 obsequendum
1204 1883 1472 1971 serviendumque
1487 1885 1620 1972 graciae
1637 1899 1755 1950 vestrae

344 1989 460 2055 illustri
481 1989 713 2073 astringamur,
743 1986 794 2049 cui
820 2006 880 2049 nos
901 1995 1077 2070 nostraque
1097 1983 1368 2049 commendamus.
1410 1985 1489 2050 Dat
1511 1983 1646 2072 Lipsiae
1667 1985 1755 2050 lacul-

302 2099 333 2154 1⁵
342 2091 418 2154 tatis
441 2099 551 2152 nostro
574 2085 633 2150 sub
657 2083 774 2172 sigillo,
794 2083 828 2147 in
850 2081 962 2168 vigilia
979 2081 1209 2147 Pentbccostes
1229 2105 1315 2148 anno
1337 2101 1472 2150 unxxv.

717 2231 854 2298 Vestrae
876 2229 1011 2296 illustris
1039 2233 1172 2318 graciae
1192 2245 1224 2296 ct
1250 2231 1449 2298 reverendae
1476 2233 1683 2320 paternitatis

785 2327 923 2395 humiles
945 2341 1100 2412 oratores,
1122 2329 1263 2396 decanus
1285 2332 1447 2420 ceterique
1468 2329 1616 2397 doctores

855 2427 1034 2495 medicinae
1056 2428 1220 2495 facultatis
1242 2429 1340 2496 studii
1361 2431 1543 2520 Lipaensis.

838 2597 1081 2660 amissionem
1102 2611 1269 2662 sriscorr.

300 2743 335 2798 20
426 2728 614 2816 Adelphos,
640 2725 692 2792 dei
721 2739 752 2791 et
780 2725 978 2814 apostolicae
1006 2725 1092 2790 sedis
1121 2729 1234 2812 gracia
1261 2729 1434 2816 episcopus
1452 2727 1757 2816 Mersenbnrgensis,

344 2831 449 2896 almae
471 2827 690 2894 universitatis
719 2823 818 2890 studii
839 2825 1009 2912 Lipzcnsis
1037 2825 1268 2910 cancellarius,
1291 2830 1440 2916 egregio,
1462 2827 1556 2894 nobis
1578 2829 1612 2893 in
1635 2829 1756 2896 Christo

345 2929 513 2994 sinceriter
541 2925 657 2992 dilecto
686 2923 816 2990 domino
844 2923 996 2990 Conrado
1019 2923 1159 3008 Norico,
1194 2927 1318 2992 arcium
1352 2937 1384 2992 et
1417 2926 1599 2994 medicinae
1631 2929 1756 3010 doctori,

343 3029 479 3096 salutem
492 3029 525 3091 in
546 3025 676 3091 domino
695 3033 727 3089 et
745 3023 932 3088 fidelitatem
951 3025 985 3088 in
998 3025 1186 3092 commissis.
1219 3025 1306 3106 Quia
1328 3035 1462 3113 propter
1484 3027 1588 3092 ardua
1610 3027 1757 3092 ecclesiae

342 3135 472 3194 nostrae
492 3125 629 3211 negocia
649 3123 831 3210 praepediti
851 3123 956 3189 officio
977 3121 1224 3188 cancellariatus
1245 3123 1323 3190 dicti
1347 3125 1445 3190 studii
1464 3124 1637 3213 Iipzensis
1657 3149 1756 3214 persc-

302 3226 462 3294 ttnaliter
482 3228 637 3290 interesse
666 3245 731 3288 non
751 3222 913 3306 valemus,
941 3223 981 3288 de
1007 3221 1172 3309 legalitate
1198 3246 1237 3289 ac
1266 3223 1427 3290 industria
1451 3235 1563 3290 vestra
1591 3225 1756 3314 specialem

342 3326 493 3392 fiduciam
516 3333 676 3410 gerentes,
698 3321 801 3404 vobis,
822 3332 857 3386 ut
878 3319 1028 3404 dominis,
1051 3320 1146 3387 nobis
1166 3323 1200 3386 in
1222 3323 1353 3388 Christo
1376 3321 1515 3406 dilectis,
1536 3325 1653 3390 loanni
1669 3325 1755 3389 Rum-

346 3427 438 3514 pfero
468 3433 501 3490 et
526 3421 681 3510 Philippo
708 3421 908 3502 Novimano,
943 3423 1066 3486 arcium
1104 3419 1286 3487 liberalium
1321 3423 1486 3508 magistris
1521 3433 1553 3488 et
1586 3423 1757 3488 medicinae

344 3521 567 3590 baccalaureis
584 3519 795 3587 licenciandis
806 3521 948 3606 insignia
960 3521 1140 3588 doctoralia
1152 3523 1184 3586 in
1205 3521 1376 3609 praedicta
1393 3521 1547 3586 facultate
1567 3523 1756 3588 medicorum

344 3624 424 3688 dare
446 3621 600 3706 valeatis,
623 3621 685 3686 bac
707 3621 777 3685 vice
799 3619 971 3684 dumtaxat
1002 3621 1225 3685 auctoritatem
1251 3633 1394 3686 nostram
1415 3622 1647 3688 committimus
1673 3645 1756 3710 prae-

305 3723 491 3790 ttisencium
513 3744 573 3809 per
593 3731 754 3802 tenorem,
779 3717 934 3784 adhibitis
955 3729 1065 3784 tamen
1084 3720 1117 3784 in
1140 3719 1202 3786 biis
1225 3718 1482 3786 solemnitatibus
1502 3719 1623 3788 debitis
1643 3731 1676 3787 et
1695 3723 1757 3786 tisri

344 3821 517 3888 consuetis.
546 3821 585 3885 Iu
600 3821 691 3884 cuius
707 3819 926 3883 testimonium
944 3818 1003 3884 has
1022 3817 1146 3883 litteras
1166 3831 1295 3885 nostras
1316 3819 1433 3885 anntrlo
1454 3821 1632 3906 signatorio
1654 3831 1755 3886 nostro

345 3921 495 3986 roborari
521 3920 665 3984 fecinms.
709 3919 785 3982 Dat.
807 3918 920 4004 quinta
947 3917 1000 3982 die
1028 3921 1147 3983 mensis
1168 3919 1253 3984 Iunii
1284 3943 1367 3984 anno
1397 3943 1418 3984 a
1446 3921 1617 3986 nativitate
1643 3919 1755 3985 domini

344 4017 1054 4108 millesimoquingentesimovigesimoquinto.

343 4675 368 4730 a.
396 4667 489 4731 casn
506 4677 578 4730 nas
595 4675 720 4729 sonus
734 4674 969 4728 rsouovnsor
986 4673 1285 4736 nsccsnsussos,
1302 4675 1559 4742 arcessuros,
1576 4675 1754 4730 oocrosss

301 4769 335 4826 ³⁵
904 4759 981 4810 vos
999 4759 1116 4810 assas
1138 4759 1210 4811 iasa

428 4915 545 4974 tractu
574 4913 819 4972 watrscteints'ct
841 4913 880 4971 ist
910 4911 1007 4972 dieser
1038 4905 1155 4972 Modus
1188 4907 1399 4993 promovendi
1429 4921 1518 4972 cates·
1544 4916 1603 4972 dea
1635 4909 1751 5002 satus

348 5031 434 5074 nova
454 5033 491 5072 aa
512 5015 680 5084 watelca,
707 5013 754 5070 die
783 5031 831 5070 am
853 5013 961 5071 Raude
982 5013 1036 5069 der
1059 5009 1197 5067 Staauea
1223 5011 1404 5071 condolere
1431 5015 1508 5076 1503
1537 5013 1688 5088 metasset
1713 5031 1752 5069 er·

342 5115 445 5174 caint
466 5115 593 5174 werden.
621 5111 651 5170 8.
669 5111 739 5170 oben
753 5111 784 5170 S.
804 5113 864 5174 597
880 5111 965 5174 Anto.
989 5111 1018 5173 3.
1049 5109 1158 5168 decr
1179 5110 1321 5169 obertio
1344 5111 1390 5170 iet
1412 5113 1492 5174 steti
1513 5113 1551 5172 iun
1571 5113 1692 5194 Stoade,
1711 5109 1754 5167 ita
