3768 6072
512 449 559 500 der
576 449 738 502 Potnischsn
753 449 853 504 Nauos
873 465 935 502 rom
954 451 1036 504 Jahrs
1057 451 1131 506 1442.
1478 459 1535 523 167

117 633 190 698 vica
211 629 255 698 dc
272 630 489 700 Wratislavia
509 655 568 721 per
588 654 700 700 omnes
718 633 894 720 magistros
915 635 1057 701 nationis
1073 633 1279 718 Polonorum,
1299 634 1388 702 nullo
1410 647 1536 704 conna-

117 732 252 813 dicente,
285 730 329 798 ad
357 732 594 818 providendum
622 733 664 799 de
691 729 886 818 quibusdam
912 733 1187 817 ordinacionibus,
1216 733 1333 822 quibus
1365 739 1536 824 supposita

116 832 295 920 dirigantur
322 853 381 917 pro
409 830 531 898 honore
558 832 704 900 nacionis
731 831 964 917 conservando,
995 856 1131 922 quorum
1159 833 1326 901 ordinacio
1348 857 1407 922 per
1427 857 1537 902 omnes

116 953 246 1018 quorum
276 931 433 997 intererat
464 934 617 1000 extiterat
647 930 831 1020 approbata
858 939 890 996 et
917 930 1057 998 fideliter
1086 935 1286 1022 conscripta,
1321 936 1398 1022 quia
1428 945 1537 1002 tamen

115 1033 257 1118 ipsorum
280 1030 329 1095 sic
352 1040 388 1096 ut
409 1032 627 1118 praemittitur
650 1054 731 1097 sana
752 1029 919 1097 ordinacio
939 1031 1058 1098 nedum
1080 1054 1140 1119 per
1160 1034 1320 1099 incuriam
1340 1033 1536 1123 subsequen·
1562 1045 1578 1102 5

116 1133 196 1198 cium
222 1129 372 1198 lacerata
396 1155 505 1218 ymmo
532 1141 564 1197 et
589 1152 744 1218 processu
770 1140 953 1216 temporum
975 1133 1169 1219 propensius
1191 1155 1211 1198 a
1232 1135 1390 1199 memoria
1410 1134 1537 1201 moder-

115 1253 222 1296 norum
252 1239 303 1294 est
330 1229 452 1314 evulsa,
481 1231 605 1320 placuit
632 1240 751 1296 extunc
777 1251 862 1296 anuo
889 1229 1012 1296 domini
1039 1230 1198 1297 milesimo
1219 1231 1537 1321 quadringentesimo

114 1328 505 1417 quadragesimosecundo
536 1337 645 1424 (1442)
675 1329 824 1396 omnibus
856 1339 889 1396 et
921 1329 1057 1416 singulis
1088 1333 1254 1418 magistris
1285 1341 1317 1396 et
1348 1331 1536 1399 doctoribus

115 1431 259 1496 nacionis
282 1430 460 1516 praefatae,
488 1439 525 1496 ut
542 1429 713 1517 praedicta
735 1427 903 1494 ordinacio
923 1439 1146 1512 renovaretur,
1175 1439 1207 1496 et
1234 1433 1262 1496 ai
1290 1431 1432 1518 quidex
1453 1432 1536 1498 futu-

114 1553 220 1596 rorum
253 1539 427 1596 eventuum
458 1529 687 1596 incertitudine
716 1529 822 1594 minus
852 1529 887 1592 in
921 1549 961 1592 ea
990 1529 1105 1594 fuissat
1135 1532 1318 1616 provisum,
1351 1529 1533 1597 consulcius
1546 1541 1579 1598 tt

114 1627 293 1717 supplendo
315 1637 520 1694 statueretur.
560 1628 615 1694 Ad
636 1629 727 1696 cuius
748 1626 878 1716 quidem
907 1629 955 1693 sic
980 1637 1017 1694 ut
1043 1629 1260 1715 praemittitur
1288 1632 1535 1696 renovacionem

114 1739 209 1817 atque
231 1727 473 1815 supplosionem
494 1727 683 1815 praedictae
704 1727 848 1794 nacionis
876 1725 1024 1792 doctores
1053 1736 1085 1791 et
1109 1730 1260 1814 magistri
1282 1731 1536 1818 aequanimitate

114 1827 321 1895 collaudabili
342 1838 449 1894 certos
473 1827 711 1915 deputaverunt
738 1828 921 1914 magistros,
949 1827 1005 1914 qui
1030 1826 1239 1915 infrascripta
1256 1828 1454 1895 articulatim
1482 1851 1538 1916 po·

113 1937 255 2010 suerunt,
285 1937 317 1992 et
348 1949 409 2013 per
437 1949 535 2015 saepe
561 1927 665 1993 dictos
691 1928 866 2012 magistros
886 1935 919 1991 et
938 1925 1088 1992 doctores
1109 1929 1212 1993 tocius
1236 1929 1382 1994 nacionis
1401 1928 1538 1995 Polono·

113 2052 181 2095 rum
203 2048 291 2092 anno
313 2027 429 2093 eodem
448 2049 507 2113 per
527 2026 660 2092 modum
680 2036 872 2092 statutorum
892 2034 967 2091 sunt
988 2034 1140 2111 suscepta
1155 2036 1187 2091 st
1202 2026 1406 2093 concorditer
1420 2051 1536 2116 appro·
1550 2037 1580 2094 15

114 2128 189 2194 bata
215 2150 277 2215 pro
303 2124 560 2215 approbatisque
578 2127 694 2192 firturis
716 2127 750 2191 in
771 2124 971 2213 temporibus
993 2122 1134 2190 tenenda
1155 2136 1187 2191 et
1208 2126 1371 2192 servanda
1393 2129 1539 2194 nacionis

114 2229 175 2294 iam
196 2227 306 2294 dictae
327 2247 387 2313 pro
413 2227 609 2292 incremento
630 2235 705 2291 sunt
726 2224 887 2291 conclusa

196 2371 224 2430 l.
255 2361 369 2427 Primo
399 2357 563 2444 quodlibet
597 2359 811 2447 suppositum,
842 2380 884 2424 ex
914 2355 1062 2444 partibus
1092 2379 1151 2444 pro
1180 2359 1315 2424 nacione
1343 2359 1539 2427 Polonorum

115 2461 278 2551 deputatis
297 2459 458 2546 originem
480 2457 610 2541 ducens,
638 2459 672 2522 in
694 2457 756 2523 bac
777 2459 987 2524 universitate
1014 2466 1102 2523 stare
1123 2465 1155 2522 et
1179 2459 1364 2544 promoveri
1393 2461 1539 2550 cupiens,

115 2561 272 2629 intitulari
294 2558 391 2625 debet
411 2561 444 2623 in
466 2559 613 2623 nacionis
633 2555 837 2623 matriculam
857 2565 932 2644 post
953 2579 1046 2624 suum
1072 2557 1106 2622 in
1127 2556 1213 2622 hunc
1234 2555 1340 2622 locum
1362 2558 1581 2625 adventumto

116 2663 174 2729 sub
196 2659 369 2752 quindena

197 2769 228 2830 2.
261 2759 342 2826 Item
355 2756 461 2824 nullus
476 2757 511 2821 in
523 2753 727 2822 matriculam
741 2755 888 2822 nacionis
909 2755 1098 2839 intituletur,
1120 2755 1183 2821 nisi
1205 2756 1312 2824 solvat
1331 2757 1541 2824 effectualiter

116 2863 196 2928 duos
217 2881 352 2948 grecam
376 2854 581 2923 iudicialibus
609 2877 670 2943 pro
691 2863 837 2942 tempore
860 2855 1084 2938 existentibus,
1110 2857 1165 2942 qui
1188 2855 1228 2921 de
1250 2855 1387 2942 singulis
1408 2879 1541 2944 percep-

116 2963 155 3026 tis
177 2961 344 3027 racionem
364 2956 471 3022 faoere
492 2955 611 3020 debent
630 2954 728 3020 modo
748 2954 965 3043 infrascripto.

200 3082 228 3145 3.
262 3075 345 3141 Item
366 3075 472 3140 senior
495 3073 652 3159 magister
674 3069 714 3136 de
735 3073 871 3138 nacione
893 3070 1013 3136 babeat
1034 3071 1148 3136 fiscum
1170 3093 1372 3136 communem
1394 3074 1583 3138 nacionis25

117 3201 188 3243 cum
217 3173 324 3240 tribus
352 3173 509 3240 clausuris
535 3171 711 3255 munitum,
741 3171 852 3260 sicque
879 3171 952 3258 ipse
980 3193 1078 3236 unam
1106 3169 1229 3236 clavem
1260 3179 1386 3236 tantum
1413 3170 1542 3255 habeat,

117 3275 289 3345 iudiciales
309 3295 387 3339 vero
409 3271 490 3338 duas
512 3295 573 3360 pro
594 3272 698 3360 ipsius
719 3267 808 3336 fideli
830 3271 1088 3335 conservacione

199 3401 228 3462 4.
258 3391 342 3457 Item
362 3387 530 3456 iudiciales
552 3385 704 3454 candelas
725 3385 873 3454 nacionis
892 3394 959 3452 tam
980 3384 1106 3472 ligneas
1127 3407 1225 3473 quam
1245 3407 1356 3452 cereas
1371 3385 1543 3474 diligenter

119 3495 283 3582 respicere
304 3489 433 3572 debent,
459 3497 505 3571 ut,
534 3486 667 3576 siquid
693 3486 729 3550 in
754 3485 836 3574 ipsis
864 3483 1084 3571 reparandum
1112 3483 1221 3568 fuerit,
1250 3484 1291 3549 dc
1318 3487 1457 3574 pecunia
1483 3507 1542 3574 per

120 3597 209 3682 ipsos
229 3591 363 3658 racione
382 3587 614 3655 intitulaciouis
634 3584 770 3652 collecta
789 3585 938 3672 reparari
960 3593 1056 3672 atque
1079 3584 1248 3649 reformari
1270 3583 1453 3672 disponant
1549 3595 1583 3652 ³0

201 3717 230 3776 5.
262 3707 344 3774 Item
367 3703 536 3770 iudiciales
562 3726 622 3792 pro
650 3711 797 3789 tempore
816 3701 992 3768 existentes
1015 3700 1050 3765 in
1076 3699 1159 3764 festo
1181 3701 1327 3787 corporis
1348 3700 1479 3784 Christi,
1510 3703 1543 3766 in

121 3809 228 3876 missis
249 3804 480 3886 universitatis,
507 3804 541 3868 in
561 3805 710 3870 funerum
732 3800 945 3868 conductione
966 3799 1039 3866 aliis
1060 3799 1252 3866 nacionibus
1279 3822 1314 3865 se
1342 3801 1545 3867 conformant

122 3911 155 3974 in
175 3905 376 3996 paramentis
391 3913 424 3970 et
444 3901 712 3970 ceremonialibus
726 3901 798 3967 fieri
821 3901 1002 3984 consuetis,
1024 3909 1222 3986 exponentes
1241 3909 1395 3988 quantum
1412 3921 1545 3968 necesse

122 4009 218 4074 luerit
238 4003 458 4094 providenter.

203 4111 233 4174 6.
262 4104 346 4170 Item
366 4101 502 4190 singulis
522 4100 760 4168 mutacionibus
781 4099 841 4164 sub
863 4097 1026 4186 quindena
1041 4096 1209 4163 iudiciales
1223 4097 1287 4184 ipsi
1303 4098 1410 4163 facere
1422 4097 1585 4165 debentti

123 4207 287 4274 racionem
309 4203 350 4270 de
378 4204 541 4292 perceptis
570 4211 603 4268 et
630 4201 788 4289 expositis
818 4199 938 4264 seniori
965 4199 1132 4284 magistro,
1162 4195 1250 4283 apud
1280 4217 1376 4282 quem
1396 4199 1543 4264 nacionis

123 4307 219 4374 fiacus
248 4313 299 4370 est
325 4303 497 4390 repositus,
525 4312 557 4368 et
579 4301 620 4368 de
650 4322 735 4366 novo
764 4298 874 4364 electis
902 4295 1118 4379 iudicialibus,
1145 4298 1179 4360 in
1207 4317 1271 4383 qua
1298 4294 1428 4383 quidem
1455 4297 1544 4364 facta

124 4408 253 4473 racione
275 4425 463 4470 consumere
484 4411 619 4490 possunt
639 4422 700 4489 pro
722 4397 899 4464 collacione
918 4397 1063 4484 ipsorum
1085 4405 1151 4459 tres
1181 4416 1314 4480 grossos
1341 4396 1375 4459 in
1394 4397 1470 4462 vino
1491 4395 1544 4461 vel

125 4507 262 4572 cervisia
283 4503 325 4568 de
351 4503 490 4591 pecunia
509 4511 544 4566 ut
565 4499 781 4590 praemittitur
802 4495 933 4562 racione
954 4494 1186 4559 intitulaciouis
1207 4491 1350 4576 collecta,
1380 4493 1545 4562 residuum

125 4627 201 4674 vero
221 4605 257 4672 in
277 4603 425 4671 nacionis
445 4601 559 4667 liscum
581 4599 758 4666 confiscare
778 4605 938 4664 tenentur.
1553 4603 1586 4659 so

206 4727 235 4787 7.
267 4715 373 4808 [toti]
394 4720 475 4786 Item
498 4718 605 4784 senior
624 4715 771 4782 nacionis
790 4736 855 4779 una
877 4733 950 4778 cum
973 4710 1053 4776 fisco
1076 4709 1197 4775 babeat
1226 4708 1373 4774 similiter
1399 4709 1545 4774 nacionis

128 4821 264 4914 spolium
281 4818 420 4885 infideli
442 4817 599 4900 custodia,
622 4825 653 4882 et
672 4837 746 4880 oum
767 4836 827 4901 pro
851 4813 1000 4879 lunanum
1020 4819 1077 4875 aut
1095 4810 1327 4896 magistrorum
1346 4807 1387 4872 de
1408 4808 1545 4872 maone

129 4921 424 4988 mniversamrum
445 4917 658 5005 expedicione
678 4912 954 4994 accomodaverit,
980 4931 1040 4998 per
1059 4909 1230 4976 iudiciales
1255 4910 1361 4996 ipsum
1382 4905 1546 4993 respiciat,

129 5026 180 5113 qui
201 5033 234 5090 et
254 5020 445 5110 quantocius
473 5027 548 5106 post
571 5016 668 5082 finem
694 5023 785 5080 actus
813 5020 964 5099 repetant
989 5019 1022 5076 et
1046 5009 1079 5074 in
1106 5009 1183 5074 dicti
1211 5008 1346 5074 senioris
1367 5003 1546 5070 custodiam

129 5131 257 5211 ponant
1554 5115 1587 5171 ts
