3758 6072
535 519 619 573 Dritts
638 519 901 583 Surutcuredaction,
919 535 971 572 von
991 519 1183 576 terra-1490.

388 773 433 838 19.
456 788 503 836 ur
524 787 582 854 ao,
604 789 664 851 our
684 789 731 838 su
753 789 1012 840 massmannus
1032 788 1239 839 nururarcs
1260 787 1334 838 usr.

234 938 300 1019 Qui
330 936 373 1003 ad
399 934 642 1003 inscribendum
664 937 837 1024 deputatus
860 947 924 1021 est,
951 945 1077 1004 tenetur
1099 961 1140 1002 ex
1162 936 1332 1002 matricula
1352 935 1573 1001 universitatis

148 1038 324 1125 registrum
346 1035 581 1125 complencium
604 1038 791 1103 continuare
813 1048 845 1103 et
867 1037 1015 1104 scedulas
1038 1061 1057 1104 a
1078 1035 1300 1102 visitatoribus
1327 1038 1474 1124 recipere
1496 1045 1573 1100 tem-

149 1160 231 1225 pore
261 1135 497 1203 distributionis
523 1133 635 1202 salarii
665 1145 697 1202 et
724 1160 834 1202 omnes
862 1138 1009 1225 praefato
1035 1137 1173 1226 registro
1203 1159 1276 1201 cum
1304 1135 1369 1200 suis
1398 1133 1575 1201 defectibus

149 1234 337 1320 inscribere,
366 1237 414 1301 sic
437 1245 544 1301 tamen
565 1234 651 1326 quod
678 1235 733 1318 bii,
763 1237 817 1325 qui
845 1238 1083 1318 satisfecerunt,
1111 1234 1331 1300 inscribantur
1356 1235 1460 1320 nigro,
1490 1235 1616 1299 sicut5

148 1335 306 1401 hactenus
328 1335 477 1422 inscripti
499 1345 587 1419 sunt;
613 1332 670 1401 sed
691 1335 746 1424 qui
765 1360 830 1403 non
852 1337 1085 1419 satisfecerunt,
1107 1334 1326 1400 inscribantur
1339 1332 1440 1400 rubeo
1456 1332 1573 1416 colore,

151 1435 198 1500 sic
227 1445 337 1498 tamen
364 1433 449 1521 quod
478 1433 552 1498 talis
579 1435 746 1522 inscriptio
777 1435 886 1501 debito
914 1445 1059 1522 tempore
1086 1433 1157 1516 fiat,
1186 1443 1222 1498 ut
1249 1433 1400 1498 videlicet
1425 1443 1570 1519 tempore

151 1533 410 1622 dispensacionis
438 1533 682 1599 baccalariandi
710 1532 794 1624 [25⁸]
826 1545 863 1600 et,
886 1533 1100 1621 magistrandi
1129 1534 1277 1620 inscripti
1297 1533 1512 1616 inveniantur,
1541 1539 1573 1597 et

152 1631 240 1722 quod
272 1630 389 1718 reliqui
418 1655 528 1698 omnes
560 1644 634 1700 ante
665 1633 853 1700 electionem
881 1635 958 1700 novi
987 1634 1191 1721 inscriptoris
1221 1634 1369 1720 inscripti
1402 1633 1481 1715 sint,
1512 1629 1573 1696 sub

147 1755 253 1820 poena
283 1732 506 1819 suspensionis
527 1731 598 1820 ipso
619 1734 716 1817 facto,
744 1733 846 1799 donec
867 1733 1012 1798 factaltati
1033 1756 1130 1798 unum
1152 1731 1183 1796 fl.
1207 1733 1254 1797 rh.
1281 1755 1341 1819 pro
1369 1754 1474 1818 poena
1502 1741 1617 1796 rea-10

146 1832 221 1898 liter
243 1841 370 1898 etcum
390 1832 508 1898 effectu
529 1832 737 1921 persolverit,
766 1833 816 1898 vel
839 1832 899 1899 sub
919 1834 1034 1900 maiori
1059 1855 1164 1921 poena
1189 1831 1362 1898 arbitraria
1388 1829 1575 1918 infligenda,

150 1933 178 1996 si
198 1929 422 1997 fraudulenter
444 1941 476 1996 et
498 1931 608 1998 dolose
628 1934 838 2022 inscripserit.
880 1933 945 2000 Pro
973 1932 1031 1998 tali
1058 1943 1165 1997 autem
1191 1931 1303 1996 labore
1331 1929 1428 1996 debet
1455 1929 1576 1996 habere

150 2054 212 2119 pro
238 2030 358 2097 salario
378 2031 528 2118 magistri
549 2041 597 2098 tot
616 2055 717 2099 novos
740 2032 900 2115 denarios,
930 2041 1007 2120 quot
1029 2031 1251 2114 satisfecerint,
1280 2033 1348 2096 sive
1371 2032 1436 2096 sint
1457 2030 1574 2095 divites

151 2134 221 2196 sive
249 2151 420 2219 pauperes.
459 2129 512 2194 De
532 2132 664 2218 reliquis
684 2141 801 2214 autem,
832 2132 887 2224 qui
915 2154 980 2197 non
1006 2131 1245 2216 satisfecerunt,
1274 2128 1407 2196 habebit
1433 2138 1577 2217 tempore

150 2229 403 2318 dispensationis
424 2227 567 2317 duplum.
1584 2235 1615 2294 15

652 2401 701 2463 20.
723 2415 771 2464 na
791 2413 1075 2464 msrsssurrouu.

230 2565 387 2630 Decanus
409 2585 470 2651 pro
492 2571 637 2651 tempore
657 2565 800 2630 existens
823 2564 919 2630 debet
939 2587 1010 2630 esse
1037 2566 1206 2630 asstrictus
1235 2563 1294 2630 sub
1318 2585 1374 2630 suo
1396 2565 1578 2628 iuramento

148 2673 296 2750 tempore
318 2662 570 2749 dispensationis
592 2687 747 2752 quaerere
761 2664 813 2730 vel
832 2665 944 2752 quaeri
965 2666 1073 2730 facere
1095 2685 1204 2730 omnes
1225 2663 1413 2751 promoveri
1432 2662 1576 2726 volentes

148 2766 182 2829 in
205 2762 355 2851 praefato
377 2763 516 2849 registro
538 2763 773 2850 complencium
795 2774 827 2830 et
848 2764 990 2830 studiose
1011 2765 1184 2850 inquirere,
1213 2785 1255 2828 an
1275 2763 1348 2828 illas
1373 2761 1526 2827 lectiones
1547 2767 1579 2823 et

149 2863 329 2945 exercicia,
358 2869 434 2948 post
462 2860 525 2927 hoc
545 2863 733 2928 conclusum
763 2863 892 2929 auditas
918 2863 971 2929 vel
998 2864 1125 2946 audita,
1157 2863 1334 2929 secundum
1361 2861 1419 2927 illa
1448 2865 1619 2942 statutam

149 2965 236 3028 sicut
255 2963 291 3026 in
312 2983 373 3026 sna
394 2959 525 3026 scedula
545 2963 696 3048 signavit,
718 2963 936 3050 compleverit,
957 2972 997 3046 et,
1017 2963 1105 3029 nullo
1118 2965 1297 3028 iuramento
1319 2960 1360 3026 ab
1375 2963 1421 3026 eis
1436 2968 1578 3046 recepto,

155 3063 363 3149 dispensetur
384 3082 458 3125 cum
480 3063 526 3126 eis
549 3061 724 3127 secundnm
746 3063 889 3127 defectus
909 3061 1028 3127 ibidem
1047 3065 1201 3148 signatos,
1223 3059 1408 3148 recipiendo
1425 3083 1485 3147 pro
1500 3080 1578 3147 quo·

152 3161 234 3227 libet
256 3159 383 3226 defectu
403 3160 544 3225 medium
568 3183 724 3246 grossum.
764 3160 817 3226 De
840 3160 912 3226 aliis
939 3161 1131 3227 lectionibus
1154 3170 1185 3226 et
1211 3161 1391 3241 exerciciis,
1419 3157 1575 3224 antehoc

153 3259 341 3326 conclusum
360 3257 490 3342 auditis,
510 3259 568 3323 fiat
588 3259 788 3347 dispensatio
811 3259 987 3325 secundum
1005 3261 1136 3326 modurn
1157 3259 1322 3348 hucusque
1343 3268 1515 3323 servatum.
1542 3255 1578 3321 si

150 3382 230 3425 vero
253 3357 394 3424 decanus
417 3358 593 3424 secundum
614 3357 701 3426 hunc
721 3360 902 3445 praefatum
924 3358 1055 3425 modum
1077 3381 1232 3447 quaerere
1248 3369 1280 3424 et
1295 3358 1486 3446 dispensare
1503 3363 1619 3421 con-25

149 3459 319 3546 tempserit
350 3466 383 3522 et
412 3457 474 3524 boc
506 3466 661 3522 statutum
692 3467 898 3524 manutenere
931 3480 991 3545 pro
1021 3457 1147 3523 viribus
1178 3481 1244 3524 nou
1273 3459 1449 3538 curaverit,
1482 3455 1578 3521 debet

147 3557 297 3624 facultati
321 3555 362 3622 de
384 3556 504 3622 salario
525 3555 623 3622 officii
645 3557 694 3621 sui
714 3557 826 3622 decem
847 3557 880 3623 li.
902 3557 949 3623 rh.
976 3558 1187 3624 effectualiter
1208 3556 1403 3644 persolvere,
1424 3555 1476 3621 vel
1502 3564 1578 3643 post

148 3661 295 3723 iunctum
325 3655 465 3722 officium
497 3666 565 3720 tam
593 3655 650 3721 diu
680 3657 753 3742 ipso
785 3657 870 3722 facto
902 3679 976 3723 esse
1007 3679 1198 3746 suspensus,
1229 3655 1333 3723 donec
1360 3678 1432 3721 curn
1463 3655 1578 3721 effectu

148 3755 292 3823 solverit.

398 3926 448 3988 21.
472 3938 520 3986 uu
543 3937 699 3988 sosanna
720 3938 977 3990 cournarrorus
999 3939 1324 3990 raouovurnoruu.
1584 3929 1618 3986 30

233 4089 278 4155 Ut
299 4089 407 4155 omnia
428 4088 582 4154 citissime
604 4099 636 4153 et
665 4089 733 4153 sine
761 4087 949 4153 difficultate
977 4090 1011 4153 in
1040 4089 1178 4174 registro
1201 4087 1434 4177 complencium
1464 4088 1577 4176 quaeri

149 4198 180 4255 et
201 4190 341 4254 inveniri
361 4189 502 4275 possint,
531 4187 649 4254 debent
672 4187 824 4274 deinceps
852 4186 1065 4274 promovendi
1094 4186 1241 4253 scedulas
1264 4187 1486 4275 completionis
1512 4189 1576 4253 for·

148 4311 241 4355 mare
264 4297 296 4354 et
317 4286 471 4372 scribere,
493 4288 578 4354 sicut
596 4289 630 4352 in
652 4289 756 4375 primo
778 4285 854 4352 folio
877 4289 1009 4373 registri
1030 4286 1265 4375 complencium
1285 4287 1456 4352 formatum
1478 4296 1533 4353 est

197 4527 246 4590 22.
272 4518 332 4610 [Bl.
354 4517 426 4610 25b]
448 4539 495 4586 ns
517 4539 727 4587 uurmrvurn
750 4539 977 4588 cassavimus
1001 4539 1046 4586 ur
1069 4537 1241 4586 sanorum
1264 4537 1527 4587 nrsrurscrouu.

233 4685 380 4770 Quilibet
401 4696 575 4753 conventor
603 4685 700 4752 debet
720 4686 841 4752 habere
868 4709 965 4752 unum
992 4688 1165 4772 registrum
1193 4687 1353 4752 sociorum
1375 4696 1407 4752 et
1427 4683 1617 4752 buccula-³5

148 4791 273 4855 riorum
300 4809 379 4853 snae
399 4785 519 4851 bursae
539 4784 591 4849 vel
619 4784 757 4872 collegii,
787 4785 961 4852 secundum
983 4786 1129 4851 ordinem
1154 4783 1319 4872 alphabeti
1344 4784 1576 4867 ordinatorum,

150 4900 181 4954 et
207 4895 333 4954 tenetur
361 4883 510 4952 adminus
539 4884 590 4951 bis
618 4884 780 4952 inavisate
808 4886 916 4974 legere
944 4887 977 4950 in
1004 4883 1211 4950 hebdomada
1237 4887 1272 4951 in
1300 4883 1429 4966 diebus,
1457 4881 1575 4971 quibus

150 4985 328 5052 baccalarii
347 4994 506 5073 praesunt
522 4983 749 5071 disputacioni,
771 4995 802 5050 et
814 4985 985 5072 diligenter
1000 4994 1032 5048 et
1051 4982 1190 5050 fideliter
1210 4983 1359 5050 absentes
1381 4983 1574 5069 consignare

150 5097 182 5152 et
208 5084 436 5152 nichilominus
464 5083 507 5150 ad
536 5084 667 5150 dorsum
696 5083 847 5150 scedulae
877 5085 1007 5170 signare
1038 5083 1139 5166 diem,
1171 5107 1235 5170 quo
1264 5083 1419 5148 visitavit.
1459 5079 1574 5147 Placet

151 5186 268 5268 eciam,
298 5184 386 5272 quod
411 5184 595 5248 visitatores
625 5205 696 5247 cum
723 5182 846 5250 decano
875 5181 973 5248 semel
998 5183 1130 5248 visitent
1155 5183 1316 5249 inavisate
1342 5181 1437 5248 buius
1460 5183 1615 5250 scroti-40
