3762 6074
516 457 606 508 Vierte
624 458 894 518 sutranredsottom
917 471 970 507 ven
993 455 1167 509 ttae-1522.

362 723 450 788 XVI.
475 720 618 812 [Blatb]
648 742 894 792 curtracum
914 740 1113 790 nacrnurr
1134 739 1318 790 snxrun.

206 889 370 956 Statuta
391 891 675 978 respiciencia
695 890 925 977 magistros
952 889 1127 956 aliarum
1148 889 1471 955 universitatum

277 991 499 1078 cupientes
521 992 674 1058 assumi
694 989 743 1056 ad
764 991 963 1078 gremium
985 998 1154 1056 nestrae
1174 987 1406 1056 facultatis.

167 1149 192 1208 l.
212 1159 260 1206 AD
283 1159 376 1218 QUAE
397 1159 573 1208 onmem
595 1159 634 1208 SE
658 1159 774 1206 DEBET
799 1157 975 1206 mactantes
996 1155 1212 1221 sarnanum,
1234 1156 1329 1203 APUD
1346 1155 1515 1204 DEGANUM

430 1259 566 1307 VOLENS
587 1259 720 1324 Assum,
741 1258 834 1305 ANTE
855 1257 947 1306 SUAM
968 1255 1244 1305 RESPONSIONEM.
1579 1247 1597 1302 5

208 1374 356 1458 Placuit,
378 1374 465 1462 quod
486 1376 618 1440 inantea
638 1375 792 1460 magister
813 1373 955 1456 arcium,
979 1374 1013 1436 in
1041 1370 1107 1437 alia
1132 1371 1346 1436 universitate
1373 1378 1554 1457 promotus,

128 1476 156 1541 si
184 1477 219 1540 in
249 1475 314 1540 ista
341 1474 421 1539 velit
448 1473 645 1562 respondere
675 1495 736 1561 pro
766 1473 993 1560 assumptione
1026 1471 1070 1538 ad
1097 1471 1285 1537 facultatem
1312 1481 1345 1536 ct
1371 1469 1470 1534 fucrit
1498 1469 1555 1535 ad·

125 1576 265 1658 missus,
299 1572 396 1639 debet
425 1573 540 1639 offerre
569 1583 636 1639 tres
667 1571 776 1638 titulos
810 1572 1052 1661 quaestionum,
1086 1593 1127 1636 ex
1159 1571 1277 1660 quibus
1304 1569 1449 1636 decanus
1481 1591 1555 1634 cum

127 1684 267 1762 quatuor
294 1673 476 1740 senioribus
505 1675 678 1739 nacionum
705 1673 824 1759 poterit
850 1671 971 1757 eligere
998 1695 1097 1736 unum
1127 1670 1191 1736 sibi
1217 1669 1399 1759 placentem
1428 1676 1462 1733 et
1488 1691 1555 1733 ma-

122 1775 228 1860 gistro
248 1772 367 1839 volenti
382 1773 581 1860 respondere
596 1771 732 1838 eundem
748 1773 926 1857 assignare.
970 1770 1035 1852 Qui
1052 1771 1208 1857 magister
1229 1766 1442 1834 assumendus
1457 1766 1554 1832 debet
1565 1777 1597 1833 te

127 1885 205 1938 tune
225 1874 367 1938 formare
394 1875 482 1938 circa
511 1873 714 1958 assignatum
741 1869 871 1935 titulum
899 1869 1122 1937 conclusiones
1153 1879 1185 1934 et
1211 1867 1387 1935 correlaria
1414 1890 1454 1934 ac
1482 1877 1557 1932 ante

125 1972 209 2038 dnos
233 1972 302 2036 dies
327 1995 405 2038 suae
427 1974 647 2059 responsionis
669 1968 806 2036 eundem
827 1993 887 2057 per
906 1970 1061 2035 famulum
1084 1970 1306 2034 universitatis
1332 1970 1441 2033 facere
1462 1989 1556 2056 prae-

127 2072 251 2137 sentari
273 2072 422 2137 omnibus
443 2073 626 2158 magistris,
647 2072 769 2135 tamin
790 2091 886 2156 quam
908 2079 1003 2135 extra
1024 2069 1193 2136 consilium
1219 2068 1386 2133 facultatis
1412 2067 1553 2132 existen·

128 2171 227 2255 tibus,
246 2181 283 2236 ut
302 2173 451 2257 magistri
469 2170 510 2237 de
532 2173 601 2237 eius
623 2170 790 2258 posicione
808 2168 986 2234 reddantur
1008 2169 1178 2235 cerciores.

826 2343 856 2403 2.
1565 2340 1596 2396 15

211 2471 295 2536 Item
316 2468 454 2556 placuit,
477 2469 564 2556 quod
591 2469 697 2536 nullus
723 2471 880 2558 magister
907 2468 948 2534 de
975 2467 1041 2533 alia
1065 2466 1276 2532 universitate
1299 2475 1444 2532 nostram
1467 2487 1557 2530 aece-

128 2570 210 2635 dens
233 2567 330 2634 debet
349 2569 478 2634 admitti
508 2569 550 2636 ad
579 2569 841 2657 respondendum
872 2591 932 2656 pro
961 2567 1182 2654 assumptione
1204 2565 1248 2632 ad
1268 2565 1473 2646 facultatem,
1494 2564 1558 2628 nisi

126 2671 220 2756 prius
243 2670 413 2754 promittat
433 2669 555 2734 decano
580 2669 736 2756 stipulata
757 2692 856 2734 manu
876 2679 909 2734 et
930 2667 989 2732 sub
1008 2665 1096 2733 bona
1122 2665 1203 2748 fide,
1231 2663 1317 2751 quod
1349 2664 1560 2751 responsione

127 2769 216 2834 faeta
237 2766 317 2832 velit
338 2779 449 2854 petere
470 2791 530 2856 pro
555 2771 782 2856 assumpcione
804 2767 847 2833 ad
867 2766 1054 2832 facultatem
1082 2774 1115 2830 et
1141 2774 1311 2852 praestare
1340 2765 1557 2828 iuramentum

128 2877 318 2934 consuetum
341 2867 382 2933 de
407 2865 624 2954 legittimitate
652 2878 685 2932 et
712 2868 785 2933 aliis
813 2869 846 2932 in
874 2865 1002 2932 statutis
1029 2865 1202 2945 contentis,
1233 2872 1265 2928 et
1291 2864 1459 2950 signanter
1480 2861 1601 2928 velitw

133 2966 262 3032 solvere
283 2965 440 3032 solvenda
461 2977 493 3032 et
510 2968 619 3032 facere
639 2967 790 3033 facienda
812 2969 906 3032 iuxta
925 2963 1089 3030 facultatis
1109 2963 1235 3028 arcium
1257 2970 1390 3028 statuta.

830 3137 858 3199 3.

212 3266 295 3330 Item
316 3264 413 3330 debet
434 3264 522 3330 idern
544 3267 700 3352 magister
722 3262 938 3330 assumendus
960 3284 1031 3328 esse
1059 3261 1211 3326 astrictus
1243 3267 1312 3325 tota
1343 3259 1397 3326 die
1425 3281 1558 3347 respon-

129 3365 218 3448 dere,
242 3367 269 3431 si
288 3365 402 3430 saltem
423 3366 573 3451 magistri
594 3375 767 3452 arguentes
789 3362 977 3428 adtentum
998 3361 1155 3448 temporis
1177 3367 1366 3446 praesentes
1386 3360 1516 3425 fuerint

130 3556 158 3616 4.
175 3565 364 3615 STATUTUM
379 3565 583 3614 MAGISTRUM
594 3565 828 3615 ASSUMENDUM
842 3565 931 3613 Post·
945 3563 1022 3612 EIUS
1038 3559 1303 3610 RESPONSIONEM
1319 3557 1557 3624 CONGERNENS,
1567 3550 1601 3608 25

300 3665 403 3754 quod
428 3664 513 3752 legi
539 3664 662 3731 debet
682 3667 722 3730 in
743 3665 987 3752 praesencia
1014 3663 1143 3729 totius
1164 3657 1395 3726 facultatis.

219 3816 363 3900 Placuit,
392 3816 478 3905 quod
504 3815 609 3882 nullus
638 3817 868 3902 magistrorum
903 3813 1037 3880 alterius
1066 3811 1307 3894 universitatis,
1334 3809 1449 3876 saltem
1478 3807 1561 3874 Ger·

130 3918 282 3998 maniae,
305 3916 348 3981 ad
368 3915 555 3982 facultatem
583 3917 707 3981 arcium
728 3925 927 3997 assumatur,
948 3915 1012 3978 nisi
1033 3913 1125 4001 prius
1147 3913 1181 3976 in
1204 3912 1267 3977 hae
1284 3911 1498 3976 universitate
1518 3907 1562 3974 ad

132 4027 259 4084 certum
281 4024 426 4102 tempus,
448 4025 528 4102 puta
549 4015 592 4082 ad
614 4014 742 4080 dimidii
762 4016 839 4079 anni
860 4014 1024 4103 spacium,
1053 4013 1178 4076 steterit
1208 4020 1239 4076 et
1266 4009 1412 4076 moribus
1433 4031 1474 4074 ac
1493 4010 1563 4074 vita

130 4114 292 4182 laudabili
321 4115 552 4202 comprobatus
582 4116 690 4181 fiterit.
742 4114 787 4180 Et
814 4114 889 4196 hoe,
920 4114 948 4178 si
977 4113 1012 4176 in
1038 4112 1124 4176 ista¹
1153 4109 1365 4176 universitate
1400 4121 1497 4174 antea
1522 4109 1603 4174 into

133 4213 357 4282 baccalarium
378 4224 544 4300 promotus
566 4216 622 4298 sit3
648 4215 776 4280 sivero
798 4213 927 4278 omnino
950 4221 1125 4277 extraneus
1148 4210 1259 4291 fuerit,
1282 4207 1325 4273 ad
1344 4209 1464 4295 integri
1483 4209 1562 4274 anni

132 4313 331 4382 curriculum
350 4315 420 4380 vita
441 4324 473 4380 et
492 4313 636 4380 moribus
658 4313 887 4401 comprobetur
908 4320 941 4376 et
968 4310 1100 4377 undem
1126 4310 1220 4375 iuxta
1245 4305 1410 4374 facultatis
1438 4309 1562 4374 areium

132 4425 254 4480 statuta
276 4423 477 4495 assumatur,
498 4415 545 4479 ita
565 4414 652 4501 quod
673 4423 808 4500 uterque
830 4435 888 4477 sex
915 4411 1055 4476 florenos
1083 4409 1206 4491 solvat,
1235 4429 1370 4494 quorum
1399 4407 1556 4474 medietas

131 4513 228 4580 cedat
254 4513 416 4595 facultati,
438 4512 504 4578 alia
525 4535 601 4580 vcro
625 4513 783 4579 medietas
811 4535 872 4600 pro
895 4507 981 4598 [32⁸]
1007 4510 1183 4574 refectione
1214 4508 1447 4593 magistrorum
1479 4505 1559 4570 dicti

132 4612 260 4679 consilii
276 4612 440 4679 facultatis
455 4612 676 4678 distribuatur.
721 4612 892 4699 Debetque
913 4610 1000 4676 idem
1021 4617 1187 4696 promotus
1207 4609 1242 4673 in
1262 4606 1327 4672 alia
1346 4605 1601 4672 universitate&

132 4714 289 4798 magister
310 4712 428 4778 docere
449 4735 540 4778 suam
562 4714 803 4799 promocionem
823 4710 940 4776 litteris
970 4708 1140 4775 autenticis
1169 4729 1248 4774 suas
1280 4703 1503 4773 universitatis
1527 4713 1559 4769 et

132 4813 309 4895 facultatis,
326 4813 378 4878 vel
392 4812 512 4878 habere
526 4811 608 4878 duos
622 4813 807 4897 magistros,
827 4810 883 4898 qui
905 4833 966 4897 pro
987 4831 1025 4874 eo
1047 4806 1255 4889 fidoiubeant‚
1277 4815 1313 4872 ut
1333 4803 1415 4870 tales
1435 4801 1559 4869 litteras

221 5051 231 5101 1
252 5044 384 5116 Beaebte,
401 5045 452 5100 mit
468 5045 499 5099 ia
512 5045 564 5099 tac
580 5045 654 5096 unio.
672 5043 709 5098 ist
725 5043 770 5098 die
787 5041 899 5111 fremde,
916 5041 967 5096 mit
984 5042 1014 5098 in
1031 5041 1086 5097 ista
1102 5042 1176 5100 unic.
1195 5039 1241 5096 uie
1257 5035 1428 5098 Universittit
1445 5034 1563 5108 Leipzig

132 5131 263 5203 gamain
