3794 6066
657 387 711 424 von
729 374 835 437 Hemog
850 371 947 426 Merita
965 374 1094 439 tortura

754 559 862 623 Caput
880 557 928 610 ΙΙΙ,

546 706 594 754 DE
614 705 785 754 REC'I'ORIS
803 707 889 754 Novi
908 705 1185 756 Dncusufflortu.

212 823 387 890 Rectorem
398 822 536 910 quinque
546 820 603 905 illi,
627 833 661 887 ut
672 820 795 888 dictum
806 832 864 906 est,
887 845 959 888 cum
974 823 1163 906 creavcrint,
1176 821 1322 908 deligant
1332 845 1430 888 unum
1442 847 1483 888 ex
1495 847 1551 890 suo

136 947 274 1006 numero,
300 925 356 1011 qui
376 921 504 1010 publice
525 920 669 986 declaret
692 931 836 986 creatum
858 923 925 988 suis
947 922 1109 1008 suffragiis
1129 932 1298 988 rectorem.
1329 921 1394 1006 Qui
1415 925 1442 988 si
1454 945 1549 1012 prae-

136 1047 204 1090 sens
224 1024 309 1090 forte
330 1045 396 1088 non
414 1021 519 1102 fucrit,
541 1019 665 1086 dabunt
686 1042 819 1108 operam
840 1023 980 1112 quinque
992 1021 1051 1106 illi,
1074 1021 1129 1110 qui
1143 1021 1287 1104 fecerint,
1308 1033 1344 1088 ut
1354 1024 1575 1090 conveniautt

135 1147 202 1188 eum
223 1133 255 1188 et
275 1121 317 1188 de
339 1123 531 1208 magistratu
551 1121 616 1208 ipsi
637 1119 832 1186 demandato
856 1123 1025 1187 certiorem
1049 1119 1189 1186 reddant
1208 1131 1240 1188 et
1261 1124 1330 1188 cius
1350 1122 1548 1188 voluntatem

135 1231 338 1310 cognoscant.
380 1221 445 1306 Qui
464 1223 512 1287 ita
531 1222 636 1286 factus
663 1220 777 1304 fuerit,
808 1221 838 1284 ei
864 1241 1015 1286 recusare
1041 1223 1266 1308 magistratum
1294 1223 1469 1289 nonlicet
1511 1222 1547 1287 Si

134 1325 251 1407 lecerit,
271 1321 425 1388 mulctam
447 1320 563 1387 solvito
585 1321 780 1387 florenorum
799 1321 942 1406 triginta,
966 1321 1030 1386 nisi
1050 1323 1117 1386 iam
1138 1331 1234 1387 antea
1254 1333 1361 1388 rector
1382 1325 1453 1412 ipse
1473 1325 1548 1408 (sua

133 1447 192 1489 nou
211 1422 347 1490 alterius
365 1421 451 1504 vice)
470 1421 568 1486 fuerit
588 1429 644 1485 aut
662 1419 745 1484 alias
766 1441 902 1507 magnas
930 1429 962 1484 et
984 1443 1102 1507 graves
1132 1423 1345 1488 recusationis
1373 1445 1488 1488 causas
1516 1445 1550 1486 se

134 1524 214 1590 bona
235 1521 303 1588 fide
323 1521 444 1588 habere
465 1520 685 1586 affirmaverit.
730 1518 822 1601 Quae
844 1521 873 1584 si
893 1521 997 1586 iustae
1016 1521 1136 1586 fuerint
1158 1524 1277 1587 rectori
1303 1530 1336 1587 et
1356 1521 1548 1588 consiliariis
1561 1529 1593 1588 1ss

134 1624 232 1710 ipsius
254 1621 404 1710 pluribus
426 1621 526 1704 visae,
549 1625 619 1686 sine
639 1620 759 1686 mulcta
780 1619 835 1684 ille
857 1619 1037 1686 dimittatur
1058 1631 1091 1685 et
1111 1621 1224 1688 ordine
1242 1643 1281 1687 ac
1294 1623 1418 1688 ratione
1430 1621 1550 1704 debita,

134 1724 339 1809 congregatis
358 1745 470 1788 rursus
491 1721 525 1786 in
546 1743 644 1786 unum
664 1718 859 1801 nationibus,
882 1717 922 1784 de
942 1721 1069 1806 integro
1091 1720 1194 1786 altera
1215 1720 1328 1787 electio
1351 1723 1547 1811 suscipiatur

134 1833 162 1888 et
180 1833 370 1910 peragatur.
409 1820 535 1888 Eodem
556 1829 679 1904 autem,
710 1841 773 1905 quo
793 1821 929 1907 quisque
955 1821 1060 1886 factus
1081 1819 1192 1904 fuerit,
1221 1822 1446 1916 magistratum
1473 1831 1547 1887 ante

133 1922 204 1988 solis
224 1943 378 1988 occasum
399 1921 453 1986 dle
473 1921 623 2008 accipere
645 1918 786 1985 debebit
815 1919 927 2006 Neque
948 1921 981 1984 in
1001 1921 1182 1987 recusando
1205 1921 1344 1987 ullorum
1363 1921 1548 2009 privilegio·

132 2045 198 2088 rum
221 2029 397 2110 praetextu
418 2022 613 2110 quisquam¹
636 2018 867 2085 sublevabitur.
1561 2030 1593 2088 15

797 2221 904 2284 Caput
919 2222 966 2273 tv,

168 2376 213 2426 DE
239 2372 464 2424 LAUDA'I'IONE
487 2371 657 2421 umbrosus
677 2373 724 2420 ΕΤ
745 2371 837 2433 QUAE
858 2371 929 2418 lLLl
950 2371 1056 2420 unam
1078 2369 1319 2434 comrmcuu
1342 2373 1510 2423 sotum.

210 2492 349 2573 Bastar,
376 2491 431 2578 qni
457 2491 504 2554 ita
532 2497 568 2553 ut
596 2487 717 2552 dictum
748 2495 798 2552 est
819 2495 947 2552 creabis
966 2488 1063 2552 fuerit
1082 2499 1114 2553 et
1132 2490 1357 2575 magistratum
1378 2492 1550 2578 acceperit,

132 2594 214 2658 intra
235 2613 378 2656 mensem
400 2591 454 2656 die
473 2590 580 2676 aliquo
601 2588 739 2652 festivo²
761 2586 891 2674 publice
904 2588 966 2650 viri
978 2588 1063 2655 docti
1075 2598 1106 2653 et
1119 2587 1266 2654 honorati
1281 2591 1427 2655 oratione
1440 2589 1550 2656 lauda·

133 2693 215 2757 bitur
245 2702 342 2776 atque
369 2693 415 2755 ita
436 2688 554 2755 deinde
574 2686 722 2751 tradetur
742 2687 790 2751 illi
812 2709 872 2774 per
891 2697 1050 2752 rectorem
1072 2689 1191 2776 prioris
1214 2691 1377 2754 semestris
1406 2690 1592 2776 sigillumw

132 2801 310 2858 rectoratus
332 2813 404 2856 cum
424 2788 508 2854 libro
530 2796 719 2853 statutorum
741 2789 961 2852 universitatis
984 2786 1205 2856 scholasticae.
1252 2789 1327 2876 Ipse
1356 2800 1424 2855 tum
1452 2792 1550 2856 iusiu-

132 2890 268 2957 randum
288 2889 379 2956 dabit
398 2891 433 2955 in
452 2887 534 2954 haec
552 2887 664 2952 verba.

761 3088 865 3154 Caput
886 3090 920 3142 V.

566 3237 804 3286 IUSIURANDUM
823 3238 908 3288 Novi
927 3237 1107 3288 merome.

131 3357 257 3426 Iurabit
277 3377 380 3423 novus
401 3361 524 3420 rector:
1302 3377 1307 3388 ·
1554 3367 1587 3424 2⁵

210 3458 331 3540 Primo,
352 3477 387 3521 se
408 3453 502 3519 huius
524 3455 670 3542 corporis
691 3455 911 3520 universitatis
932 3453 1145 3520 scholasticae
1168 3453 1347 3521 membrum
1366 3479 1447 3521 esse.

211 3555 371 3638 Secundo,
392 3553 480 3644 quod
501 3577 561 3641 pro
581 3553 670 3621 civili
691 3563 784 3643 parte
805 3577 865 3620 sua
885 3553 1055 3620 commoda
1082 3563 1114 3620 et
1139 3555 1339 3620 incrementa
1366 3556 1545 3623 studiorum

135 3668 166 3724 et
184 3655 406 3724 univcrsitatis
427 3654 637 3720 scholasticae
659 3677 835 3742 procurare
854 3653 950 3737 velit,
970 3657 1005 3719 in
1026 3677 1089 3742 quo
1110 3663 1218 3720 tamen
1239 3654 1321 3721 levis
1342 3657 1546 3744 ignorantiae

133 3758 177 3824 illi
198 3757 296 3844 culpa
316 3755 403 3821 nullo
425 3753 520 3820 modo
542 3755 762 3843 imputabitur.

211 3857 340 3939 Tertio,
370 3877 405 3920 se
433 3853 618 3920 academiae
649 3866 681 3920 et
709 3855 851 3919 omnium
881 3853 1009 3919 aedium
1035 3853 1301 3922 scholasticarum
1328 3866 1360 3922 et
1386 3858 1588 3945 imprimis30

132 3959 206 4024 novi
232 3956 361 4043 collegii
381 3953 510 4020 Paulini
536 3953 709 4041 privilegia
728 3975 768 4020 ac
787 3953 986 4038 libertatem,
1004 3953 1213 4022 illustrissimi
1235 3958 1394 4046 principis
1415 3958 1544 4024 nomine

133 4079 170 4122 ac
190 4059 393 4146 protectione
413 4055 539 4137 fretum,
560 4053 709 4138 fideliter,
731 4053 884 4136 studiose,
905 4053 1017 4120 sedulo
1039 4067 1304 4122 conservaturum
1326 4067 1422 4145 atque
1436 4058 1544 4124 defen·

133 4181 253 4241 surum,
280 4178 408 4222 necnon
430 4163 550 4220 statuta
571 4164 603 4219 et
620 4155 686 4220 iam
709 4154 840 4220 condita
865 4165 896 4220 et
917 4156 1029 4242 siqua
1049 4155 1347 4244 posthaclegitime
1368 4157 1545 4224 condentur

133 4267 344 4340 servaturum,
364 4257 504 4343 itemque
523 4276 654 4342 operam
676 4253 871 4342 diligentem,
892 4264 928 4320 ut
946 4255 989 4321 ab
1010 4253 1083 4320 aliis
1104 4277 1230 4344 quoque
1250 4267 1429 4342 serventur,
1451 4257 1542 4324 datu·

133 4379 201 4422 mm
220 4379 253 4424 es
272 4379 298 4422 e.
1552 4367 1585 4423 3⁵

214 4381 348 4540 Qriartc,
370 4478 405 4522 se
422 4453 542 4520 nullius
561 4476 679 4520 nomen
698 4456 783 4520 inter
796 4451 943 4519 subditos
956 4453 1160 4520 rmiversitati
1174 4454 1386 4522 scholasticae
1397 4468 1544 4547 receptu·

133 4579 218 4641 rum,
245 4559 311 4624 nisi
336 4557 391 4645 qui
425 4554 465 4621 de
497 4577 585 4620 more
613 4554 788 4621 secundum
816 4553 980 4641 publicam
1013 4555 1274 4621 constitutionem
1307 4569 1544 4625 sacramentum

133 4656 254 4724 dixerit
295 4705 301 4718 ,

213 4755 342 4838 Quinto,
364 4753 449 4844 quod
467 4762 535 4818 toto
556 4762 701 4840 tempore
721 4755 931 4840 magistratus
952 4750 1002 4820 sui
1032 4753 1203 4842 pecuniam
1228 4777 1354 4821 omnem
1381 4754 1544 4844 publicam

238 4975 247 5023 l
269 4969 358 5039 Vogel
374 4967 495 5023 schreibt
508 4975 667 5039 praetatus
683 4970 803 5038 meaa.

235 5058 249 5108 2
259 5058 339 5123 sesto
356 5053 444 5124 Vogel
