3768 6072
627 453 678 504 Die
696 453 813 504 staunton
832 467 885 504 von
907 453 1083 508 ltro-1435.
1512 456 1569 520 187

194 641 239 702 18.
261 653 307 700 ΒΕ
329 653 616 702 compararemus
638 653 806 702 abacorum
829 653 895 702 PER
916 647 1160 702 Paaarosrruu
1179 653 1307 700 DANDIS
1328 651 1373 698 Er
1394 651 1441 698 Du
1464 651 1545 698 CON-

691 754 780 802 SILIO
802 755 1040 802 nssblrvoaun.

233 869 327 931 Anno
350 867 634 934 MOOOOXXXII
657 869 686 934 d.
714 877 758 934 ll.
780 870 953 934 Februarii
982 879 1135 934 statutum
1161 868 1221 932 fuit
1248 877 1281 931 et
1307 865 1493 932 conclusum
1516 889 1574 953 per

157 991 259 1032 omnes
280 969 463 1052 magistros,
486 967 571 1055 quod
591 968 726 1054 quilibet
745 971 949 1056 praepositus
966 978 1093 1034 tenetur
1108 968 1278 1054 diligenter
1292 969 1466 1054 respicere,
1489 965 1574 1052 quod

158 1069 367 1155 competentia
394 1066 516 1131 fercula
537 1071 702 1154 magistris
725 1092 785 1156 pro
808 1092 920 1134 mensa
947 1068 1063 1132 dentur
1092 1079 1122 1133 et
1148 1067 1234 1152 quod
1257 1066 1364 1131 debite
1393 1064 1572 1152 decoquan-
1600 1073 1616 1128 5

159 1181 204 1230 tur
225 1177 256 1230 et
278 1164 523 1231 distribuantur.
566 1168 709 1232 Tenetur
738 1170 833 1234 etiarn
863 1168 1053 1252 aliquotiens
1080 1169 1113 1232 in
1141 1189 1251 1231 mense
1279 1187 1350 1229 cunr
1379 1164 1517 1230 aedituis
1545 1175 1576 1228 et

160 1265 274 1330 aeditui
305 1287 377 1329 eum
404 1267 475 1351 ipso
503 1275 644 1330 tractare
666 1267 705 1331 de
735 1266 929 1332 l'ereulorrmr
957 1267 1111 1352 qualitate
1140 1278 1171 1330 et
1198 1267 1377 1352 quantitate
1405 1275 1436 1328 et
1465 1285 1575 1330 corum

157 1365 408 1430 informationem
438 1367 526 1449 aequi
555 1369 770 1452 praepositus.
812 1367 938 1447 Quare¹
967 1366 1087 1431 aeditui
1116 1367 1207 1430 iuxta
1237 1387 1345 1428 corum
1376 1363 1574 1428 distributio·

156 1466 238 1528 nem²
264 1473 413 1528 tenentur
435 1465 541 1550 ipsum
568 1465 705 1530 fideliter
726 1465 767 1530 de
788 1465 970 1530 huiusmodi
991 1465 1146 1554 qualitate
1166 1477 1197 1529 et
1220 1466 1398 1550 quantitate
1424 1485 1463 1528 ac
1484 1463 1572 1528 atiis³

155 1563 332 1646 informare,
357 1563 478 1627 aeditui
500 1565 608 1646 etiam,
636 1564 794 1630 collectim
818 1564 867 1629 vel
888 1565 1019 1631 divisim
1041 1565 1198 1652 requisiti,
1222 1587 1318 1651 super
1341 1563 1468 1628 defectu
1487 1585 1573 1626 men·
1585 1573 1616 1628 10

156 1685 206 1726 sae
226 1662 276 1726 vel
304 1661 431 1749 collegii
463 1664 608 1728 similiter
631 1667 851 1752 praepositum
879 1663 1016 1728 fideliter
1044 1666 1229 1746 informare,
1258 1673 1292 1728 ut
1313 1662 1498 1728 huiusmodi
1520 1662 1573 1728 de·

155 1763 260 1844 lectus,
283 1763 475 1850 quantocius
497 1773 618 1850 potest,
640 1764 834 1850 emendetur.
874 1763 1017 1829 Tenetur
1038 1765 1135 1828 etiam
1159 1763 1360 1850 praepositus
1382 1761 1464 1827 tales
1487 1761 1573 1826 aedi·

157 1870 222 1925 tuos
244 1862 414 1926 caritative
435 1871 467 1927 et
488 1885 561 1928 curn
583 1865 746 1950 pacientia
766 1865 888 1930 audire.

232 2031 279 2092 411.
308 2045 354 2092 nu
377 2045 569 2094 nnaonrnus
592 2047 841 2096 rraersrnouuu
864 2048 910 2094 ur:
931 2047 1026 2094 novo
1050 2046 1252 2094 counaomu
1274 2047 1498 2095 munnurrun.

231 2161 326 2226 Anno
355 2160 640 2228 dccccxxxv
669 2163 702 2226 in
735 2165 962 2250 praepositura
994 2163 1037 2228 Μ.
1068 2163 1112 2227 Io.
1142 2161 1359 2228 Ermelreiebs
1388 2161 1571 2227 conclusum
1584 2171 1614 2226 15

157 2259 225 2343 l'uit,
253 2259 341 2347 quod
365 2260 500 2346 quilibet
528 2260 568 2326 de
593 2283 677 2326 novo
706 2264 831 2328 intrans
858 2261 1028 2347 collegium
1054 2261 1162 2347 legere
1188 2274 1243 2327 aut
1267 2261 1435 2348 disputare
1457 2261 1574 2325 debeat

158 2361 187 2422 iu
218 2358 387 2442 auditorio,
420 2359 575 2447 quamdiu
606 2384 760 2447 praesens
792 2361 888 2426 fuerit
922 2363 954 2426 in
987 2361 1132 2448 collegio,
1165 2363 1227 2426 nisi
1259 2363 1293 2426 in
1325 2360 1390 2425 alia
1420 2361 1573 2425 facultate

157 2459 284 2544 legeret,
316 2470 372 2523 aut
403 2461 491 2524 senio
522 2469 577 2524 aut
604 2462 720 2525 virium
750 2461 915 2526 debilitate
948 2471 1152 2547 gravaretur,
1183 2471 1238 2526 aut
1267 2460 1349 2524 alias
1379 2469 1575 2547 competeret

160 2559 258 2644 legere
279 2582 344 2624 non
366 2561 487 2645 pessel,
511 2559 571 2624 sub
586 2581 691 2646 poena
713 2562 875 2625 carentiae
896 2563 1055 2649 portionis
1078 2583 1164 2642 suae,
1184 2583 1350 2648 quousque
1371 2559 1431 2624 hoe
1453 2561 1573 2624 l'ecerit.

542 2735 592 2792 511.
616 2744 661 2790 us
684 2745 836 2794 ruauuro
858 2745 942 2794 uovr
964 2745 1184 2792 oonauomrr.
1582 2735 1616 2791 20

233 2858 312 2921 Item
335 2856 520 2921 conclusum
542 2857 610 2940 fuit,
631 2859 719 2943 quod
741 2858 875 2945 quilibet
896 2859 936 2924 de
957 2883 1042 2925 novo
1062 2861 1187 2925 intrans
1210 2860 1379 2946 collegium
1403 2859 1573 2948 prandium

162 2977 245 3019 suum
266 2979 325 3042 pro
348 2954 483 3039 collegio
504 2955 583 3022 dare
607 2957 704 3022 debet
725 2957 811 3022 infra
833 2961 971 3044 primunr
992 2983 1133 3024 mensem
1157 2962 1206 3024 sui
1229 2962 1379 3025 introitus
1395 2959 1454 3024 sub
1470 2981 1574 3046 poena

160 3059 314 3119 carentiae
336 3057 494 3142 portionis
517 3078 604 3122 suae.

358 3229 408 3290 51.
431 3239 562 3287 suusne
586 3239 720 3298 rusque
742 3241 1026 3290 rroarussorueus
1047 3243 1118 3290 uon
1142 3243 1281 3290 nusuur
1303 3245 1438 3292 nocam.

233 3356 313 3419 Item
334 3354 448 3419 codem
469 3377 552 3420 anno
574 3356 608 3418 in
629 3357 770 3420 crastino
792 3359 895 3420 saneti
908 3355 1050 3423 ¹Martini
1074 3358 1260 3422 conclusum
1287 3360 1359 3435 fuit,
1387 3357 1474 3445 qnod
1497 3357 1613 3422 bur-25

159 3476 209 3518 sae
231 3453 357 3540 collegii
380 3452 503 3538 absque
524 3452 768 3518 fideiussoribus
791 3453 870 3518 nulli
892 3453 1047 3522 deberent
1067 3457 1180 3522 locari.

715 3657 910 3666 1-—....--0-—
923 3660 1047 3668 -—-—-

234 3809 389 3867 Hieraaclr
419 3809 562 3886 springen
591 3809 637 3868 die
659 3810 920 3887 ll'ieclersclrr'flen
950 3814 1076 3890 sopler'clr
1103 3819 1164 3890 aus
1186 3817 1242 3872 dos
1270 3815 1351 3873 Jolrr
1382 3816 1457 3876 1147
1486 3811 1575 3881 iiber,-

161 3908 302 3966 uatr'r'rlr'clr
326 3907 396 3966 sind
416 3909 463 3966 die
485 3908 733 3986 clapereiclmetea
750 3911 927 3970 Beaclltr‘sse
941 3919 1054 3988 fortan
1074 3935 1133 3972 aar
1155 3935 1210 3972 ron
1232 3915 1504 3991 rortr'berqelrcodcr
1517 3917 1572 3972 Bc·

161 4009 290 4084 dcataay,
318 4009 358 4065 cla
380 4009 533 4066 natdrls'clr
561 4009 735 4085 diejeaiyen,
766 4011 871 4068 welche
899 4015 1113 4072 statutarr'sclre
1134 4017 1308 4091 Redeataap
1329 4015 1439 4086 hatten,
1462 4019 1574 4088 sartan

161 4107 188 4163 in
214 4109 267 4165 das
291 4107 369 4169 1439
397 4109 547 4184 anpeaqre
576 4107 788 4168 Statoteabuclr
816 4110 1007 4188 einpetruyea
1033 4115 1163 4172 cardea.
1203 4115 1287 4172 Doclr
1307 4115 1414 4192 finden
1440 4115 1502 4172 sict
1530 4113 1615 4174 betto

165 4207 247 4282 Voqel
266 4207 343 4264 ancli
365 4213 470 4281 spc'iter
488 4209 561 4266 noel
582 4211 643 4282 aas
664 4209 876 4284 einpclrestatea
898 4213 1038 4269 Bllr'ttern
1061 4215 1133 4269 oder
1154 4215 1229 4271 auclr
1249 4212 1391 4271 :wiselen
1415 4215 1471 4272 den
1493 4213 1573 4270 abri-

156 4325 206 4378 pea
227 4305 453 4380 Mittlrer'laapen
475 4307 611 4380 Notizrn,
638 4307 685 4365 die
706 4309 737 4366 ia
758 4309 804 4368 die
826 4309 892 4368 Zeit
912 4329 967 4367 vor
993 4313 1069 4376 1139
1089 4312 1227 4387 peliirea.
1268 4313 1321 4370 lca
1343 4321 1428 4388 trapa
1448 4314 1490 4371 sic
1510 4313 1574 4371 llier

158 4405 330 4480 rollstc'iadip
351 4407 437 4475 nael,
459 4425 507 4462 um
528 4426 586 4464 von
610 4409 674 4464 dem
696 4407 739 4465 bia
760 4429 824 4466 zum
844 4409 942 4467 Jatre
965 4411 1043 4472 1139
1065 4411 1328 4486 Auspezeiellneton
1347 4413 1443 4470 nicta
1466 4433 1572 4470 austa-

157 4506 259 4562 Iossea.
302 4504 361 4561 Die
382 4504 643 4581 Aafzeiclmanpea
665 4507 719 4564 seit
746 4511 822 4572 1139
836 4507 943 4586 ‘finden
965 4531 1013 4568 am
1030 4511 1230 4585 passendstea
1250 4511 1335 4570 ibren
1350 4513 1438 4570 Platz
1459 4513 1573 4572 indens

158 4605 267 4681 Itaade,
295 4605 349 4662 der
375 4603 422 4661 die
447 4604 693 4679 pescliclrtlictea
725 4609 850 4672 Qaellea
878 4610 1028 4668 eatbaltea
1051 4609 1137 4670 wr'rd.
1181 4613 1224 4668 Es
1246 4612 1316 4670 sind
1338 4611 1370 4670 ia
1391 4613 1494 4687 Vopala
1515 4612 1614 4674 All-35

158 4702 258 4776 srlm'st
279 4711 354 4759 etwa
377 4703 396 4764 9
416 4703 621 4768 Foliobla'tter.

237 4869 245 4917 t
268 4863 456 4921 Gasehriebeu
472 4865 547 4920 steht
559 4867 720 4936 praepositi
734 4885 824 4938 pram.
857 4867 1005 4924 Viellaicht
1023 4869 1138 4940 ipsaque,
1158 4871 1213 4942 vgl.
1230 4879 1317 4928 unten
1337 4875 1392 4938 1111,
1409 4873 1449 4924 35.

235 4945 413 5018 2Ricbtiger
429 4947 501 5003 wohl
520 4949 717 5016 numerosas,
735 4952 792 5024 vgl.
812 4957 895 5007 uuten
915 4957 970 5020 lar,
988 4959 1027 5009 35.

235 5037 249 5087 3
268 5030 410 5087 Hiemaeh
428 5033 464 5086 ist
473 5033 597 5101 fideliter
613 5033 780 5091 wiederholt.

234 5121 249 5172 1
268 5115 455 5175 Gaachriebeu
472 5117 546 5173 steht
560 5125 661 5190 posset.
