3788 6078
610 489 823 554 Bestimmuagen
841 503 889 539 aas
906 489 966 539 dam
982 489 1064 540 Jahrc
1083 489 1156 542 1555.
1530 497 1591 560 625

178 673 245 740 suis
267 670 434 738 laboribus
456 693 498 737 ex
518 695 581 739 uno
605 633 751 760 promoto
773 693 832 760 pro
856 693 891 738 se
912 671 1160 738 emolumentum
1181 673 1343 760 integrum
1366 675 1512 740 retincat.
1555 675 1590 741 Si

176 795 253 838 vero
265 771 374 859 plures
391 772 520 854 fuerint,
542 775 598 860 qui
618 779 857 860 promoventur,
878 781 954 836 tunc
974 770 1189 836 emolumenta
1209 772 1405 861 reliquorum
1425 775 1459 838 in
1482 797 1591 840 omnes

180 871 328 939 doctores
349 869 390 936 de
410 871 544 938 consilio
567 867 630 959 [24]
652 871 832 954 facultatis,
854 894 875 936 a
893 892 957 959 quo
980 893 1112 936 numero
1134 883 1298 958 promotor
1319 872 1407 939 haud
1428 873 1591 938 secluden-

177 971 255 1054 dus,
283 971 461 1059 aequaliter
488 968 742 1054 distribuantur,
772 979 808 1037 ut
844 979 1025 1059 promotor,
1055 993 1097 1036 ex
1128 969 1261 1056 reliquie
1296 973 1393 1038 ctiam
1428 974 1592 1060 particeps

176 1072 290 1154 factus,
312 1092 372 1158 pro
394 1067 506 1136 labore
527 1093 608 1158 prae
628 1070 763 1136 cacteris
785 1069 857 1156 plus
878 1068 1009 1136 babeat.
1617 1083 1634 1138 5

259 1169 314 1235 Sic
336 1193 356 1234 a
376 1179 631 1258 compromotore
657 1171 691 1234 in
716 1171 919 1256 promotione
940 1170 1127 1236 doctoratus
1153 1168 1224 1234 fieri
1252 1167 1363 1255 debet,
1384 1181 1421 1237 ut
1446 1194 1591 1260 compro·

177 1277 280 1336 motor
300 1291 361 1356 pro
382 1270 449 1334 suis
470 1268 638 1336 laboribus
666 1291 707 1334 cx
735 1291 798 1334 uno
827 1292 888 1357 pro
917 1291 951 1334 se
983 1268 1232 1336 emolumentum
1261 1268 1313 1334 vel
1341 1280 1466 1357 partem
1497 1296 1593 1338 unam

177 1369 351 1455 integram,
374 1391 491 1456 nempe
511 1391 570 1435 sex
591 1369 746 1452 florenos,
768 1369 920 1453 retineat3
941 1372 969 1434 si
989 1391 1066 1435 vero
1088 1367 1198 1457 plures
1219 1368 1346 1452 luerint,
1368 1380 1444 1436 tunc
1465 1394 1591 1458 promo-

176 1469 319 1533 ventium
346 1467 543 1554 reliquorum
572 1468 786 1536 emolumenta
817 1469 852 1533 in
881 1467 1021 1557 reliquos
1055 1467 1202 1534 doctores
1248 1490 1357 1534 omnes
1386 1469 1426 1534 de
1458 1471 1592 1538 consilio

176 1567 348 1649 facultatis,
369 1568 457 1634 nullo
479 1577 626 1657 excepto,
647 1566 824 1658 aequaliter
847 1567 1091 1650 distribuantur,
1112 1569 1159 1633 ita
1179 1577 1215 1634 ut
1234 1579 1470 1656 compromotor
1491 1572 1589 1637 etiam
1603 1582 1634 1637 10

180 1665 220 1731 de
241 1666 373 1755 reliquis
394 1669 559 1756 particeps
581 1669 655 1752 fiat,
677 1677 711 1734 et
737 1669 785 1733 sic
811 1690 871 1755 pro
891 1667 1004 1735 labore
1024 1676 1061 1734 ut
1081 1676 1318 1755 compromotor
1336 1691 1426 1755 prae
1457 1672 1593 1738 rastede

179 1774 253 1854 post
274 1765 430 1832 decanum
449 1767 522 1855 plus
541 1767 669 1834 habeat.

528 1953 570 2018 X.
599 1949 644 2040 [S.
660 1948 712 2038 25]
741 1969 787 2017 oa
810 1968 970 2018 consano
992 1968 1060 2018 rso
1082 1968 1241 2018 uxraars.

262 2100 343 2167 Cum
364 2103 484 2187 petitur
506 2102 674 2168 consilium
696 2125 717 2168 a
740 2101 894 2169 facultate
915 2101 1042 2167 medica
1063 2099 1106 2167 ab
1127 2101 1247 2198 exteris
1269 2099 1462 2184 hominibus,
1485 2101 1592 2168 decre·

177 2209 245 2265 tum
267 2209 329 2283 est,
355 2210 391 2266 ut
419 2199 560 2266 decanus
589 2201 751 2268 facultatis
782 2203 973 2267 sententiam
1000 2199 1125 2268 consilii
1151 2200 1253 2266 literis
1280 2203 1442 2289 concipiat
1463 2211 1494 2266 et
1518 2224 1591 2268 con·
1604 2213 1634 2267 15

179 2301 332 2386 scriptam
354 2301 561 2384 transmittat,
584 2323 623 2367 ac
643 2325 704 2389 pro
725 2301 836 2368 labore
854 2300 1004 2388 duplum¹
1028 2299 1186 2366 mercedis
1208 2303 1357 2388 accipiat.

323 2483 380 2549 Xl.
407 2502 548 2550 FAMULO
571 2502 832 2552 uuwsusmms
852 2501 920 2551 PRO
944 2501 1057 2550 OPERA
1078 2500 1291 2550 conmanunt
1313 2501 1451 2551 GENSUS.

263 2634 399 2700 Famulc
421 2636 641 2701 universitatis
663 2659 723 2724 pro
746 2659 846 2725 opera
873 2634 1044 2722 colligendi
1067 2656 1182 2700 census
1205 2633 1348 2700 decrevit
1374 2632 1527 2719 facultas,
1549 2634 1596 2702 illi

180 2731 291 2798 deberi
315 2757 441 2822 semper
463 2735 506 2800 ad
526 2735 613 2802 diem
634 2735 774 2802 natalem
795 2735 917 2802 Christi
936 2758 977 2801 ex
997 2736 1124 2801 aerario
1147 2757 1244 2800 unum
1264 2733 1428 2800 florenum.

179 2907 321 2916 .-.-...--.

266 3005 275 3054 1
297 3001 395 3071 Spitter
415 3001 452 3055 ist
474 3001 577 3058 daraus
600 3000 730 3074 gemacht
751 3003 871 3072 triplam.
906 3002 951 3056 An
975 3002 1029 3056 den
1046 2999 1125 3055 Rand
1147 2999 1184 3053 ist
1204 2997 1396 3070 geachrieben,
1413 3000 1479 3054 aber
1496 3001 1596 3057 wieder

181 3084 399 3157 ausgestrichen:
425 3086 584 3157 Iom'rperiti
598 3085 695 3142 babent
710 3087 855 3140 dimidium
872 3086 978 3153 interni.

253 5271 467 5308 srarurtssuon
485 5273 541 5308 BER
560 5273 630 5310 univ.
648 5271 766 5308 nauata.
