3758 6072
829 461 880 512 Dte
898 459 1118 524 philosophiam·
1135 460 1263 512 ΜΝ.

754 683 781 742 7.
803 695 850 743 on
873 691 973 742 uoco
995 692 1170 742 souvsrm
1190 692 1337 742 esssuu.

892 813 1062 876 vgt.v1,o.
1081 811 1155 872 vui
1174 812 1200 864 s

415 928 498 994 Item
519 927 649 994 videtur
675 928 841 1014 magistris
863 925 904 994 de
925 926 1061 993 consilio
1088 925 1254 993 facultatis
1281 949 1342 1015 pro
1370 927 1515 994 eiusdem
1541 923 1678 991 utilitate
1701 947 1746 992 ex·

335 1026 459 1116 pedire,
484 1028 571 1115 quod
591 1035 705 1115 pastus
734 1048 791 1092 seu
813 1025 979 1092 sallarium
1001 1049 1061 1116 pro
1083 1025 1275 1094 lectionibus
1296 1037 1329 1092 et
1350 1027 1521 1093 exerciciis
1543 1026 1668 1113 integre
1687 1048 1747 1113 per·

293 1135 310 1193 5
337 1127 481 1194 solvatur
513 1125 689 1192 secundum
714 1125 845 1192 medum
869 1125 982 1192 talem:
1025 1126 1112 1215 quod
1143 1124 1279 1215 quilibet
1305 1125 1545 1215 promovendus
1573 1126 1609 1190 in
1636 1123 1748 1191 mtibus

337 1227 546 1294 effectualiter
558 1249 618 1314 per
628 1229 818 1314 peccuniam
840 1237 896 1292 aut
916 1229 1035 1314 pignus
1056 1225 1237 1292 sufficiens¹
1259 1235 1333 1314 post
1352 1227 1569 1313 inceptionem
1590 1224 1749 1290 lectionum

335 1337 368 1394 et
388 1329 622 1394 exerciciorum
642 1326 728 1391 infra
748 1347 900 1409 mensem,
928 1349 988 1414 pro
1007 1326 1112 1413 gradu
1137 1347 1197 1414 per
1218 1347 1291 1391 eum
1312 1325 1524 1409 auditorum²,
1553 1323 1652 1390 debet
1670 1333 1749 1390 taxe

337 1426 462 1494 toribus
489 1426 653 1493 facultatis
682 1427 775 1491 iuxta
803 1435 916 1490 taxam
937 1449 957 1490 a
978 1424 1130 1491 faeniltate
1156 1426 1298 1514 positam
1320 1449 1379 1514 pro
1402 1425 1526 1491 eisdem
1555 1424 1750 1508 satisfecisse,

335 1527 397 1595 sub
418 1550 524 1617 poena
551 1549 615 1592 non
644 1526 894 1612 computationis
920 1527 1013 1591 istius
1033 1525 1181 1593 lectionis
1203 1526 1257 1592 vel
1286 1527 1448 1592 exercicii
1491 1523 1636 1590 Tenetur
1654 1535 1750 1590 tamen

296 1627 414 1694 totalis
435 1627 661 1693 nichilominus
683 1625 839 1711 magistro
860 1624 980 1711 legenti
1001 1635 1057 1690 aut
1078 1623 1256 1711 disputanti
1277 1624 1423 1713 plenarie
1450 1624 1650 1708 satisfacere,
1680 1623 1750 1690 alias

334 1727 377 1792 ad
399 1751 538 1793 examen
560 1725 612 1792 vel
640 1733 837 1812 temptamen
859 1747 1061 1813 nequaquam
1083 1723 1285 1809 admittatur,
1313 1725 1361 1790 sic
1382 1723 1469 1812 quod
1487 1746 1550 1812 pro
1571 1722 1750 1790 lectionibus

334 1836 368 1893 et
396 1827 576 1910 exerciciis,
604 1827 632 1891 si
661 1823 753 1890 dives
780 1825 886 1907 fucrit,
915 1823 1039 1888 scilicet
1067 1823 1255 1890 domicellus
1282 1823 1420 1890 alicuius
1448 1825 1600 1910 magistri
1627 1833 1682 1889 aut
1706 1823 1751 1888 hic

335 1927 402 1993 suis
422 1927 566 2015 propriis
587 1935 644 1991 aut
664 1933 837 2012 parentum
858 1945 988 1989 suorum
1009 1923 1061 1989 vel
1089 1927 1269 1991 amicorum
1292 1933 1348 1990 aut
1374 1923 1511 1990 aliorum
1537 1921 1707 2011 stipendiis
1726 1932 1752 1986 et

335 2027 488 2114 expensis
518 2025 661 2092 militans
689 2047 747 2090 seu
774 2023 919 2107 studens,
951 2022 1057 2090 solvat
1082 2033 1182 2090 totum
1214 2023 1390 2090 secundum
1421 2033 1534 2088 taxam
1564 2046 1585 2087 a
1612 2023 1752 2089 facultate

295 2125 473 2211 ttfactam3
503 2127 629 2192 sivero
652 2126 686 2189 in
705 2132 798 2211 parte
817 2121 869 2188 vel
890 2123 924 2187 in
946 2132 1013 2189 toto
1034 2145 1069 2188 se
1091 2147 1222 2188 suarum
1243 2123 1410 2190 laboribus
1432 2145 1587 2188 manuum
1615 2131 1671 2189 aut
1696 2145 1751 2188 ser·

335 2226 429 2290 viciis
457 2227 558 2292 nutrit
579 2234 611 2290 et
637 2232 806 2306 sustentat,
834 2244 894 2310 pro
920 2220 1113 2288 lectionibus
1143 2233 1253 2306 totum,
1284 2222 1342 2288 sed
1368 2244 1429 2311 pro
1455 2223 1628 2287 exerciciis
1657 2221 1751 2288 solvat

335 2323 512 2391 secundum
535 2323 660 2413 quoda
682 2320 887 2389 taxatoribus
910 2321 1007 2386 fucrit
1028 2331 1193 2406 taxauim3
1222 2324 1250 2388 si
1271 2345 1350 2388 vcro
1371 2323 1500 2388 omnino
1522 2315 1659 2410 paupir‚
1680 2319 1752 2386 redi·

336 2447 424 2491 mere
452 2428 612 2512 signetum
640 2423 755 2488 decani
781 2444 846 2488 non
867 2421 995 2504 valens,
1023 2422 1136 2504 fuerit,
1165 2421 1207 2487 de
1234 2443 1297 2510 quo
1326 2431 1477 2487 constare
1503 2423 1638 2509 poterit,
1666 2421 1753 2486 nichil

334 2523 448 2592 solvat.

290 2667 325 2724 te
551 2661 581 2726 8.
603 2673 665 2736 cm
683 2673 778 2722 umas
798 2671 954 2722 ressone
975 2671 1096 2720 numm
1119 2669 1188 2720 rso
1212 2671 1338 2720 rancis
1358 2671 1544 2722 esemona.

965 2789 1026 2852 vgt.
1046 2789 1093 2854 vr,
1110 2791 1135 2842 ⁵.

415 2908 497 2975 Item
519 2905 655 2996 quilibet
675 2904 788 2971 volens
809 2903 922 2970 audire
943 2902 1044 2970 libros
1067 2903 1110 2970 ad
1130 2903 1280 2991 gradum,
1302 2903 1407 2971 solum
1428 2903 1543 2972 audire
1565 2903 1663 2972 debet
1682 2904 1753 2970 duas

331 3006 486 3074 lectiones
514 3008 548 3072 in
579 3004 632 3070 die
661 3005 702 3070 de
731 3003 825 3072 libris
855 3004 898 3070 ad
926 3004 1059 3090 gradus,
1088 3014 1121 3070 et
1149 3025 1216 3070 non
1245 3005 1366 3091 poterit
1394 3005 1509 3072 audire
1536 3005 1679 3094 aliquam
1701 3027 1752 3092 pro

333 3108 444 3190 tercia,
466 3108 531 3173 nisi
550 3107 754 3172 Priscianum
775 3107 932 3171 minorem
951 3114 983 3170 et
1003 3105 1133 3192 loycam
1155 3103 1308 3170 Heissbri
1328 3113 1386 3170 aut
1407 3105 1655 3190 rethoricorum,
1681 3125 1753 3192 quae

290 3217 383 3275 esest
405 3229 610 3274 concurrens.

730 3343 760 3406 9.
780 3357 828 3406 os
850 3357 1016 3406 nauseas
1036 3353 1366 3405 suouovsrmosuu.

951 3475 1012 3538 νει.
1028 3473 1102 3536 vus
1119 3475 1146 3526 s.

413 3595 495 3660 Item
516 3591 624 3658 nullus
647 3590 743 3657 debet
770 3589 897 3656 admitti
924 3589 967 3654 ad
994 3610 1132 3654 examen
1157 3587 1407 3672 baccalariatus‚
1436 3589 1493 3678 qui
1520 3589 1612 3678 prius
1640 3592 1673 3658 in
1698 3588 1754 3656 alia

332 3695 545 3760 universitate
566 3687 651 3780 [18¹³]
673 3713 738 3755 non
765 3693 862 3774 stetit,
890 3691 954 3754 nisi
975 3687 1126 3754 adminus
1146 3690 1180 3752 in
1206 3689 1269 3754 ista
1290 3689 1503 3754 universitate
1525 3693 1652 3756 steterit
1671 3689 1753 3776 quasi

291 3795 376 3861 ³0ad
402 3793 539 3858 alterum
566 3789 734 3856 dimidium
761 3813 892 3872 annum,
922 3800 954 3854 et
973 3788 1035 3854 hoc
1053 3779 1177 3878 ‘quasi’
1204 3810 1270 3853 non
1292 3787 1466 3854 diminuet³
1494 3787 1683 3879 plusquam
1703 3810 1753 3854 sex

334 3895 542 3982 septimanas.
584 3890 631 3955 Et
659 3888 766 3956 nullus
797 3890 931 3954 veniens
960 3889 1001 3955 de
1035 3888 1100 3953 alia
1130 3889 1344 3954 universitate
1377 3891 1563 3976 promoveri
1596 3888 1689 3955 debet
1716 3885 1751 3952 ad

334 3991 471 4081 gradum
482 3988 731 4072 baccalariatus,
755 3990 818 4054 nisi
841 3990 934 4076 prius
947 3989 1075 4053 steterit
1096 3989 1129 4052 in
1152 3988 1216 4052 ista
1238 3989 1450 4054 universitate
1471 3989 1613 4056 medium
1635 4011 1750 4068 annum,

334 4102 366 4158 et
386 4089 558 4156 dummodo
582 4089 775 4155 sufficientes
797 4089 1043 4154 informationes
1068 4089 1184 4153 fecerit
1205 4087 1246 4154 de
1265 4087 1431 4154 auditione
1458 4087 1617 4156 librorum
1638 4090 1671 4153 in
1695 4087 1750 4152 alis

334 4190 553 4259 universitate.

292 4335 326 4394 ³5
659 4330 706 4392 ¹0.
729 4339 776 4388 oa
798 4338 1092 4389 nusronssonmus
1113 4319 1440 4388 rnonovsnooiun.

893 4459 954 4523 vn.
973 4459 1020 4518 vr,
1038 4459 1062 4510 s.
1079 4459 1151 4520 vm,
1171 4457 1196 4509 e.

419 4575 501 4641 Item
522 4571 629 4639 nullus
651 4572 748 4640 debet
769 4573 897 4640 admitti
920 4573 964 4638 ad
985 4595 1122 4638 examen
1144 4571 1196 4637 vel
1218 4571 1261 4639 ad
1280 4583 1480 4661 temptamen
1500 4574 1535 4639 in
1556 4573 1677 4640 mtibus
1696 4592 1747 4660 pro

336 4675 442 4766 gradu
473 4672 712 4740 baccaleriatus
741 4685 799 4740 aut
828 4673 1024 4760 magisterii,
1056 4673 1122 4736 nisi
1159 4675 1265 4738 sexies
1297 4672 1505 4761 responderit
1537 4673 1694 4741 ordinarie
1722 4679 1747 4734 et

335 4779 460 4845 tociens
481 4771 749 4858 extraordinarie,
777 4775 824 4838 ita
846 4772 933 4860 quod
954 4769 1089 4861 quilibet
1111 4770 1353 4858 magistrandus
1374 4773 1523 4840 adminus
1546 4783 1666 4863 quater,
1683 4770 1747 4836 bae·

417 4983 428 5034 1
448 4973 502 5030 Die
519 4973 619 5029 wortc
635 4977 685 5024 mu
696 4972 800 5042 pipam
815 4973 955 5046 maffia-iens
972 4969 1033 5026 sind
1053 4973 1147 5041 spliter
1163 4970 1399 5043 eingeltlammert.

416 5065 430 5113 2
450 5059 559 5130 Wegen
577 5056 627 5110 der
645 5053 832 5112 aufiallenden
850 5055 1053 5124 Wortatellung
1074 5054 1129 5126 vgl.
1147 5055 1218 5112 oben
1237 5057 1287 5126 VI,
1306 5061 1322 5112 t
1338 5074 1365 5112 u
1382 5055 1503 5126 v111,4.

414 5149 430 5202 ³
447 5143 548 5214 Spiiter
564 5140 603 5196 ist
620 5140 753 5196 diminuet
767 5142 798 5197 in
814 5143 943 5198 &minuit
961 5139 1102 5210 genuere
