3788 6078
296 442 357 506 ⁰24
809 441 858 492 ors
878 441 1063 490 madiciuiaebe
1080 439 1207 492 Facnlffl.

301 617 492 684 doctoresve
513 618 727 707 appellentur,
753 643 864 688 eorum
884 621 1104 708 unusquisqne
1130 617 1278 708 publicos
1303 620 1469 686 ministros
1498 621 1719 686 universitatis

300 729 430 784 nostrae
446 727 502 782 aut
523 719 786 786 convenientibus
807 720 950 786 vestibus
973 719 1117 803 donabit,
1138 731 1203 802 aut,
1224 720 1251 784 si
1273 720 1454 805 pecuniam,
1476 729 1514 784 ut
1531 722 1597 808 ipsi
1616 733 1719 786 vates

303 827 507 904 comparent,
540 816 619 882 dare
657 818 820 902 maluerit,
858 842 922 884 non
959 819 1082 898 minus,
1118 842 1216 908 quam
1252 827 1405 906 quantum
1439 817 1548 884 florini
1581 821 1721 908 quinque

301 939 452 983 recenses
476 915 622 1000 valeant,
651 916 715 982 illis
742 929 898 984 numeret.
949 918 1017 1004 Ipsi
1038 930 1151 984 contra
1171 919 1311 984 ministri
1337 916 1459 1004 publici
1480 917 1667 984 cathedram
1688 931 1720 984 et

258 1027 274 1082 5
302 1015 455 1082 subsellia
477 1016 544 1081 suis
564 1017 723 1082 sumtibus
744 1017 890 1104 diligenti
912 1040 1012 1104 opera
1034 1029 1184 1084 extruere
1203 1031 1235 1082 et
1255 1039 1415 1082 exornare
1436 1016 1609 1083 debebunt.

388 1114 453 1181 Sed
482 1139 554 1182 cum
581 1125 716 1204 propter
745 1115 914 1204 praedicta
942 1117 1100 1182 dimensio
1122 1127 1237 1182 exorta
1261 1125 1362 1198 meet,
1383 1139 1459 1182 num
1482 1139 1542 1204 per
1564 1118 1719 1182 florenum

301 1237 468 1281 reneusem
485 1237 601 1280 aureus
619 1217 655 1281 in
671 1227 799 1281 moneta
814 1216 1033 1282 numerandus
1055 1217 1106 1298 sit,
1129 1226 1161 1281 et
1181 1239 1254 1280 cum
1274 1217 1443 1302 iureperiti
1462 1238 1578 1280 surum
1591 1213 1655 1304 [20]
1670 1217 1719 1282 rel

304 1313 446 1380 valorem
469 1315 540 1378 auri
561 1325 749 1398 numerant,
777 1313 941 1382 decretum
968 1324 1032 1398 est,
1062 1326 1094 1379 ct
1123 1314 1183 1380 hoc
1210 1313 1403 1380 famulorum
1430 1335 1608 1397 consensu,
1633 1315 1719 1403 quod

306 1413 442 1501 posthac
463 1415 497 1479 in
518 1412 644 1478 medica
665 1415 866 1501 promotione
887 1413 1007 1480 talarus
1028 1436 1089 1501 pro
1111 1414 1232 1480 floreno
1254 1417 1287 1478 in
1309 1436 1390 1480 auro
1410 1417 1573 1480 numerari
1596 1415 1719 1480 debeat

263 1571 294 1626 to
634 1563 722 1630 VlIL
746 1561 855 1652 [801]
883 1581 929 1628 oa
951 1579 1208 1630 nrsrursmons
1230 1580 1388 1628 ruamus.

385 1678 529 1746 Decreta
547 1703 603 1746 seu
625 1683 862 1768 propositiones
890 1679 1164 1769 disputationum,
1191 1682 1380 1768 priusquam
1410 1679 1502 1768 prelo
1530 1679 1717 1762 subdantur,

304 1776 346 1842 ad
368 1800 535 1844 censuram
559 1779 673 1844 decani
695 1780 886 1844 referantur.

384 1875 516 1942 Eidcm¹
538 1891 609 1944 octo
628 1878 697 1944 dies
712 1891 786 1943 ante
806 1877 1055 1968 disputationem
1078 1876 1263 1944 doctoribus
1285 1887 1316 1942 et
1336 1875 1516 1943 scolasticis
1536 1901 1596 1967 per
1616 1879 1717 1943 farnu-

303 1976 352 2041 los
381 1979 601 2042 universitatis
623 1976 858 2042 distribuantur
886 1989 917 2042 et
937 1977 1096 2043 theatrum
1126 1977 1167 2042 ab
1198 1979 1280 2064 ipsis
1308 1987 1506 2063 expurgetur
1533 1999 1573 2042 ac
1601 1977 1718 2063 tapetis

263 2073 477 2141 tiadornetur
499 2089 531 2141 et
550 2087 617 2142 toto
640 2077 869 2164 disputationis
892 2089 1036 2164 tempore
1058 2099 1116 2142 suo
1139 2076 1244 2142 officio
1264 2087 1385 2140 attente
1405 2077 1592 2163 fungantur.

386 2174 576 2262 Quicunque
604 2175 767 2242 scolastici
792 2175 844 2240 vel
873 2176 1077 2241 baccalaurei
1106 2174 1216 2241 titulos
1246 2174 1402 2240 honorum
1432 2176 1517 2240 ferre
1543 2175 1632 2262 apud
1660 2196 1718 2238 nos

307 2277 451 2364 cupiunt,
472 2297 623 2341 unacum
640 2275 791 2362 praeside
812 2274 854 2340 ab
874 2276 966 2339 initio
986 2275 1028 2340 ad
1050 2285 1246 2362 postremum
1270 2297 1370 2360 usque
1392 2273 1604 2361 disputationi
1624 2277 1718 2338 inter·

306 2377 380 2458 sint,
400 2398 441 2440 ne
454 2397 588 2462 praeses
604 2373 718 2440 surdos
731 2376 872 2462 parietes
890 2375 986 2438 ferire
1004 2373 1153 2439 videatur
1175 2386 1206 2440 et
1228 2395 1269 2438 ne
1290 2376 1337 2439 sic
1359 2374 1602 2440 scolasticorum
1625 2371 1721 2459 culpa

305 2473 493 2560 disputandi
514 2496 629 2538 munus
651 2485 790 2540 corruat.

263 2581 297 2638 20
323 2563 327 2570 ’
386 2571 530 2638 Studiosi
551 2571 730 2637 medicinae
750 2575 834 2636 inter
861 2571 1091 2658 disputandum
1122 2585 1208 2638 certo
1234 2571 1306 2638 loco
1336 2573 1470 2638 sedeant
1490 2573 1524 2637 in
1547 2583 1720 2660 conspectu

303 2675 461 2754 omnium,
485 2672 542 2736 sed
564 2671 761 2736 medicorum
782 2672 948 2758 inprimis,
970 2683 1022 2752 ut,
1045 2693 1143 2758 quam
1170 2674 1276 2758 parati
1303 2683 1335 2736 et
1362 2673 1509 2736 instructi
1539 2671 1583 2736 ad
1610 2672 1720 2759 dispu-

307 2773 462 2836 tationem
486 2775 617 2836 veniant
643 2783 675 2835 et
701 2783 855 2857 quantum
885 2771 1100 2857 profecerint,
1131 2785 1188 2835 aut
1221 2792 1286 2858 qua
1320 2772 1449 2836 omnino
1473 2792 1533 2858 spe
1553 2783 1721 2834 versentur

307 2866 372 2957 [22]
392 2871 426 2935 iu
446 2869 509 2935 hac
530 2869 650 2952 schola,
675 2869 797 2957 liquido
822 2871 973 2956 cognosci
995 2881 1026 2932 ct
1045 2868 1184 2934 iudicari
1204 2871 1316 2957 possit.

384 2969 458 3035 Hoc
478 2969 642 3034 decretum
663 2971 691 3033 si
712 2971 784 3055 quis
805 2971 1033 3056 contempserit
1062 2981 1094 3032 et
1118 2971 1225 3034 facere
1255 2967 1450 3054 neglexerit,
1477 2969 1507 3032 is
1528 2990 1590 3033 nec
1612 2967 1721 3055 dispu-

261 3072 404 3138 totantis
425 3071 604 3157 praemium
624 3071 706 3133 feret
727 3089 787 3133 nec
807 3067 850 3133 ad
872 3067 1027 3134 honorum
1048 3069 1220 3154 petitiones
1239 3067 1435 3134 admittatur.

388 3167 586 3234 Scolasticus
607 3166 651 3232 ad
673 3167 938 3232 baccalaureatus
965 3167 1104 3254 gradum
1132 3189 1195 3232 non
1224 3166 1427 3248 admittatur,
1456 3167 1521 3230 nisi
1552 3168 1661 3232 sexies
1681 3166 1723 3231 ad

308 3269 475 3336 minimum
504 3269 538 3332 in
566 3266 840 3355 disputationibus
867 3268 1058 3354 apparuerit
1085 3289 1140 3350 ac,
1168 3287 1241 3332 cum
1269 3265 1364 3331 datur
1385 3268 1497 3353 copia,
1525 3268 1599 3353 ipse
1629 3269 1724 3330 etiarn

307 3369 531 3456 disputaverit

386 3467 443 3532 Sic
453 3469 550 3532 etiam
566 3469 725 3532 sancitum
737 3478 796 3549 est,
816 3487 856 3531 ne
868 3467 921 3532 cui
937 3465 1149 3532 baccalaureo
1160 3463 1291 3530 licentia
1301 3462 1442 3530 adcundi
1460 3463 1504 3528 ad
1527 3462 1724 3530 doctoralem

264 3566 540 3636 usubtmitatem
566 3568 766 3648 conferatur,
793 3567 857 3631 nisi
883 3565 995 3630 itidem
1025 3567 1131 3630 sexies
1161 3587 1203 3629 ex
1229 3563 1355 3628 medica
1384 3563 1462 3628 sella
1489 3565 1592 3640 (siin
1615 3565 1724 3650 spacio

308 3689 424 3754 nempe
443 3665 665 3753 completionis
685 3675 733 3730 tot
754 3663 989 3752 disputationes
1010 3664 1192 3730 celebratae
1213 3665 1345 3740 tuerint)
1367 3661 1594 3749 disputaverit

390 3767 542 3832 Dccanus
557 3764 598 3829 de
616 3763 751 3850 singolis
768 3763 1041 3852 disputationibus
1058 3763 1262 3850 cathalogum
1284 3763 1519 3850 disputantium
1542 3774 1575 3828 et
1596 3785 1725 3849 raspon—

309 3868 451 3930 dentium
479 3887 499 3928 a
524 3863 643 3929 famulo
669 3865 889 3929 universitatis
912 3867 1023 3950 exigat
1054 3877 1085 3928 et
1107 3865 1139 3928 in
1161 3863 1323 3928 facultatis
1348 3861 1487 3927 indicem
1518 3863 1664 3949 redigat,
1692 3873 1726 3927 ut

306 3969 461 4054 cuiusque
482 3965 597 4028 merita
618 3963 693 4027 inde
714 3972 903 4050 appareant

266 4077 300 4134 ³5
393 4063 439 4152 [S.
457 4060 509 4150 23]
539 4064 575 4128 Si
597 4065 766 4150 quisquam
785 4063 865 4128 haec
885 4074 916 4127 et
937 4063 1003 4127 alia
1030 4069 1136 4150 (quae,
1158 4073 1193 4128 ut
1213 4085 1266 4126 res
1287 4061 1414 4128 medica
1434 4061 1629 4144 efflorescat,
1655 4083 1727 4127 con·

308 4168 419 4231 stituta
440 4163 528 4249 sunt)
549 4163 736 4250 despexerit
757 4173 789 4226 ct
810 4161 874 4227 alio
895 4184 930 4227 se
951 4160 1122 4228 contulerit
1138 4175 1170 4226 et
1189 4161 1343 4228 corollam
1358 4164 1548 4248 susceperit,
1564 4160 1728 4226 decretum

309 4276 375 4349 est,
397 4273 432 4328 ut
453 4285 514 4351 par
534 4267 608 4348 pari
629 4263 797 4344 referatur,
818 4284 859 4326 ne
885 4284 1027 4350 unquam
1048 4261 1101 4328 bic
1122 4261 1212 4351 apud
1232 4283 1292 4328 nos
1314 4263 1348 4328 in
1368 4283 1538 4328 numerum
1561 4261 1729 4327 doctorum

310 4375 366 4430 aut
386 4362 572 4428 facultatem
591 4361 790 4426 medicorum
810 4363 1013 4449 recipiatur.²

477 4512 534 4578 IX.
563 4529 610 4576 DE
637 4529 886 4578 euroaustrum
907 4528 1151 4578 Pnonoromm
1172 4531 1217 4577 ET
1239 4529 1565 4579 COMPROMOTORUH.

268 4643 302 4700 tt)
391 4631 457 4697 Pro
485 4631 601 4696 maiori
628 4629 801 4694 concordia
829 4629 990 4696 facultatis
1018 4628 1162 4694 medicae
1188 4629 1394 4696 observatum
1416 4640 1448 4694 et
1469 4651 1600 4718 semper
1622 4630 1730 4697 obser-

311 4731 453 4798 vandum
488 4729 608 4817 placet,
639 4741 673 4793 ut
699 4729 793 4794 iuxta
818 4727 963 4794 ordinem
992 4727 1158 4794 doctorum
1186 4729 1226 4794 de
1254 4729 1388 4796 consilio
1414 4728 1581 4796 facultatis
1616 4730 1730 4796 bacca·

312 4829 562 4899 laurcandorum
584 4840 616 4893 et
636 4827 904 4894 licentiandorum
926 4837 1091 4917 promotor
1118 4828 1304 4916 designetur
1332 4838 1363 4894 et
1392 4831 1467 4912 fiat,
1498 4839 1597 4916 atque
1617 4832 1645 4896 is
1669 4851 1732 4916 pro

399 5039 409 5088 l
430 5031 468 5087 so
485 5029 559 5086 steht
577 5027 763 5100 geschrieben.

395 5122 411 5172 2
431 5119 483 5170 Am
503 5115 612 5170 ltaude:
634 5115 712 5168 Haec
727 5117 904 5185 presumpta
921 5123 950 5168 ut
963 5115 1141 5186 praevalendi
1159 5113 1231 5170 libro
1248 5121 1409 5170 :mmmm
1427 5117 1590 5183 corfimm
1605 5121 1675 5172 aaut
