3748 6070
872 531 923 586 Die
941 531 1159 599 philorophirclre
1174 529 1302 584 Facultit

937 767 988 830 29.
1008 764 1162 844 malano]

657 922 683 981 1.
705 911 766 1002 [Bl.
786 909 861 1000 43⁸]
882 930 1111 980 maranum
1131 927 1442 978 mmmmonun

463 1049 556 1136 „Ego
572 1048 618 1114 .N.
631 1050 711 1130 iuro,
732 1045 817 1133 quod
834 1066 895 1110 nec
916 1047 1047 1110 accione
1065 1067 1126 1110 nec
1144 1043 1279 1127 ulcione,
1299 1065 1359 1109 nec
1379 1065 1438 1130 per
1457 1065 1510 1108 me
1529 1063 1590 1107 nec
1609 1063 1669 1128 per
1690 1037 1800 1120 alium,

384 1147 505 1214 directe
525 1147 578 1214 vel
601 1145 767 1228 indirecte,
791 1143 965 1211 verbovel
991 1143 1078 1209 facto
1098 1142 1152 1209 vel
1179 1145 1293 1229 quovis
1324 1141 1388 1208 alio
1410 1141 1505 1207 modo
1530 1139 1629 1204 velim
1654 1161 1706 1203 me
1728 1137 1799 1202 vin·

341 1247 502 1330 tdicare,
530 1248 559 1312 ci
588 1246 631 1311 ad
659 1267 796 1311 examen
827 1265 892 1308 non
920 1241 1074 1308 admittar
1100 1240 1153 1306 vel
1182 1241 1285 1307 eciam
1314 1251 1388 1328 post
1414 1262 1551 1306 examen
1577 1239 1706 1321 reiciat,
1735 1236 1798 1302 sub

382 1369 487 1434 poena
512 1345 656 1432 periurii,
683 1342 769 1432 quod
797 1353 910 1408 contra
936 1342 1060 1408 faciens
1080 1345 1153 1428 ipro
1178 1339 1266 1406 facto
1292 1341 1431 1424 incurro,
1458 1349 1491 1404 et
1511 1347 1638 1404 centum
1660 1336 1796 1404 floreno

381 1469 462 1529 rum,
484 1467 618 1531 quorum
637 1443 793 1510 medietas
814 1440 909 1507 cedat
928 1439 986 1524 illi,
1007 1463 1102 1529 quem
1123 1441 1170 1505 oio
1192 1438 1328 1523 offendo,
1349 1437 1415 1504 alia
1435 1460 1512 1506 vero
1533 1437 1691 1504 medietas
1703 1434 1798 1501 cedat

381 1544 535 1612 facultati
577 1542 634 1610 Sic
653 1564 704 1609 me
725 1541 804 1608 deur
824 1539 956 1607 adiuvet
973 1549 1006 1606 et
1028 1548 1142 1606 sancta
1160 1537 1214 1603 dei
1235 1537 1443 1626 evengelia“

790 1677 820 1740 2.
841 1689 1070 1739 mmunurou
1091 1687 1386 1738 mmummonmu

342 1803 374 1859 10
435 1780 438 1787 ’
464 1792 558 1878 „Ego
571 1791 621 1856 .N.
635 1791 717 1872 iuro,
738 1789 824 1878 qnod
841 1811 901 1854 nec
921 1789 1051 1854 accione
1071 1808 1131 1852 nec
1150 1786 1285 1872 ulcione,
1305 1810 1367 1853 nec
1386 1809 1445 1874 per
1458 1807 1510 1851 me
1529 1807 1590 1850 nec
1608 1807 1669 1872 per
1688 1783 1797 1867 alium,

382 1891 503 1959 directe
523 1889 576 1956 vel
602 1888 767 1972 indirecte,
794 1886 968 1954 verbovel
995 1887 1082 1952 facto
1107 1885 1161 1952 vel
1187 1886 1302 1974 quovis
1329 1885 1392 1951 alio
1417 1883 1512 1951 modo
1534 1881 1632 1948 velim
1659 1906 1709 1948 me
1727 1885 1797 1948 vin·

383 1991 502 2074 dicare,
531 1990 559 2055 ei
586 1988 629 2054 ad
650 1997 847 2075 temptamen
867 2009 931 2053 non
959 1985 1111 2052 admittar
1131 1984 1184 2052 vel
1211 1985 1313 2052 eciam
1341 1999 1416 2070 poet
1442 1991 1640 2070 temptamen
1667 1983 1798 2064 reiciat,

382 2090 442 2158 sub
462 2111 567 2177 poena
587 2087 731 2177 periurii,
757 2084 844 2176 quod
867 2095 979 2152 contra
996 2084 1119 2150 iaciens
1138 2085 1212 2171 ipao
1235 2085 1321 2149 facto
1341 2085 1480 2164 incurro,
1501 2090 1536 2147 et
1556 2091 1683 2146 centurn
1702 2079 1799 2146 flore·

383 2211 506 2272 norum,
534 2209 668 2273 quorum
695 2185 850 2250 medietas
879 2183 974 2250 cedat
1000 2183 1058 2266 illi,
1088 2204 1182 2269 quem
1209 2183 1256 2248 oio
1283 2181 1420 2264 offendo,
1449 2179 1515 2246 alia
1538 2202 1617 2245 vero
1640 2180 1800 2246 medietas

343 2301 375 2356 15
386 2288 480 2354 cedat
499 2285 653 2354 facultati.
695 2283 750 2350 sie
770 2306 822 2350 me
841 2283 920 2351 deur
941 2281 1073 2349 adiuvet
1091 2291 1124 2348 et
1145 2291 1258 2348 cancta
1278 2280 1331 2346 dei
1351 2279 1559 2366 evangelist

464 2593 494 2656 3.
522 2587 615 2674 „Ego
637 2586 685 2652 N.
705 2587 786 2668 iuro,
815 2581 901 2672 qnod
929 2605 989 2649 nec
1015 2584 1146 2650 accione
1172 2604 1233 2648 nec
1258 2580 1393 2663 ulcione,
1417 2603 1477 2645 nec
1503 2601 1562 2668 per
1585 2601 1638 2645 me
1658 2601 1719 2644 nec
1737 2601 1800 2666 per

382 2686 491 2771 alium,
516 2684 637 2752 directe
656 2684 709 2750 vel
727 2682 893 2768 indirecte,
913 2680 1014 2748 verbo
1034 2680 1087 2747 vel
1112 2681 1198 2748 sacto
1219 2679 1271 2746 vel
1291 2681 1405 2769 quovis
1428 2678 1493 2744 alio
1513 2677 1608 2744 modo
1630 2678 1726 2744 velim
1744 2701 1800 2743 me

382 2786 558 2868 vindicare,
589 2787 617 2850 ai
644 2784 689 2849 ad
715 2804 852 2850 examen
871 2782 925 2848 vel
944 2791 1142 2869 temptamen
1162 2803 1228 2848 non
1248 2779 1402 2846 admittar
1422 2778 1475 2844 vel
1501 2779 1604 2844 eciam
1626 2787 1701 2865 poet
1720 2800 1798 2843 exa·

381 2907 456 2950 men
476 2883 529 2951 vel
555 2893 752 2972 temptamen
777 2883 904 2964 reicier,
933 2880 993 2946 cub
1021 2901 1127 2968 poena
1149 2881 1293 2968 periurii,
1322 2877 1408 2966 quod
1436 2888 1549 2944 contra
1575 2877 1698 2944 iaciens
1722 2878 1798 2965 ipso

340 2986 468 3052 wlacto
488 2985 628 3069 incurro,
653 2993 685 3048 et
712 2989 838 3048 centum
860 2979 1064 3062 florenorum,
1091 3002 1228 3068 quorum
1249 2977 1405 3044 medietas
1428 2977 1524 3043 cedat
1542 2975 1600 3060 illi,
1629 2999 1721 3065 quem
1748 2977 1798 3041 cic

381 3083 517 3167 offendo,
546 3081 612 3148 alia
631 3103 710 3149 vero
730 3079 886 3147 medietas
907 3079 1001 3146 cedat
1022 3077 1179 3145 facultati.
1219 3077 1276 3146 Sic
1299 3099 1351 3144 me
1379 3077 1459 3144 dene
1480 3075 1613 3143 adiuvet
1634 3083 1666 3141 et
1685 3087 1798 3141 nancta

381 3184 434 3250 dei
453 3181 662 3269 ewangelia“

462 3291 490 3350 4.
510 3282 604 3368 „Ego
626 3281 675 3347 .N.
702 3281 773 3346 iuro
793 3277 887 3346 vobio
908 3277 1031 3344 decano
1055 3287 1087 3343 et
1106 3277 1226 3344 vestris
1256 3274 1496 3342 successoribus
1521 3277 1740 3341 reverenciam
1762 3285 1797 3340 et

380 3381 602 3450 obedienciam
621 3382 656 3448 in
674 3380 772 3446 licitis
792 3388 827 3445 et
848 3379 1001 3460 honestis,
1023 3386 1056 3442 et
1076 3397 1208 3442 servare
1229 3383 1349 3442 statuite
1369 3383 1401 3440 et
1428 3374 1599 3440 etatrrenda
1617 3397 1678 3462 pro
1698 3395 1796 3462 pocae

336 3490 411 3550 atet
429 3504 535 3566 nome,
555 3490 588 3547 et
607 3500 783 3567 procurare
803 3477 923 3544 bonum
942 3473 1135 3542 nemnem

464 3635 605 3709 Hieraus
619 3633 854 3709 auctomento:

464 3787 495 3848 5.
515 3778 609 3866 „Ego
620 3779 667 3844 N.
688 3780 769 3861 iuro,
790 3775 877 3864 quod
896 3797 982 3840 nunc
1002 3775 1088 3840 etin
1108 3781 1214 3856 antea,
1234 3774 1488 3860 qnocieccunque
1508 3775 1542 3840 in
1563 3771 1719 3840 decanum
1738 3785 1793 3840 aut

383 3881 635 3946 examinatorem
667 3875 957 3964 promovendorum
984 3875 1018 3939 in
1046 3872 1181 3956 artibus,
1213 3883 1280 3938 tam
1312 3873 1354 3938 ad
1383 3873 1606 3960 magisterium
1632 3897 1727 3962 quam
1749 3873 1792 3938 ad

380 3977 643 4061 baccalariatum,
673 3974 792 4042 electus
819 3976 919 4058 iirero,
946 3973 1114 4038 admittere
1134 3971 1231 4038 velim
1253 3972 1457 4060 simpliciter²
1478 3971 1595 4059 dignos
1616 3983 1649 4040 et
1673 3973 1791 4038 reicere

339 4077 543 4165 toindignoa.
584 4075 639 4142 Sic
660 4098 711 4143 me
732 4075 811 4142 deur
832 4073 962 4142 adiuvet
984 4085 1016 4140 et
1036 4081 1149 4140 cancta
1168 4070 1221 4138 dei
1239 4072 1445 4161 ewangelio.“

465 4619 477 4670 1
497 4608 949 4670 Diebcidenemthcrmnlme
968 4606 1118 4664 rindrrchl
1138 4607 1203 4664 bald
1228 4605 1789 4682 mmnbnuungderstatumetrge

385 4705 497 4770 tragm
521 4695 573 4754 No.
590 4701 605 4752 3
623 4696 761 4752 rmum
778 4695 830 4752 No.
850 4701 861 4750 1
880 4711 906 4750 n
925 4699 941 4750 2
959 4691 1058 4747 inEin
1075 4689 1789 4765 Fomnlmrmtmmen'No.tiatdergloichan

383 4782 466 4855 ionga
483 4779 672 4836 beechlomene
689 4779 743 4834 nid
759 4779 808 4835 der
824 4775 1120 4846 Pacultttamitglieder
1138 4776 1170 4848 (a
1188 4794 1213 4834 o.
1233 4776 1261 4834 S.
1278 4780 1336 4846 301,
1355 4780 1403 4850 tc).
1439 4775 1491 4833 No.
1509 4782 1525 4834 3
1545 4793 1572 4834 n.
1590 4785 1608 4835 4
1625 4777 1684 4832 sind
1699 4776 1788 4845 opiter

384 4863 564 4940 guehrieben
581 4865 623 4920 ala
644 4862 696 4919 No.
715 4869 727 4919 1
746 4881 773 4919 u.
792 4867 822 4934 ²3
846 4859 918 4916 noch
940 4863 1033 4932 rpiter
1053 4859 1128 4916 ward
1149 4859 1202 4916 ani
1219 4859 1281 4916 dem
1305 4860 1361 4916 lem
1379 4859 1559 4932 gabliebcnen
1580 4860 1686 4917 Banna
1705 4857 1786 4914 Not

382 4949 597 5021 mehgetragen,
611 4947 691 5017 jener
705 4946 766 5018 Eid,
782 4946 831 5002 der
846 4961 892 5001 am
909 4947 951 5000 tt.
967 4943 1080 5015 August
1096 4947 1162 5001 11116
1185 4943 1359 5002 beochlocaen
1376 4946 1459 5000 ward
1486 4943 1576 5002 Unter
1591 4943 1681 5002 dienen
1698 4939 1785 4997 aaa·

380 5033 547 5091 tormnloren
564 5029 645 5098 steht,
663 5030 713 5086 wie
728 5027 900 5102 gewihnlich
917 5025 970 5084 anf
982 5023 1223 5098 Schwurblitttern,
1238 5028 1287 5085 der
1299 5027 1415 5100 Anfang
1426 5027 1677 5101 deaEvangcliumr
1691 5023 1783 5081 lohan-

379 5119 423 5175 nir
441 5115 585 5174 lateinirch
602 5133 656 5171 von
673 5113 815 5170 deraelben
833 5112 926 5181 Hand,
943 5111 988 5166 die
1005 5109 1056 5168 No.
1076 5117 1087 5166 1
1106 5129 1134 5166 n
1151 5116 1166 5167 2
1184 5111 1335 5169 abechriab.

455 5197 703 5274 amaeam
720 5215 765 5255 am
782 5198 878 5254 nunde
895 5193 1109 5268 autgangum
