3788 6078
354 544 413 606 604
861 541 912 592 Die
931 543 1116 594 mediciniacbe
1134 543 1258 594 Facultit.

354 761 402 822 39.
436 773 593 824 suasura
623 772 888 824 concussurum
916 777 1100 825 nooronus
1131 777 1312 826 vouunsus
1339 777 1490 825 assum
1517 779 1566 828 sn
1588 777 1765 825 consulor

353 875 567 924 uacunrauls
589 876 753 941 uumcsu,
775 881 877 947 quae
898 861 959 924 eis
980 857 1063 946 legi
1084 857 1230 924 debent
1252 870 1438 947 tempore
1458 860 1767 948 assumpcionis

944 958 1174 1024 eorundem.

436 1107 654 1172 lurameutum
676 1109 710 1172 in
731 1106 844 1173 ordine
864 1129 964 1194 supra
984 1109 1146 1195 signatum
1166 1108 1291 1194 legetur
1312 1107 1434 1174 eisdem
1457 1107 1499 1174 de
1520 1108 1625 1174 verbo
1647 1109 1764 1174 adver·
1873 1123 1874 1206 ἐ

314 1215 331 1270 5
357 1207 443 1288 bum,
465 1215 498 1271 et
518 1205 580 1270 boc
602 1206 721 1272 sufficit
741 1229 804 1292 quo
826 1205 868 1272 ad
889 1206 1054 1272 doctorem
1076 1208 1257 1274 medicinae
1277 1209 1312 1271 in
1332 1217 1444 1272 nostra
1464 1208 1680 1274 universitate
1699 1231 1766 1297 pro
1873 1215 1874 1290 3

352 1313 482 1372 motum.
526 1303 561 1370 si
582 1328 660 1372 vcro
681 1305 760 1372 alibi
782 1315 949 1394 promotus
969 1307 1077 1388 firerit,
1099 1305 1238 1372 addatur
1258 1305 1350 1389 illud,
1370 1306 1455 1392 quod
1477 1309 1639 1396 nequitur:
1873 1315 1874 1326 ¹

436 1436 549 1504 Nullus
572 1437 685 1504 doctor
707 1438 784 1504 alibi
806 1447 973 1526 promotus
1002 1449 1033 1505 et
1060 1440 1114 1505 bic
1141 1449 1327 1528 assumptus
1357 1439 1400 1505 ad
1425 1439 1616 1506 facultatem
1644 1440 1766 1506 medici·

352 1536 458 1602 nalem
477 1538 580 1625 recipi
602 1537 720 1604 debeat
740 1537 783 1604 ad
805 1537 974 1604 consilium
996 1538 1158 1604 facultatis
1180 1538 1342 1622 eiusdem,
1371 1541 1434 1604 nisi
1463 1540 1514 1604 in¹
1536 1539 1598 1606 bac
1619 1541 1767 1606 universi·

353 1645 419 1701 tate
440 1635 604 1702 biennium
627 1647 702 1726 post
724 1641 773 1702 sui
795 1639 1053 1725 assumpcionem
1075 1637 1211 1724 legendo
1233 1636 1374 1726 aliquam
1395 1637 1564 1705 lectionem
1588 1641 1622 1704 in
1645 1639 1766 1706 medici·

314 1744 345 1801 10
354 1735 405 1800 nis
428 1735 652 1824 compleverit,
674 1747 706 1802 et
726 1748 873 1825 tempore
894 1739 944 1802 sui
966 1739 1202 1826 assumpcionis
1234 1737 1277 1803 ad
1305 1737 1472 1804 consilium
1499 1737 1596 1804 dabit
1625 1747 1766 1826 quattuor
1873 1777 1874 1790 r

351 1833 492 1900 florenos
513 1837 682 1902 renenses²
704 1859 764 1924 pro
784 1837 873 1902 fisco.

500 2043 548 2106 40.
572 2053 731 2103 tumemus
750 2055 983 2104 LEPROSOBUM
1005 2053 1073 2102 Pus
1095 2053 1211 2102 oms
1231 2052 1418 2104 DOCTORBS
1439 2053 1630 2104 Hemoniae

890 2153 1006 2200 DEBET
1029 2153 1232 2202 cunensem.

434 2283 631 2350 Conclusam
653 2294 684 2349 et
706 2293 859 2350 statutum
880 2296 930 2350 est
949 2284 1153 2350 concorditer
1182 2308 1242 2373 per
1270 2284 1420 2351 doctores
1448 2283 1490 2352 de
1511 2285 1647 2352 consilio
1669 2286 1761 2352 facul·

314 2385 432 2450 15tatis
454 2383 608 2465 medicae,
642 2383 728 2470 quod
751 2384 904 2472 deinceps
928 2382 1016 2472 [ffb]
1039 2383 1145 2450 nullus
1165 2383 1332 2450 doctorum
1354 2384 1473 2450 audeat
1491 2407 1532 2450 ex
1554 2407 1613 2452 suo
1633 2389 1762 2474 proprio

352 2485 458 2571 capite
481 2493 513 2548 et
534 2483 668 2550 consdio
692 2483 778 2548 solus
800 2507 835 2548 se
854 2485 1067 2550 intromittere
1086 2484 1126 2549 de
1148 2485 1298 2550 examine
1317 2493 1351 2548 et
1370 2483 1491 2550 iudicio
1513 2483 1635 2574 leprosi
1655 2499 1710 2551 aut
1732 2485 1767 2550 de

350 2581 443 2670 lepra
461 2583 611 2668 suspecti,
632 2583 695 2646 nisi
717 2581 758 2646 de
779 2583 891 2649 favore
913 2583 1027 2648 decani
1051 2595 1083 2648 et
1109 2585 1212 2649 tocius
1240 2583 1404 2648 facultatis
1434 2584 1599 2670 signatum
1628 2585 1765 2652 eiusdem

351 2680 541 2762 obtinuerit,
574 2680 633 2746 sub
661 2703 767 2767 poena
793 2683 1014 2768 suspensionis
1043 2705 1063 2747 a
1093 2681 1228 2748 oonsilio
1256 2683 1420 2749 facultatis
1450 2695 1481 2749 et
1500 2685 1643 2752 omnium
1664 2685 1767 2752 emoli-

350 2789 532 2846 mentorum
562 2779 605 2846 ad
634 2789 699 2845 tres
727 2803 839 2862 annos,
864 2782 943 2846 siin
965 2781 1097 2846 consilio
1120 2781 1231 2864 fuerit,
1260 2782 1288 2847 si
1310 2793 1416 2848 autem
1440 2793 1533 2848 extra
1556 2795 1588 2848 et
1609 2783 1653 2850 ad
1674 2783 1767 2850 facul·

308 2887 449 2944 sontem
473 2888 596 2944 tanturn
619 2891 804 2966 assumptus
836 2891 898 2962 est,
932 2903 996 2944 non
1030 2891 1136 2946 autern
1168 2882 1202 2946 in
1234 2880 1368 2948 consilio
1390 2883 1570 2966 facultatis,
1605 2895 1682 2948 tunc
1703 2886 1765 2947 eius

349 2977 533 3064 assumpoio
567 2977 609 3042 ad
639 2977 807 3044 consilium
836 2977 997 3044 facultatis
1026 2979 1134 3046 fienda
1163 2981 1205 3046 ad
1225 2991 1291 3046 tros
1314 3004 1416 3048 annos
1440 2981 1511 3050 loco
1541 2985 1611 3048 eius
1643 3005 1761 3070 poenm

351 3075 448 3142 debet
468 3076 621 3165 suspendi
644 3089 675 3143 et
696 3077 829 3144 differri.

432 3411 500 3469 Das
521 3411 671 3487 Folpende
692 3412 744 3470 liat
767 3411 831 3470 eine
852 3413 964 3470 onem
985 3413 1081 3471 Hand
1096 3414 1303 3489 peactrieben;
1346 3415 1377 3474 ia
1403 3417 1460 3474 dea
1493 3417 1567 3476 Urk.
1593 3415 1719 3480 Quales
1740 3415 1767 3474 S.
1873 3459 1874 3470 ,

348 3511 405 3576 881
423 3515 474 3586 sp.
496 3511 574 3568 wird
594 3511 765 3578 semotim,
791 3512 863 3568 dass
882 3531 912 3567 es
934 3511 981 3568 die
995 3511 1152 3570 Stromer's
1175 3531 1231 3570 von
1254 3514 1411 3574 Arcelaca
1434 3516 1485 3588 sei,
1506 3518 1563 3574 der
1581 3535 1676 3592 pepon
1689 3517 1767 3573 aaa
1873 3517 1874 3596 3

307 3611 400 3670 25des
431 3609 547 3668 Baetes
575 3609 660 3668 cinea
695 3611 826 3686 Vertrap
858 3629 914 3667 aaa
943 3611 1007 3668 dem
1031 3613 1128 3670 Jalre
1156 3615 1229 3675 1521
1261 3613 1452 3692 eiapetrnpcn
1480 3615 1543 3674 ltnt.
1588 3615 1676 3673 Fullo
1695 3615 1766 3672 aaut
1873 3623 1874 3648 ¹

348 3708 446 3766 dieser
468 3708 625 3766 Besctlase
650 3709 681 3765 in
708 3707 832 3766 dieaelbe
858 3709 945 3768 Zeit!
988 3711 1081 3769 Dana
1111 3717 1193 3770 wdre
1222 3733 1255 3770 er
1274 3713 1401 3787 sreilicli
1432 3719 1538 3789 apet'ter
1565 3714 1765 3791 eiapetraqem

348 3809 395 3864 ala
417 3808 473 3865 das
492 3807 641 3882 Folpende
662 3813 724 3882 auf
742 3809 788 3867 ΒΖ.
817 3809 891 3882 12⁸3
914 3829 977 3867 wne
998 3809 1097 3868 indens
1118 3811 1204 3869 leiclit
1227 3811 1351 3888 mdpliclt
1374 3812 1421 3871 iat.

432 3975 482 4036 41.
503 3968 630 4035 Doctor
650 3968 830 4034 medicinae
851 3968 934 4036 alius
968 3973 1203 4048 universitatis,
1232 3971 1433 4058 desyderana
1461 3973 1565 4061 recipi
1594 3973 1638 4040 ad
1670 3973 1767 4040 facul·

348 4077 445 4134 tatem
468 4067 648 4134 medicinae
670 4069 765 4134 buius
787 4069 956 4154 Lipsensis
980 4073 1210 4152 universitatis,
1232 4074 1259 4136 si
1279 4071 1517 4138 baccalaureus
1537 4073 1681 4140 eiusdem
1704 4075 1766 4140 uni·

306 4169 516 4234 toversitatis
544 4168 657 4250 fuerit,
700 4167 860 4232 tenebitur
889 4166 974 4233 illico
1002 4169 1126 4235 solvere
1153 4192 1213 4258 pro
1235 4173 1473 4258 assumptione,
1496 4171 1717 4260 disputatione
1737 4183 1767 4236 et

347 4265 514 4331 laboribus
537 4269 672 4332 caeteris
695 4267 864 4332 doctorum
886 4266 1065 4334 medicinae
1088 4269 1275 4334 doctoribus
1298 4269 1339 4335 de
1360 4271 1495 4336 consilio
1524 4281 1557 4337 et
1584 4271 1628 4338 ad
1655 4271 1763 4338 fuscum

347 4366 509 4430 facultatis
527 4367 643 4451 viginti
665 4377 697 4431 et
717 4369 857 4454 quinque
879 4365 909 4430 fl.
932 4369 964 4431 in
986 4390 1066 4433 auro
1095 4379 1150 4432 aut
1183 4368 1327 4434 valorem
1354 4372 1509 4454 auri31i
1537 4393 1616 4437 vero
1650 4372 1760 4438 bacca·
1873 4377 1874 4440 ζ

346 4461 475 4528 laureus
497 4462 593 4528 huius
614 4465 776 4530 facultatis
797 4477 827 4530 et
850 4467 1069 4532 universitatis
1089 4491 1153 4532 non
1174 4469 1280 4550 fuerit,
1305 4469 1407 4536 solvet
1428 4471 1564 4558 triginta
1577 4481 1609 4536 et
1622 4495 1720 4538 unum
1734 4471 1763 4536 fl.

347 4563 380 4626 in
401 4585 479 4628 auro
500 4573 556 4627 aut
575 4571 699 4628 tantum
721 4563 873 4631 valorem.
917 4565 1089 4632 Caeterum
1110 4567 1283 4654 prandium
1310 4567 1433 4635 nullum
1461 4568 1634 4652 tenebitur,
1658 4593 1765 4635 verum
1873 4565 1874 4616 l

306 4661 525 4748 35positiones
552 4659 666 4726 diebus
693 4685 752 4729 sex
779 4675 835 4730 aut
863 4675 986 4752 septem
1015 4667 1057 4734 ad
1083 4667 1188 4731 minus
1215 4677 1289 4733 ante
1316 4667 1568 4757 disputationem
1592 4669 1767 4736 medicinae
1873 4677 1874 4684 ’

346 4760 550 4844 doctoribus,
577 4760 771 4846 licenciatis,
794 4764 1016 4830 baccalaureis
1039 4775 1070 4830 et
1089 4763 1293 4832 scholaribus
1316 4769 1442 4850 mittat,
1465 4778 1611 4835 attamen
1633 4793 1674 4834 ne
1695 4767 1766 4834 reli·

348 4883 431 4948 quae
464 4861 634 4927 facultates
666 4863 872 4949 negligantur
901 4875 998 4952 utque
1027 4873 1139 4932 nostra
1168 4866 1344 4952 disputatio
1371 4866 1547 4934 honorifice
1579 4867 1765 4948 celebretur,

435 5115 443 5164 l
467 5110 497 5162 a'a
515 5109 590 5166 fehlt.

435 5197 451 5248 2
470 5190 569 5264 Sptlter
587 5192 770 5266 hinrngefiigt
788 5196 818 5248 fn
834 5213 912 5251 aare.
