3768 6072
669 474 721 526 Dio
738 471 858 528 suum
876 489 931 527 von
950 474 1022 528 1554.

605 703 652 752 Dll
674 705 888 755 susumus
910 704 1089 755 conanum.

716 821 887 874 statutum
905 823 993 874 xm.

217 934 272 1000 Ad
292 934 414 1023 aliquot
436 935 516 1017 dies,
544 933 767 1002 hebdomadas
789 947 822 1003 et
841 959 969 1002 menses
998 935 1130 1002 cuilibet
1158 937 1228 1002 sine
1257 937 1460 1004 incommodo
1489 939 1565 1003 licet

141 1033 261 1115 abasse,
282 1056 440 1100 consensu
460 1043 568 1098 tamen
587 1037 766 1122 praepositi
789 1045 822 1100 et
844 1035 957 1100 relicto
978 1046 1197 1122 procuratore,
1219 1036 1278 1102 sub
1300 1060 1406 1125 poena
1427 1036 1564 1102 arbitra·

140 1135 187 1196 ria
207 1131 343 1217 collegii.
384 1133 430 1196 Iis
450 1153 539 1214 vero,
567 1135 622 1221 qui
645 1133 826 1200 studiorum
848 1156 947 1199 causa
969 1133 1033 1200 alio
1056 1155 1090 1198 se
1111 1135 1295 1219 conferunt,
1327 1135 1442 1200 abesse
1468 1137 1565 1200 etiam
1590 1143 1607 1198 5

140 1231 263 1317 longius
291 1229 382 1313 licet,
412 1233 630 1297 consentiente
658 1231 793 1318 collegio
817 1229 881 1320 [17]
912 1243 943 1297 et
973 1234 1146 1298 constituto
1174 1245 1396 1320 procuratore,
1425 1234 1566 1322 dumque

143 1328 308 1396 commoda
327 1351 391 1395 non
411 1331 605 1418 percipiant,
627 1331 778 1397 oneribus
800 1355 864 1398 non
885 1340 979 1396 erunt
1000 1331 1219 1417 aggravandi3
1241 1331 1304 1398 illis
1316 1333 1424 1416 etiam,
1445 1335 1502 1420 qui
1524 1331 1566 1397 ad

143 1439 264 1494 certum
293 1427 435 1495 officium
461 1431 570 1495 vocati
601 1428 735 1514 abeunt,
767 1432 940 1496 triennium
968 1429 1164 1514 conceditur,
1195 1432 1223 1496 si
1252 1441 1506 1519 procuratorem,
1531 1433 1567 1496 in

142 1551 232 1614 quem
248 1527 420 1614 collegium
443 1531 537 1596 sicuti
559 1531 593 1594 in
614 1529 701 1595 illius
723 1530 846 1596 abitum
868 1530 1075 1611 consenserit,
1096 1540 1170 1616 post
1189 1551 1223 1594 se
1241 1530 1442 1618 deliquerint
1463 1529 1565 1596 Habi-

142 1630 293 1692 tationem
327 1649 404 1692 vero
442 1650 533 1692 suem
567 1638 713 1714 tempore
750 1627 917 1694 absentiae
956 1638 1092 1715 propter
1128 1626 1229 1693 libros
1265 1637 1297 1693 et
1333 1629 1565 1716 supellectilem
1577 1637 1608 1694 10

144 1725 386 1792 custodiendam
414 1725 581 1792 habebunt
601 1727 748 1792 liberam.
792 1727 857 1809 Qui
883 1737 999 1808 autem,
1023 1749 1083 1792 nec
1104 1729 1200 1792 venia
1219 1728 1393 1814 impetrata
1413 1749 1474 1792 nee
1494 1749 1567 1814 pro·

141 1836 287 1890 curatore
321 1827 510 1908 constituto,
544 1826 664 1909 aberit,
696 1828 783 1892 omni
815 1825 1029 1893 emolumento
1058 1835 1204 1912 ternpore
1236 1826 1403 1891 absentiae
1433 1825 1567 1892 carebit.

141 1924 279 2011 Tempus
297 1947 376 1990 vero
399 1923 566 1992 absentiae
587 1935 620 1990 et
639 1925 788 1991 similiter
808 1925 932 1991 reditus
953 1926 1108 2012 cuiusque
1130 1925 1265 2013 incipiet
1284 1923 1326 1990 ab
1347 1946 1386 1989 eo
1409 1925 1567 2004 semestri,

141 2023 223 2110 quod
254 2023 340 2088 diem
368 2023 537 2090 absentiae
571 2027 640 2090 sive
672 2023 797 2090 reditus
824 2025 980 2111 cuiusque
1010 2025 1160 2110 proxime
1188 2033 1348 2112 sequetur.
1389 2021 1569 2090 Commoda

140 2135 243 2189 autem
266 2122 449 2189 absentium
470 2133 659 2210 praesentes
679 2125 764 2190 inter
785 2145 820 2188 se
842 2121 998 2188 divident.
1577 2130 1608 2187 15

484 2319 529 2408 [S.
554 2319 603 2408 18]
626 2339 673 2386 ns
695 2336 988 2386 nmrrarromuus
1010 2337 1220 2387 masuram.

710 2455 880 2507 Statutum
898 2455 1004 2506 Xllll.

221 2571 286 2653 Qui
313 2569 431 2636 absens
459 2571 557 2636 fucrit
583 2569 634 2636 vel
664 2580 758 2636 extra
787 2567 958 2654 collegium
984 2569 1018 2632 in
1050 2568 1131 2634 urbe
1156 2568 1370 2651 habitaverit,
1397 2568 1568 2656 vaporarii

142 2669 188 2734 sui
210 2669 415 2734 inhabitandi
435 2671 485 2734 ius
507 2669 620 2734 offeret
640 2669 837 2756 praeposito,
860 2669 915 2756 qui
937 2668 972 2733 id
993 2667 1116 2734 referre
1137 2667 1234 2733 debet
1260 2667 1303 2732 ad
1332 2666 1473 2755 reliquos
1505 2667 1566 2734 col-

142 2769 245 2854 legas;
278 2769 370 2856 sique
400 2779 548 2857 repertus
578 2767 688 2849 hierit,
720 2769 775 2852 qui
806 2767 986 2832 conducere
1016 2779 1187 2833 vacantem
1217 2765 1451 2832 habitationem
1481 2765 1611 2851 velique

142 2867 222 2951 aliis,
243 2877 373 2934 servato
396 2867 510 2934 ordine
532 2867 622 2948 senii,
645 2865 836 2952 praefertur.
867 2864 919 2930 De
940 2868 1044 2953 pretio
1066 2865 1277 2932 habitationis
1299 2866 1326 2930 si
1349 2868 1570 2932 controversia

141 2969 222 3032 inter
242 2965 419 3032 locatorem
441 2975 473 3030 et
499 2965 728 3032 conductorem
751 2964 921 3048 acciderit,
950 2973 1162 3052 componetur
1191 2989 1211 3030 a
1239 2964 1385 3050 collegio.
1428 2964 1464 3030 Si
1491 2987 1570 3032 vcro

141 3089 180 3130 ex
202 3065 336 3151 collegis
365 3065 594 3132 conductorem
616 3087 679 3130 non
706 3065 865 3150 reperiat,
893 3063 1031 3129 liberum
1053 3065 1083 3128 ei
1106 3065 1177 3146 erit,
1200 3064 1380 3151 cuicunque
1402 3073 1434 3128 et
1454 3065 1567 3152 quanti

142 3164 217 3230 velit
238 3165 451 3253 vaporarium
472 3187 564 3231 suum
585 3163 704 3229 locare.

399 3347 443 3434 [S.
469 3344 516 3434 19]
539 3365 586 3412 nn
609 3363 1312 3423 nonoru1vsrnroonuconnsa1aruna.
1576 3352 1611 3410 25

729 3497 898 3549 staturum
918 3498 979 3548 XV.

223 3616 330 3698 Quem
352 3613 522 3700 collegium
543 3612 585 3678 ob
608 3612 838 3677 contumatiam
861 3610 1028 3676 absentiae
1051 3632 1129 3675 suae
1150 3609 1346 3698 privandum
1368 3607 1569 3691 iudicaverit,

143 3739 213 3781 eum
234 3713 364 3780 curabit
385 3715 556 3801 ipsiusmet
575 3713 732 3799 impensis
755 3711 914 3793 revocari,
946 3713 1037 3797 sique
1058 3708 1166 3774 redire
1188 3708 1231 3774 ad
1262 3708 1468 3796 praefinitum
1491 3719 1569 3772 tem-

142 3837 200 3902 pus
222 3813 415 3901 neglexerit,
441 3814 514 3901 ipso
542 3811 629 3876 facto
650 3813 692 3876 sit
712 3811 859 3897 privatus
883 3808 1103 3896 collegiatura,
1132 3819 1163 3873 et
1190 3810 1223 3874 in
1244 3811 1313 3874 eius
1339 3808 1444 3874 locum
1472 3807 1571 3894 eliga-

142 3925 192 3978 tur
221 3913 316 3980 aliua.
359 3911 455 3993 Quod
481 3911 592 3978 itidem
617 3907 801 3976 laciendum
823 3909 899 3991 erit,
926 3909 954 3974 si
977 3907 1043 3974 aliu
1070 3906 1110 3972 de
1133 3928 1234 3974 causa
1261 3908 1334 3996 quis
1361 3907 1614 3994 collegiatura³0

143 4016 291 4100 privatus
312 4011 418 4078 fuerit.

365 4159 409 4248 [S.
430 4157 482 4248 20]
504 4177 552 4226 nn
574 4175 766 4225 nromrarn
788 4175 834 4222 nr
856 4171 1116 4222 romsnrorrouu
1137 4173 1352 4223 rnmrosrrr.

721 4293 893 4345 statutum
913 4290 994 4340 xvl.

224 4413 278 4478 De
299 4411 486 4498 praeposito
509 4409 572 4475 hoc
592 4411 800 4474 constitutum
820 4414 878 4486 est,
906 4413 943 4468 ut
964 4403 1006 4469 sit
1028 4427 1171 4470 summus
1194 4405 1403 4491 magistratus
1425 4407 1459 4470 in
1479 4405 1572 4471 colle·

142 4513 195 4598 gio
224 4521 257 4577 et
285 4513 354 4576 eius
381 4508 637 4574 iurisdictionem
668 4505 832 4572 declinare
853 4501 934 4568 nulli
955 4502 1059 4568 liceat
1100 4504 1275 4568 Praeterea
1301 4527 1458 4570 summam
1481 4527 1570 4568 reve
1579 4513 1614 4568 35

142 4613 280 4677 rentiam
305 4607 410 4674 eidem
431 4608 586 4674 exhibere
608 4629 648 4672 ac
668 4605 951 4690 morigerationem
981 4613 1134 4687 tanquam
1162 4625 1220 4668 suo
1249 4605 1454 4689 magistratui
1483 4625 1573 4668 reve·

140 4721 252 4776 renter
275 4717 445 4796 praestare
472 4705 606 4788 debent,
637 4707 756 4794 quique
781 4701 833 4767 vel
860 4724 901 4766 ex
931 4699 1063 4787 collegis
1090 4700 1142 4766 vel
1170 4701 1252 4767 alia‘s
1281 4727 1322 4768 ex
1350 4701 1516 4787 inquilinis
1543 4711 1574 4764 et

142 4807 266 4874 familia
291 4805 379 4872 illius
400 4807 533 4872 monitis
554 4827 620 4870 non
642 4801 932 4890 obtemperaverit,
960 4800 1012 4864 vel
1040 4801 1147 4882 iussis,
1169 4801 1331 4867 mandatis
1354 4813 1387 4866 et
1406 4799 1572 4864 edictioni-

143 4905 204 4973 bus
225 4907 380 4994 legitimis
403 4928 467 4971 non
489 4905 651 4993 paruerit,
673 4901 725 4967 vel
747 4900 966 4968 iurisdictioni
988 4921 1066 4964 suae
1089 4898 1321 4989 obstrepuerit,
1342 4921 1438 4985 quam
1459 4899 1493 4962 in
1516 4921 1573 4985 pu·

144 5007 272 5072 niendis
293 5005 511 5071 subiectorum
533 5004 659 5070 delictis
690 5002 871 5088 plenariam
896 5010 1050 5084 tanquam
1082 4997 1310 5086 semiliaspatri
1339 4997 1470 5084 reliquit
1499 5009 1616 5064 acu-lt)

145 5107 251 5173 ‹lemia
273 5104 420 5192 collegio,
443 5106 470 5169 si
492 5105 584 5191 prius
607 5111 775 5168 erectore
797 5109 1002 5166 anteversum
1026 5121 1090 5164 non
1111 5099 1234 5183 uisset,
1255 5097 1306 5162 vel
1328 5098 1394 5184 ipsi
1421 5096 1575 5162 molestus

220 5221 442 5261 araromuucu
460 5220 518 5257 nus
535 5219 608 5258 usrv.
626 5219 746 5257 namuro,
1370 5204 1406 5263 17
