3788 6078
313 497 374 564 568
827 497 877 549 Dis
895 497 1078 562 theologtrobs
1095 497 1221 549 Faculrtt.

312 687 437 764 septem
469 678 563 743 annis
597 652 740 767 sember¹
771 680 805 744 iu
838 679 1049 746 universitate
1082 688 1194 746 nostra
1224 677 1386 746 indefesso
1418 678 1532 746 labore
1566 677 1733 762 audiendo,

309 775 446 864 legendo
468 801 507 842 ac
529 775 724 866 disputando
747 779 890 870 aliosque
912 789 1002 844 actus
1025 777 1213 845 scolasticos
1242 777 1423 845 exercendo
1452 779 1642 866 diligentem
1670 801 1734 844 sese

312 877 445 942 exibuit.
489 877 600 958 Quare
627 880 777 966 petitioni
803 901 880 945 snae
907 887 974 945 tarn
1000 879 1154 945 honestae
1181 887 1313 966 tamque
1339 881 1445 946 iustae
1474 901 1600 946 morem
1627 900 1735 966 gerere

315 976 470 1060 volentes,
493 977 594 1042 veluti
617 977 760 1064 dignum,
789 1002 848 1067 per
875 987 1063 1066 praesentes
1093 980 1339 1045 notumfaoimus
1368 977 1517 1046 omnibus
1545 987 1578 1044 et
1605 977 1735 1066 singulis

270 1086 286 1142 5
315 1087 387 1159 uta,
417 1078 597 1164 praefatum
627 1077 657 1141 d.
682 1077 915 1165 Wolfgangum
940 1078 1168 1144 Winckelman
1196 1077 1285 1166 apud
1313 1101 1372 1144 nos
1399 1089 1523 1167 septem
1553 1079 1649 1144 annis
1676 1087 1734 1142 stn-

314 1176 403 1242 dium
427 1176 641 1264 theologicum
665 1177 858 1264 explevisse,
886 1179 1018 1265 insuper
1046 1187 1121 1266 post
1148 1179 1370 1266 magisterium
1392 1180 1426 1243 in
1455 1176 1581 1243 artibus
1604 1177 1686 1243 adeo
1705 1178 1736 1242 in

316 1275 421 1341 studio
452 1277 632 1364 theologico
660 1277 848 1363 invigilasse
875 1287 907 1342 et
929 1279 1114 1364 profecisse,
1141 1289 1228 1344 utet
1249 1279 1283 1343 in
1303 1277 1416 1343 eodem
1439 1278 1544 1344 studio
1566 1277 1689 1364 gradus
1709 1287 1737 1342 et

314 1377 530 1463 promotiones
568 1378 682 1442 merito
720 1386 959 1462 assequeretur,
997 1376 1170 1443 videlicet²
1212 1379 1246 1442 in
1291 1375 1511 1442 baecalarium
1553 1376 1736 1464 theologiae

314 1485 484 1558 assumtus,
514 1476 589 1540 hino
611 1487 755 1564 ternpore
778 1498 835 1540 suo
861 1477 998 1542 formam
1021 1477 1160 1564 adeptus
1188 1479 1222 1542 in
1248 1477 1419 1564 praedicta
1445 1486 1557 1542 nostra
1582 1477 1737 1542 universi-

273 1585 378 1641 totate
399 1585 431 1640 et
451 1574 632 1661 theologica
659 1573 814 1640 facultate
840 1575 874 1640 in
900 1574 1120 1642 baccalarium
1149 1575 1329 1663 theologiae
1359 1577 1532 1641 formatum
1567 1576 1736 1658 admissus,

312 1673 398 1762 quod
429 1673 479 1738 his
511 1673 737 1761 praesentibus
768 1673 958 1761 profitemur
986 1685 1017 1740 et
1044 1685 1211 1758 testamur,
1241 1685 1394 1762 rogantes
1423 1685 1455 1740 et
1476 1673 1736 1740 commendantes

312 1772 449 1838 eundem
483 1773 645 1840 dominum
676 1775 867 1859 magistrum
896 1777 1014 1839 vestris
1045 1774 1213 1862 perdignis
1246 1773 1520 1840 dominationibus
1554 1776 1603 1840 uti
1634 1777 1736 1839 virum

311 1873 486 1938 virtutum³
508 1885 539 1938 et
561 1873 691 1939 doctum
714 1884 783 1954 etc,
815 1895 909 1960 quem
939 1873 1068 1960 quidem
1095 1876 1288 1961 magistrum
1316 1883 1348 1939 et
1375 1897 1434 1940 nos
1463 1875 1498 1938 in
1526 1875 1737 1940 universitate

311 1983 423 2038 nostra
435 1972 681 2058 quemlubentcr
692 1973 844 2058 colligere
857 1983 888 2038 et
902 1972 1022 2038 habere
1044 1973 1180 2040 velimus
1202 1973 1243 2040 ob
1264 1975 1425 2060 insignes⁴¹
1447 1995 1523 2038 suas
1545 1985 1578 2038 et
1599 1975 1734 2038 virtutes

274 2081 303 2135 15
314 2079 346 2135 et
367 2070 531 2137 doctrinas
553 2082 611 2136 etc.
648 2073 712 2138 Pro
733 2096 796 2160 quo
818 2083 849 2136 et
870 2095 908 2137 eo
932 2072 973 2150 (l)
996 2072 1039 2138 ad
1061 2073 1180 2138 similia
1201 2082 1233 2138 et
1253 2075 1377 2139 maiora
1399 2083 1531 2159 paratos
1553 2096 1614 2139 nos
1635 2073 1736 2139 offeri·

310 2193 390 2235 mus.
424 2171 463 2235 In
485 2173 554 2236 eius
576 2172 625 2236 rei
646 2171 779 2236 evidens
800 2173 1018 2238 testimonium
1040 2173 1182 2258 sigillum
1202 2172 1365 2238 facultatis
1386 2181 1516 2238 nostrae
1537 2171 1737 2257 theologicae

312 2269 536 2356 praesentibus
567 2293 746 2358 appensum
776 2281 834 2338 est
876 2271 962 2337 Acta
991 2281 1066 2338 sunt
1093 2271 1174 2337 haec
1204 2281 1236 2336 et
1263 2271 1340 2337 data
1367 2272 1420 2337 die
1449 2273 1605 2337 vicesimo
1635 2273 1737 2358 primo

310 2369 482 2436 Februarii
505 2372 624 2436 mensis
647 2394 732 2437 anno
760 2371 929 2437 millesimo
955 2372 1210 2460 quingentesimo
1236 2372 1400 2438 tricesimo
1427 2372 1535 2458 primo
1556 2381 1618 2434 ete.
1646 2371 1734 2450 (15³1

314 2475 341 2530 d.
363 2474 411 2536 21.
433 2473 597 2550 Februur.)

270 2609 304 2665 20
774 2601 934 2668 Martinus
955 2603 1161 2690 Meyndornn
1182 2625 1224 2668 ex
1246 2603 1432 2690 Hirsbergk
1452 2603 1596 2670 decanus
1618 2625 1698 2668 sacr.

524 3223 547 3274 ².
568 3223 629 3273 DIE
649 3221 722 3273 VON
740 3221 883 3274 HERZOG
903 3222 1039 3274 MORsz
1057 3216 1310 3276 BllS'l'thGTEN
1329 3225 1521 3278 STATUTEN

887 3339 950 3374 vorn
967 3325 1050 3376 Jahrs
1070 3325 1156 3378 1543.Ι

354 3469 414 3560 [Bl.
437 3467 485 3558 1⁸]
509 3487 619 3536 ussus
641 3488 888 3536 aursosrrsrs
911 3490 1082 3538 rurucrrrs
1105 3491 1272 3556 usumrn,
1294 3491 1396 3540 uncrs
1418 3492 1602 3558 aaronita,
1630 3494 1698 3543 rso

516 3587 723 3636 sscusrsrs
747 3587 971 3638 rssouoorcs
992 3573 1207 3638 svrsmus1s⁶
1228 3591 1345 3640 sruun
1367 3590 1533 3640 sanemus

269 3677 303 3734 25
863 3687 957 3778 Almo
980 3687 1006 3734 hl
1035 3689 1070 3736 D.
1092 3689 1187 3738 XLIII.

727 3831 788 3922 [Bl.
807 3834 860 3924 2⁸]
882 3855 930 3902 us
951 3853 1151 3904 noceamus
1172 3855 1318 3904 suusne.

951 3973 1057 4038 Caput
1075 3975 1095 4024 l.

395 4081 440 4148 Ut
467 4082 502 4146 in
530 4082 675 4149 ecclesiis
702 4087 799 4150 totius
829 4085 961 4153 ditionis
989 4097 1120 4154 nostrae
1148 4095 1180 4153 et
1206 4088 1241 4152 in
1268 4087 1445 4175 puerilibus
1475 4086 1604 4172 scholis,
1634 4091 1682 4155 ita
1706 4091 1737 4154 in

313 4179 496 4262 academia,
538 4204 636 4268 penes
664 4206 759 4270 quam
790 4209 916 4274 semper
945 4185 1042 4252 debet
1070 4211 1141 4252 esse
1173 4189 1350 4276 praecipua
1379 4187 1573 4275 gubernatio
1605 4201 1637 4254 et
1668 4212 1734 4254 eeu·

270 4291 389 4348 tosura
410 4279 586 4362 doctrinae,
609 4281 756 4350 volumus
776 4307 890 4371 puram
913 4287 1074 4373 evangelii
1096 4288 1276 4353 doctrinam
1295 4309 1469 4372 verumque
1491 4298 1523 4353 et
1542 4300 1736 4376 perpetuum

388 4513 484 4653 ¹{Die
501 4513 674 4588 Abkiiranng
691 4517 728 4570 ist
745 4533 776 4571 so
794 4517 963 4588 undeutlich,
987 4521 1052 4574 dass
1075 4537 1140 4574 man
1163 4520 1234 4576 auch
1257 4521 1427 4592 maara
1451 4539 1486 4576 an
1512 4523 1587 4578 lesen
1610 4521 1738 4578 versucht

312 4599 370 4655 sein
410 4602 503 4654 iinnte.

395 4690 411 4741 2
429 4684 509 4741 (lana
530 4681 619 4738 sicher
636 4685 674 4738 ist
691 4685 736 4740 die
754 4685 868 4759 Lesung
886 4687 975 4743 dieses
993 4689 1105 4744 Wortes
1121 4687 1208 4743 nicht

397 4773 413 4825 3
431 4768 541 4823 Anders
559 4767 666 4823 soheiut
683 4769 734 4824 das
751 4770 834 4826 Wort
851 4770 929 4826 nicht
945 4772 1055 4844 geleaen
1072 4773 1181 4827 werden
1199 4789 1233 4827 an
1251 4773 1369 4830 kbnnen.

397 4859 413 4908 l
431 4851 618 4910 Geschrieben
636 4853 673 4907 ist
693 4855 824 4924 obsipoaa.

396 4937 470 4991 blm
489 4937 616 5009 Original
634 4936 766 4994 erhalten.
795 4940 858 5011 Vgl.
877 4939 1013 4995 Urlrundl.
1033 4939 1148 5005 Quellen
1166 4939 1193 4996 S.
1213 4945 1269 4997 870.

397 5027 412 5075 6
432 5019 468 5076 So
486 5022 560 5077 steht
576 5021 698 5076 deutlich
717 5023 905 5094 gesehrieben‚
921 5023 977 5077 und
993 5023 1129 5078 demnaeh
1147 5025 1184 5078 ist
1202 5024 1469 5094 zuriiclraunehmen,
1480 5043 1537 5082 was
1555 5025 1627 5083 oben
1643 5027 1673 5082 in
1689 5027 1738 5082 der

311 5103 392 5160 anm.
412 5111 426 5160 2
446 5124 482 5160 zu
498 5105 525 5161 S.
542 5111 582 5175 93,
599 5111 630 5162 27
647 5113 747 5178 gessgt
764 5109 816 5176 ἱεῖς
837 5107 909 5162 anch
926 5107 970 5162 die
988 5107 1069 5164 anm.
1089 5114 1103 5164 2
1123 5107 1175 5164 auf
1196 5107 1223 5164 S.
1242 5115 1273 5166 ³5
1295 5109 1330 5163 ist
1352 5108 1485 5165 hiernach
1504 5128 1539 5165 au
1559 5110 1737 5183 berichtigen,

311 5188 438 5258 obgleieh
456 5207 485 5245 es
504 5191 540 5245 im
557 5189 643 5246 lehre
660 5196 724 5246 1519
742 5191 813 5246 wohl
833 5191 923 5247 sicher
940 5190 1012 5247 noch
1030 5191 1135 5248 iiberall
1153 5194 1297 5263 Lipaenss'a
1313 5192 1457 5264 geheisaen
1475 5193 1533 5250 hat
