3758 6072
328 456 389 522 414
838 455 888 507 Dic
907 453 1126 520 pbilosopbircbe
1143 453 1271 506 memus.

408 637 491 704 Item
511 635 618 701 nullus
640 634 683 699 sd
703 657 841 702 examen
861 636 913 703 vel
934 645 1131 724 temptamen
1153 637 1352 719 admittatur,
1380 636 1445 701 nisi
1464 657 1577 701 coram
1598 633 1739 700 omnibns

323 737 489 822 magistris
509 745 655 822 tempore
677 735 927 824 dispensationis
951 745 1007 801 aut
1026 738 1260 823 conspectionis
1282 757 1495 824 personarum
1523 737 1558 799 in
1584 737 1740 800 conscien-

325 840 376 901 cia
398 859 458 902 sua
479 834 581 917 dicat,
612 834 700 920 quod
725 835 879 902 lectiones
907 858 982 901 suas
1010 845 1042 900 et
1071 836 1234 900 exercicia
1261 846 1294 899 et
1319 835 1385 900 alia
1406 833 1582 900 secundum
1604 845 1740 898 tenorem

325 945 517 1002 statutorum
538 937 811 1022 praescriptorum
828 958 899 1000 cum
915 934 1089 1022 diligencia
1110 935 1271 1001 audiverit
1292 945 1325 999 et
1345 934 1431 1022 quod
1451 932 1629 1019 quemlibet
1647 933 1740 1018 magi·

281 1044 299 1101 5
326 1045 437 1117 suum,
463 1056 485 1099 a
503 1057 566 1122 quo
591 1034 760 1099 lectionem
781 1033 833 1099 vel
862 1036 1057 1100 exercicium
1084 1034 1223 1117 audivit,
1254 1033 1314 1100 sub
1342 1034 1479 1100 lectione
1506 1031 1559 1099 vel
1586 1034 1740 1097 exercicio

324 1133 497 1199 secundum
520 1143 663 1198 tenorem
686 1135 797 1200 statuti
819 1131 961 1222 desuper
982 1133 1118 1200 confecti
1138 1144 1323 1200 contentum
1347 1135 1467 1200 fecerit

605 1323 651 1385 14.
672 1333 891 1384 nascamus
912 1335 958 1384 ur
979 1335 1116 1382 sursus
1138 1334 1464 1386 rnoxovuunosux.

875 1455 937 1518 ugr.
956 1454 1002 1513 vr,
1023 1453 1061 1516 1²·
1080 1453 1156 1520 v111,
1173 1457 1197 1507 a

403 1584 485 1651 Item
505 1583 613 1649 nullus
635 1581 824 1649 admittatur
852 1583 895 1648 ad
922 1607 1058 1650 examen
1085 1607 1146 1672 pro
1167 1585 1272 1672 gradu
1293 1584 1535 1652 baccalariatus
1555 1583 1591 1648 in
1612 1581 1741 1663 artibus,

283 1688 387 1752 tonisi
417 1685 562 1770 attigerit
589 1706 709 1748 annum
740 1689 787 1766 17,
816 1705 876 1748 nec
904 1707 964 1772 pro
998 1683 1105 1771 gradu
1134 1687 1329 1772 magisterii,
1353 1687 1421 1751 nisi
1452 1684 1600 1771 attigerit
1630 1704 1742 1748 annum

323 1785 512 1850 vicesimum
540 1785 680 1870 primum
705 1791 738 1846 et
764 1781 804 1846 de
832 1782 991 1869 legittimo
1017 1787 1223 1851 matrimonio
1245 1795 1340 1850 nauus
1363 1786 1420 1867 sit,
1447 1795 1480 1850 et
1501 1783 1586 1848 alias
1605 1781 1742 1849 moribus

322 1881 589 1950 commendabilis
611 1883 754 1964 existatt,
774 1884 821 1948 sic
842 1882 929 1969 quod
949 1885 983 1947 in
1005 1883 1093 1948 nullo
1115 1905 1253 1949 excessu
1274 1884 1411 1950 notabili
1433 1893 1465 1948 et
1485 1884 1613 1948 notorio
1635 1881 1741 1968 depre

323 1984 442 2048 hensus
463 1982 575 2064 fuerit3
604 1980 691 2068 quod
713 1981 753 2046 de
775 1981 919 2070 quolibet
940 2004 1095 2064 seorsum,
1123 1982 1246 2048 scilicet
1266 1982 1308 2049 de
1327 1993 1435 2049 aetate
1461 1993 1494 2048 et
1521 1981 1742 2069 legittimitate,

320 2092 395 2148 ante
417 2081 645 2146 admissionem
667 2081 710 2145 ad
739 2103 876 2146 examen
896 2081 949 2145 vel
974 2091 1172 2168 temptamen
1201 2105 1260 2169 per
1282 2081 1441 2148 decanum
1467 2084 1651 2170 inquiratur
1677 2079 1742 2146 dili·

281 2191 312 2248 15
322 2189 442 2269 genter.
486 2178 576 2260 Quos
598 2181 702 2244 eciam
723 2191 755 2244 et
776 2177 951 2266 quemlibet
978 2182 1013 2244 in
1035 2181 1152 2269 aliquo,
1181 2193 1218 2246 ut
1240 2183 1469 2269 praemittitur,
1500 2203 1638 2248 excessu
1658 2189 1742 2245 nota·

319 2281 378 2346 bili
398 2284 525 2346 notorio
546 2278 740 2368 culpabilem
761 2278 896 2367 quilibet
916 2281 1146 2366 magistrorum
1171 2282 1276 2345 sciens
1298 2280 1513 2346 denuncciarc
1536 2291 1569 2346 et
1590 2279 1743 2368 impedire

320 2390 427 2469 potest
448 2391 480 2445 et
500 2391 642 2463 tenetur;
670 2399 732 2442 nec
752 2379 855 2443 eciam
876 2379 951 2443 talis
971 2381 1005 2444 in
1035 2389 1199 2466 posterum
1221 2379 1420 2462 admittatur,
1446 2381 1509 2445 nisi
1531 2380 1614 2446 adeo
1635 2379 1740 2444 lauda·

322 2480 430 2545 biliter
451 2491 484 2544 et
504 2481 647 2543 virtuose
669 2499 705 2542 se
732 2479 863 2560 rexerit,
890 2479 975 2563 quod
1004 2501 1045 2544 ex
1073 2489 1238 2544 transacta
1258 2481 1404 2544 virtuosa
1431 2480 1500 2544 eius
1520 2481 1590 2545 vita
1611 2480 1652 2544 dc
1674 2478 1740 2543 snb-

321 2581 465 2666 sequenti
485 2579 555 2642 eius
575 2579 821 2641 conversatione
841 2575 997 2642 laudabili
1018 2587 1255 2664 praesumatur.
1276 2577 1320 2643 Et
1335 2577 1432 2642 talem
1454 2601 1624 2644 excessum
1646 2577 1741 2642 facul-

278 2686 372 2743 aetas
393 2678 516 2742 arcium
543 2685 674 2761 reputat
694 2674 868 2740 notabilem
888 2685 920 2740 et
940 2678 1112 2759 notorium,
1141 2676 1181 2742 de
1204 2699 1267 2763 quo
1289 2699 1348 2765 per
1369 2686 1528 2744 rectorem
1551 2687 1583 2742 et
1605 2699 1740 2743 assesso·

320 2799 372 2842 res
401 2777 470 2840 eius
497 2776 718 2840 incarceratus
751 2775 862 2857 l'uerit,
890 2775 942 2839 vel
972 2776 999 2840 si
1027 2775 1176 2861 publicus
1206 2777 1446 2842 meretricarius
1475 2777 1589 2860 luerit,
1625 2775 1740 2841 scilicet

320 2875 406 2961 quod
433 2877 467 2939 in
496 2874 591 2939 domo
613 2873 822 2939 habitationis
845 2897 923 2939 suae
951 2873 1117 2938 mulierem
1147 2885 1331 2962 suspectam
1362 2875 1491 2963 publice
1513 2877 1669 2957 tenuerit,
1694 2873 1740 2938 vel

321 2975 363 3040 ad
385 2973 554 3040 comodum
575 2972 694 3038 bursae
715 2997 792 3038 suae
813 2974 909 3039 talem
931 2973 1163 3056 introduxerit,
1190 2975 1241 3040 vel
1268 2974 1334 3040 alia
1355 2977 1449 3041 domo
1473 2999 1529 3040 seu
1552 2973 1741 3041 domuncula

319 3073 371 3139 vel
393 3073 527 3139 comodo
546 3073 709 3137 meretrici
731 3072 881 3160 publicae
905 3072 957 3137 vel
985 3072 1209 3139 meretricibus
1237 3075 1378 3162 publicis
1404 3086 1618 3140 conversatus
1640 3075 1740 3154 fuerit,

278 3174 373 3240 25vel
402 3175 436 3238 iu
457 3171 688 3238 collacionibus
711 3183 768 3237 aut
788 3172 946 3260 prandiis,
977 3170 1033 3236 ubi
1059 3172 1157 3236 talem
1180 3171 1232 3236 vel
1260 3171 1342 3237 tales
1366 3195 1437 3238 esse
1465 3175 1614 3258 sciverit,
1641 3173 1740 3255 fuerit,

320 3272 372 3338 vel
394 3272 500 3339 locum
524 3279 722 3359 suspectum,
744 3271 895 3337 videlicet
914 3269 1140 3359 prostibulum,
1161 3273 1357 3356 visitaverit,
1385 3282 1417 3336 et
1438 3272 1478 3337 de
1498 3271 1560 3338 hoc
1581 3275 1741 3338 convictus

322 3371 374 3437 vel
396 3373 561 3437 confessus
581 3371 634 3436 vel
656 3393 716 3459 per
738 3381 963 3437 conventorem
991 3381 1126 3458 propter
1147 3370 1233 3436 hunc
1261 3380 1293 3435 et
1322 3371 1495 3458 quemlibet
1515 3371 1615 3437 alium
1637 3393 1741 3438 exces-

321 3493 392 3536 sum
414 3469 454 3535 de
475 3471 575 3536 bursa
597 3493 656 3536 sua
677 3469 832 3558 expulsus
861 3471 973 3554 fuerit,
1004 3469 1055 3535 vel
1083 3471 1117 3535 in
1145 3469 1325 3558 prostibulo
1353 3471 1405 3535 vel
1431 3481 1525 3535 extra
1552 3470 1684 3558 publice
1711 3493 1741 3535 se

318 3573 524 3658 percusserit,
554 3569 607 3635 vel
635 3569 681 3634 ibi
701 3569 874 3636 wlneratus
896 3593 937 3635 ex
967 3570 1063 3657 culpa
1090 3593 1150 3635 sua
1178 3571 1276 3635 fuerit
1294 3579 1410 3657 captus
1432 3569 1484 3635 vel
1513 3569 1739 3659 deprehensus,

277 3669 373 3736 30vel
394 3674 447 3756 qui
470 3669 512 3735 ad
533 3669 664 3734 taxilles
677 3671 710 3734 in
724 3669 868 3734 tabernis
890 3669 1018 3756 publice
1040 3669 1162 3755 luserit,
1184 3669 1236 3734 vel
1256 3668 1466 3735 hastiludium
1481 3673 1515 3735 in
1531 3671 1602 3736 foro
1618 3669 1740 3758 publice

318 3771 515 3851 exercuerit,
544 3768 595 3834 vel
625 3771 679 3856 qui
708 3768 818 3834 verbis
848 3769 1013 3834 iniuriosis
1039 3767 1178 3856 aliquem
1200 3770 1431 3854 magistrorum
1459 3769 1589 3858 publice
1618 3771 1740 3836 laeserit

317 3869 370 3934 vel
390 3871 497 3955 ipsum
520 3869 673 3932 iniuriose
692 3870 897 3955 percusserit,
918 3867 971 3932 vel
993 3869 1112 3933 furtum
1134 3868 1186 3934 vel
1217 3867 1297 3933 alios
1319 3893 1483 3950 excessus,
1513 3892 1595 3956 quos
1618 3873 1739 3935 comita·

237 3995 239 3999 ’
318 3979 372 4033 tur
399 3968 535 4032 infamia
561 3967 613 4032 vel
640 3967 848 4050 scandalum,
877 3969 1073 4033 commiserit
1100 3969 1152 4032 vel
1182 3970 1428 4055 perpetraverit
1466 3968 1614 4048 Quorum
1641 3967 1739 4034 nullus

319 4067 433 4148 eciam,
462 4069 489 4130 si
512 4066 552 4131 de
574 4066 682 4154 aliquo
704 4065 944 4154 praedictorum
965 4089 1157 4132 excessuum
1179 4079 1349 4154 suspectus
1371 4067 1422 4132 vel
1444 4068 1621 4133 infamatus
1642 4067 1739 4146 fuerit,

278 4175 312 4232 ³5
321 4167 386 4229 nisi
406 4187 440 4228 se
462 4165 576 4230 detali
595 4189 653 4254 per
676 4189 768 4232 suum
788 4168 1003 4232 iuramentum
1026 4169 1277 4254 expurgaverit,
1307 4169 1350 4232 ad
1372 4189 1510 4232 examen
1532 4167 1584 4232 vel
1607 4177 1739 4254 tempta·

318 4287 403 4348 men,
426 4265 473 4329 uti
494 4267 707 4352 praemissum
731 4277 795 4350 est,
820 4266 926 4352 aliquo
947 4266 1042 4332 modo
1064 4267 1262 4332 admittatur.

754 4455 799 4516 15.
822 4467 868 4514 nn
890 4467 1019 4516 naauvu
1042 4465 1317 4516 surrosmouun.

938 4586 1000 4650 Vgl.
1019 4585 1065 4641 vl.
1089 4585 1124 4636 13.

397 4701 480 4768 Item
501 4697 607 4767 nullus
629 4697 830 4767 baccalarins
853 4709 909 4766 aut
930 4699 1070 4787 simplex
1100 4697 1232 4764 studens
1259 4701 1293 4766 in
1321 4699 1447 4766 artibus
1476 4711 1585 4791 portet
1612 4703 1736 4792 pallium

273 4812 358 4868 toex
380 4811 518 4888 utroque
541 4798 626 4888 [ppo]
654 4802 756 4866 latere
784 4800 834 4864 vel
862 4823 926 4865 uno
954 4811 1102 4887 apertum
1132 4822 1204 4864 cum
1231 4799 1344 4887 iopula
1369 4800 1420 4866 vel
1448 4802 1633 4887 tunicella,¹
1661 4825 1736 4891 quse

399 5041 408 5091 1
430 5035 572 5091 Hiernach
590 5033 625 5089 ist
643 5050 698 5089 von
721 5035 846 5103 spitercr
864 5031 947 5088 Hand
966 5049 1010 5087 am
1028 5031 1127 5087 Raude
1142 5029 1344 5102 eingeschoben
1370 5033 1415 5089 cel
1431 5033 1507 5090 ulica
1520 5043 1605 5092 verua
1622 5036 1734 5090 indecen-

316 5127 354 5176 res
372 5121 416 5177 od
433 5122 561 5178 mairam.
