3768 6072
314 399 374 462 200
888 391 944 440 Das
960 400 1053 454 grosse
1070 387 1175 452 colloq.

311 589 472 658 petrnqea:
502 574 547 640 Et
572 569 744 658 collegium
771 571 923 660 intelligit
950 594 1010 659 per
1040 571 1181 659 primum
1202 579 1394 637 recuruum
1418 571 1543 658 primos
1565 579 1632 636 tres
1656 566 1739 656 psal-

315 698 384 741 mos
407 698 478 741 cum
504 673 608 740 tribus
628 671 818 738 lectionibus
841 673 966 760 primis.

920 843 971 906 57.
991 837 1127 904 aaron.¹

395 973 479 1040 Item
499 979 653 1039 statuum
674 995 702 1035 u
723 995 747 1035 a.
768 995 803 1035 w.
831 975 885 1034 wie
906 975 978 1034 obeo
1002 976 1070 1052 184,
1093 974 1143 1051 42,
1168 991 1229 1032 aar
1241 972 1323 1048 sellt
1343 971 1391 1030 die
1412 971 1511 1031 tacite
1527 973 1640 1046 Hdlfle
1661 967 1741 1034 Item

273 1081 289 1138 5
316 1071 500 1139 conclusum
521 1077 603 1152 (184,
620 1075 675 1150 45)
697 1075 741 1133 tir
762 1069 947 1156 persolvere
968 1073 1052 1152 (185,
1072 1073 1111 1146 3).

397 1523 438 1584 so
462 1523 530 1582 weit
557 1524 610 1583 lot
636 1523 684 1582 dic
710 1531 787 1582 erra
816 1523 914 1582 Hand
938 1523 1134 1600 percha-imm,
1164 1522 1212 1581 die
1238 1540 1301 1580 aaa
1319 1521 1487 1598 solqeadm
1515 1519 1645 1580 Ztud'tae
1676 1520 1745 1580 sind

315 1626 375 1684 aaa
395 1641 453 1682 oon
473 1621 702 1681 cersolicdcncn
723 1621 911 1682 Schrader-rs.

369 1803 419 1870 58.
441 1816 561 1867 uenus
583 1816 782 1866 ramosum
802 1817 974 1878 ernanus
994 1817 1063 1866 ruo
1085 1816 1193 1866 usae.
1213 1815 1408 1866 nnuuonno
1432 1815 1690 1865 smnnnsrsns

660 1915 706 1964 nn
728 1916 947 1965 nonrwsnsn
969 1916 1135 1965 nocroan
1158 1917 1194 1964 m
1215 1915 1393 1964 usuroms

276 2043 309 2099 1⁰
401 2031 522 2096 Statuit
544 2031 714 2118 collegium
736 2033 840 2096 maius
863 2031 1067 2098 concorditer
1090 2029 1130 2096 de
1151 2030 1318 2096 voluntate
1339 2040 1371 2096 et
1392 2053 1551 2097 consensu
1571 2030 1742 2116 magistro-

317 2153 388 2196 rum
409 2130 522 2196 Iacobi
542 2129 699 2196 Schulteti
720 2132 760 2196 de
782 2129 986 2216 Stargardia,
1007 2151 1121 2194 sacrae
1141 2129 1334 2216 theologiae,
1357 2129 1467 2196 lacobi
1491 2127 1684 2194 Meseberch
1703 2127 1743 2192 de

317 2228 462 2312 Stendal,
484 2227 664 2294 medicinae
685 2230 934 2317 professornm2,
956 2227 1053 2294 buius
1073 2230 1201 2316 negocii
1219 2238 1450 2314 promotorum,
1472 2238 1509 2294 ut
1530 2227 1668 2314 singulis
1689 2249 1742 2292 an·

315 2331 367 2394 nis
388 2329 489 2393 tercio
511 2326 563 2392 vel
592 2339 707 2415 quarto
730 2327 783 2392 die
806 2338 880 2414 post
908 2329 1026 2392 festum
1054 2328 1158 2392 sancti
1181 2325 1268 2392 Galli
1296 2340 1473 2414 peragatur
1500 2327 1743 2392 anniversarius

316 2426 513 2493 venerabilis
534 2426 699 2513 quondam
720 2427 782 2492 viri
804 2427 900 2512 Mgri.
921 2425 1085 2492 Helmoldi
1115 2424 1333 2492 Gledeustede
1360 2425 1401 2491 dc
1423 2425 1615 2508 Zoltwedel,
1645 2423 1743 2490 medi·

277 2528 412 2593 lucinae
433 2524 586 2608 doctoris,
614 2547 739 2590 necnon
760 2524 882 2590 domini
904 2524 1084 2608 Bertboldi,
1112 2526 1239 2611 nepotis
1261 2524 1405 2590 eiusdem
1434 2526 1573 2613 praefati
1603 2523 1744 2590 doctoris

318 2622 420 2712 [11¹³],
442 2623 531 2711 apud
554 2635 701 2689 sanctum
721 2623 902 2707 Nicolaum,
931 2623 1105 2689 dummodo
1126 2623 1247 2688 ibidem
1269 2647 1333 2689 uon
1356 2627 1453 2690 buerit
1474 2625 1616 2712 positum
1639 2622 1745 2687 obsta·

318 2723 434 2804 ctrlum,
461 2721 543 2787 alias
569 2723 785 2787 transferatur
814 2720 857 2786 ad
886 2733 1032 2788 sanctum
1052 2721 1196 2787 Paulum.
1237 2721 1292 2786 Ad
1320 2745 1401 2810 quas
1432 2723 1563 2809 quidem
1591 2721 1745 2808 exequias

319 2821 524 2912 peragendas
544 2820 623 2885 liant
643 2821 706 2886 duo
729 2819 841 2906 pulsus
861 2821 949 2907 apud
971 2831 1116 2886 sanctum
1131 2821 1302 2887 Nicolaum
1324 2845 1383 2908 pro
1405 2821 1526 2906 vigiliis
1547 2833 1579 2888 et
1600 2819 1746 2906 sequenti

319 2922 373 2988 die
393 2942 477 2985 unus
499 2918 610 3007 pulsus
634 2943 693 3006 pro
716 2920 826 3002 missa,
848 2921 940 2984 iuxta
962 2943 1085 2986 morem
1100 2923 1310 3006 exequiarum
1325 2920 1448 2987 domini
1470 2919 1624 3003 doctoris,
1645 2919 1746 3004 magi·

277 3022 383 3087 metri
403 3017 557 3085 Iohannis
579 3017 620 3082 de
634 3017 871 3105 Monsterberg,
893 3041 952 3106 pro
976 3019 1094 3107 quibus
1116 3019 1232 3085 dentur
1254 3018 1459 3106 pulsantibus
1480 3020 1514 3106 iij
1539 3033 1579 3104 94.
1601 3029 1634 3084 et
1654 3019 1691 3105 iij
1711 3020 1747 3097 cl

317 3121 399 3186 Item
418 3118 465 3205 iiij
489 3132 528 3203 μς.
559 3129 704 3203 exponat
725 3119 930 3204 praepositus
952 3118 1081 3204 collegii
1104 3140 1164 3204 pro
1185 3140 1261 3182 cera
1285 3118 1328 3183 ad
1350 3117 1502 3182 candelas
1524 3141 1584 3205 pro
1608 3117 1747 3183 oblacio

318 3239 369 3300 nc,
392 3219 470 3282 item
499 3217 619 3281 rectori
648 3215 823 3283 scolarium
846 3223 863 3282 t
886 3231 925 3302 μς.
949 3239 1008 3304 pro
1030 3216 1152 3302 vigiliis
1174 3226 1206 3282 et
1228 3217 1329 3282 missa
1351 3215 1575 3283 defimctorum
1598 3240 1658 3305 per
1680 3240 1746 3282 sco

317 3317 404 3384 lares
430 3313 652 3396 decantandis,
684 3318 865 3382 succentori
894 3318 916 3403 ij
940 3331 982 3399 pt.
1007 3337 1067 3402 pro
1087 3311 1289 3382 ‘Recordare’
1313 3327 1379 3381 tam
1402 3326 1477 3402 post
1497 3315 1629 3402 vigiliae
1652 3338 1746 3403 qnam

319 3427 395 3504 post
414 3416 549 3481 missam
570 3413 783 3496 decantando,
805 3415 944 3502 plebano
964 3415 988 3502 ij
1011 3429 1061 3500 pt,
1083 3417 1111 3480 si
1131 3414 1278 3482 ultimam
1299 3417 1333 3480 iu
1353 3415 1477 3502 vigiliis
1498 3415 1616 3501 legerit
1636 3414 1745 3480 lectio·

277 3527 406 3597 25nem,
435 3513 518 3580 alias
549 3513 653 3580 solum
679 3535 778 3578 unum
800 3537 850 3600 gr.
877 3513 1025 3596 habebit,
1053 3518 1130 3580 item
1159 3514 1359 3602 subplcbano
1387 3512 1481 3580 detur
1510 3517 1521 3579 i
1543 3529 1592 3598 qq,
1622 3511 1747 3579 custodi

318 3614 473 3681 ecclcsiae
495 3611 643 3678 similiter
665 3635 746 3678 unus
766 3636 814 3698 gr.
836 3612 940 3696 detur,
962 3612 1096 3679 cuilibet
1116 3613 1294 3679 choralium
1316 3613 1396 3700 iijol
1416 3623 1448 3678 et
1468 3612 1601 3678 cuilibet
1621 3613 1741 3694 iuveni,

318 3717 352 3781 in
378 3711 502 3798 vigiliis
530 3710 699 3777 lectionem
729 3710 864 3797 legenti,
897 3716 980 3796 1⁴3,
1011 3734 1094 3799 quae
1120 3713 1246 3778 faciunt
1273 3713 1307 3776 in
1335 3735 1460 3777 summa
1489 3714 1573 3800 xviij
1597 3729 1639 3798 μς.
1669 3715 1746 3794 843.

318 3815 391 3879 Has
420 3812 576 3898 exequias
611 3811 816 3896 praepositus
846 3810 973 3897 collegii
1004 3813 1137 3877 maioris
1166 3812 1338 3900 disponere
1367 3821 1492 3876 tenetur
1522 3821 1553 3876 et
1582 3813 1746 3898 magistris

280 3919 286 3930 '
322 3909 467 3977 eiusdem
488 3907 617 3993 collegii
638 3918 671 3972 et
689 3908 826 3974 aliorum
848 3909 985 3976 duorum
1003 3909 1213 3998 collegiorum
1240 3934 1303 3998 quo
1326 3910 1369 3976 ad
1390 3910 1486 3976 boras
1509 3909 1697 3996 vigiliarum
1717 3919 1748 3975 et

279 4011 498 4077 tomissarum
525 4007 675 4072 intimare
705 4031 763 4094 per
792 4007 949 4093 cedulam,
979 4013 1175 4097 praepositis
1206 4010 1344 4076 aliorum
1373 4008 1582 4096 collegiorum
1609 4009 1747 4096 dirigen-

321 4109 405 4176 dam.
448 4105 514 4172 Ubi
544 4107 572 4172 si
601 4108 840 4192 comparuerint
866 4109 901 4171 in
927 4109 1025 4175 choro
1052 4109 1156 4176 sancti
1183 4107 1325 4191 Nicolai,
1353 4111 1386 4174 in
1409 4107 1530 4194 vigiliis
1557 4118 1634 4174 ante
1653 4109 1746 4173 finem

320 4209 418 4297 primi
446 4205 594 4274 nocturni
616 4201 701 4292 [12⁸]
724 4206 809 4270 etin
829 4207 929 4272 missa
951 4208 1126 4295 principali
1152 4207 1378 4274 defunctorum
1405 4217 1480 4273 ante
1509 4207 1692 4294 epistolam,
1718 4217 1748 4271 et

321 4306 442 4374 ibidem
472 4305 725 4392 permanserint,
753 4306 787 4370 in
812 4303 933 4392 vigiliis
958 4306 1107 4372 adminue
1128 4329 1230 4393 usque
1256 4306 1298 4372 ad
1326 4306 1450 4389 laudes,
1479 4308 1512 4372 in
1540 4307 1650 4372 missis
1673 4329 1746 4370 vero

322 4428 422 4494 usque
453 4404 496 4469 sd
524 4403 692 4470 silenoium
719 4401 865 4490 (dempto
888 4407 980 4470 exitu
1005 4428 1066 4493 pro
1089 4403 1278 4492 offertorio),
1307 4405 1364 4472 ubi
1394 4404 1529 4491 quilibet
1560 4403 1747 4492 collegiatus

278 4517 477 4595 aspraessns
506 4500 549 4566 ad
577 4501 640 4566 duo
669 4501 786 4567 altaria
815 4503 930 4570 offerre
960 4513 1116 4587 teneatur,
1144 4503 1279 4570 habebit
1306 4503 1441 4593 quilibet
1469 4523 1492 4568 x
1516 4520 1557 4590 pq.
1589 4505 1746 4592 antiquos.

322 4605 358 4672 Si
379 4611 488 4668 autem
509 4611 680 4688 utrumque
702 4600 921 4686 neglexerint,
951 4601 1076 4670 scilicet
1101 4601 1232 4688 vigilias
1257 4613 1288 4668 et
1313 4606 1440 4687 musas,
1468 4602 1549 4668 nihil
1575 4601 1746 4669 habebunt

282 4767 616 4784 Μ·

401 4871 413 4921 1
442 4861 530 4921 Nicbt
553 4861 664 4936 gezfiblt
686 4865 723 4919 im
742 4865 881 4939 Originnl,
902 4885 933 4924 so
950 4869 1015 4923 dass
1039 4863 1132 4922 fortan
1149 4866 1194 4921 die
1215 4865 1320 4922 Zablen
1338 4867 1438 4922 wieder
1455 4867 1746 4923 zusammanstimmen.

399 4953 415 5004 2
442 4947 592 5004 Vielleiebt
608 4947 659 5002 das
676 4949 774 5006 filteste
791 4951 921 5023 Beispiel,
944 4952 1009 5006 dass
1027 4949 1077 5004 der
1096 4949 1170 5006 uitet
1194 4949 1378 5006 Professor
1400 4968 1455 5006 von
1479 4951 1567 5006 ciuem
1587 4952 1692 5010 andern
1709 4951 1747 5005 als

322 5035 411 5090 einem
427 5031 588 5104 Theologcn
604 5031 760 5104 gebraucbt
776 5035 852 5091 ntrd.
