3768 6072
328 451 390 514 258
902 447 959 500 Dar
978 447 1067 498 hletae
1084 447 1189 511 eones.

329 628 426 692 brerit
457 627 605 712 huncque
636 627 790 692 iniuriose
825 627 1009 712 offenderit,
1039 626 1186 713 graviter
1215 647 1235 690 a
1264 623 1400 709 collegio
1429 623 1605 690 arbitraria
1641 625 1756 692 mulcta

330 724 515 810 puniendus
536 736 594 790 est

722 836 768 926 [S.
791 838 843 930 tt]
865 859 913 907 nn
935 857 1133 907 nnncrronn
1154 856 1369 906 rasneossrr.

898 977 1071 1028 statutum
1089 975 1189 1027 XVII.

287 1101 303 1154 5
412 1089 501 1176 Eligi
522 1092 726 1178 praepositus
748 1090 845 1157 debet
866 1089 1025 1156 sabbatho
1047 1088 1137 1154 finali
1158 1087 1375 1154 nrmdinarum
1397 1087 1611 1174 paschalium,
1637 1099 1670 1153 et
1689 1089 1755 1174 qui·

331 1191 405 1255 dem
428 1213 469 1254 ex
491 1211 623 1254 numero
646 1187 874 1254 salariatorum
903 1189 1101 1275 collegmun
1129 1197 1266 1270 tantum,
1295 1185 1471 1252 seeundum
1497 1187 1646 1252 ordinem
1672 1189 1757 1268 senii

330 1289 502 1354 Caeterum
525 1287 798 1354 administrationi
819 1285 1030 1376 praeficiendi
1050 1297 1125 1352 aunt
1146 1283 1259 1350 saltem
1280 1287 1302 1350 ii
1325 1307 1366 1350 ex
1388 1285 1562 1368 salariatis,
1588 1287 1646 1373 qui
1666 1307 1756 1372 prae·

330 1398 436 1452 sentes
464 1398 539 1452 suut
567 1397 599 1451 et
626 1385 799 1470 collegium
826 1384 1019 1452 inhabitant.
1065 1385 1100 1450 Si
1129 1385 1229 1470 igitur
1257 1384 1337 1450 ordo
1367 1384 1660 1450 administrationis
1688 1406 1755 1448 eum

329 1487 487 1572 attigerit,
515 1487 570 1573 qui
598 1487 633 1550 in
658 1483 739 1550 urbe
768 1494 993 1567 commoretur,
1021 1482 1164 1567 curabit,
1191 1493 1226 1548 ut
1253 1483 1339 1548 illius
1367 1485 1458 1550 vices
1487 1493 1582 1569 gerat
1609 1507 1693 1550 unus
1719 1506 1758 1548 ex

291 1584 496 1652 tosalariatis
516 1606 672 1671 praesens
695 1587 728 1649 in
750 1581 897 1670 collegio.

749 1745 796 1836 [S.
818 1747 870 1838 22]
892 1767 940 1814 on
962 1765 1102 1814 orrrcro
1125 1765 1341 1814 rmsrossrr.

887 1884 1062 1935 Statutum
1078 1883 1196 1934 XVIII.

411 1997 565 2064 Officium
586 1997 769 2084 praepositi
790 1996 908 2062 annale
923 1998 993 2073 erit,
1015 2007 1134 2062 etcum
1148 1994 1391 2080 diligentissimi
1409 1993 1658 2081 patrisfamilias
1672 1995 1757 2059 vices

327 2107 436 2183 gerat,
464 2099 624 2184 imprimis
653 2119 768 2161 curare
795 2095 908 2178 debet,
936 2105 972 2161 ut
998 2095 1143 2181 collegae
1170 2093 1344 2181 tranquille
1369 2115 1598 2180 germanorum
1625 2094 1757 2158 fratrum

287 2207 418 2262 timore
447 2217 512 2260 una
542 2197 673 2277 vivant,
717 2194 835 2260 deinde
863 2204 898 2259 ut
923 2195 996 2258 iura
1024 2194 1152 2280 collegii
1180 2202 1318 2275 tueatur,
1349 2194 1549 2259 honestatem
1580 2203 1756 2270 conservet,

328 2297 363 2360 in
382 2317 490 2361 mores
511 2292 742 2382 inquilinorum
765 2293 1021 2376 animadvertat,
1050 2296 1085 2358 in
1106 2291 1294 2359 emonendis
1316 2291 1466 2358 censibus
1488 2290 1616 2377 collegii
1639 2299 1673 2355 et
1692 2313 1754 2356 ero·

327 2392 443 2480 gaudis
466 2391 650 2458 elemosinis
672 2415 711 2457 ae
733 2392 867 2480 reliquis
895 2391 1129 2458 distribuendis
1159 2393 1202 2456 sit
1227 2390 1312 2456 fidus
1336 2414 1376 2456 ac
1401 2391 1549 2476 diligens,
1577 2389 1755 2456 rationibus

326 2491 465 2557 fideliter
485 2493 624 2578 praesit,
653 2490 826 2578 diligenter
849 2491 977 2556 curabit
1004 2491 1122 2573 omnia,
1150 2511 1233 2578 quae
1262 2489 1306 2554 ad
1333 2491 1574 2555 oeconomicam
1596 2491 1757 2577 pertinent

327 2589 537 2674 industriam3
568 2598 681 2655 conba
703 2591 730 2655 si
751 2589 864 2654 lecerit
885 2589 937 2655 vel
958 2589 1095 2655 alicuius
1116 2589 1344 2676 negligentiae,
1373 2588 1573 2675 petulantiae
1599 2597 1658 2654 aut
1680 2589 1756 2653 alte·

285 2691 395 2755 torius
423 2691 521 2754 etiam
549 2685 657 2753 delicti
680 2691 845 2754 convictus
875 2689 986 2772 l'uerit,
1015 2690 1050 2753 in
1076 2687 1167 2753 illum
1193 2686 1327 2753 habebit
1348 2687 1519 2774 collegium
1541 2685 1754 2774 eumad-[23]

326 2791 509 2854 versionem
539 2790 658 2854 iustam
687 2786 826 2852 mulctae
853 2787 906 2852 vel
936 2809 1076 2875 poenae,
1106 2809 1203 2874 quam
1232 2788 1352 2875 poterit
1381 2787 1509 2875 exequi,
1540 2809 1613 2852 cum
1645 2787 1758 2852 exierit

326 2889 553 2975 magistratum
575 2909 676 2952 suum.

782 3020 829 3069 nn
851 3019 1060 3069 RATIONIBUS
1081 3019 1299 3070 PRAEPOSI'II.

890 3138 1060 3188 Statutum
1079 3137 1159 3188 XIX.

285 3260 319 3316 25
410 3253 564 3339 Inprimis
585 3251 766 3318 elaborabit
786 3253 821 3318 in
842 3274 879 3317 eo
902 3251 1110 3338 praepositus
1133 3274 1232 3340 quam
1254 3251 1500 3336 studiosissime,
1522 3263 1558 3319 ut
1579 3253 1641 3318 sub
1664 3255 1755 3318 finem

328 3353 574 3438 praepositurae
603 3373 680 3416 suae
706 3353 791 3416 iutra
813 3373 957 3416 mensem
988 3349 1104 3436 planas
1132 3349 1286 3416 exhibeat
1314 3350 1444 3440 collegii
1476 3353 1630 3435 rationes,
1661 3352 1755 3438 idque

327 3450 387 3516 sub
415 3472 521 3538 poena
542 3452 736 3538 privationis
757 3451 901 3515 omnium
921 3449 1211 3516 emolumentorum
1241 3473 1454 3536 perannum.
1498 3451 1629 3516 Deinde
1652 3453 1755 3538 singu·

325 3549 367 3616 lia
397 3548 655 3615 hebdomadibus
679 3547 816 3614 sabatho
838 3548 891 3614 die
914 3571 986 3614 cum
1015 3557 1175 3632 curatore,
1202 3551 1293 3616 cuius
1316 3573 1434 3638 operas
1457 3549 1519 3615 sibi
1548 3573 1585 3616 eo
1614 3561 1756 3638 tempore

327 3647 476 3718 addictas
497 3647 609 3729 habet,
637 3646 750 3712 audiat
776 3647 903 3713 culinae
926 3668 1087 3734 expensas
1110 3668 1228 3734 easque
1256 3649 1431 3737 persolvat,
1461 3649 1521 3714 sub
1544 3672 1653 3736 poena
1675 3649 1755 3715 arbi·

285 3759 320 3812 ³0
328 3749 432 3813 traria
452 3745 588 3833 collegii
631 3745 674 3810 Et
702 3744 742 3810 de
763 3744 827 3810 illis
853 3767 1054 3832 perannum
1081 3756 1131 3812 ter
1156 3746 1254 3836 idque
1280 3749 1433 3836 proxima
1461 3747 1671 3816 hebdomada
1697 3751 1754 3814 sin-

326 3846 413 3932 gulis
443 3845 564 3933 elapsis
594 3843 747 3908 nundinis
777 3841 840 3931 [24]
870 3843 946 3910 edat
973 3847 1130 3928 rationes,
1160 3846 1258 3934 idque
1285 3869 1391 3935 poena
1418 3849 1612 3935 privationis
1639 3847 1754 3914 emolu-

328 3955 510 4009 mentorum
533 3942 699 4030 usquead
721 3953 891 4030 sequentes
913 3945 1055 4010 rationes
1077 3945 1369 4032 percipiendorum.

519 4127 566 4176 DE
587 4123 819 4176 maracrtortn
838 4125 1003 4175 cotanen
1024 4129 1046 4176 A
1068 4128 1285 4178 raanrost'ro
1307 4129 1549 4180 cananaeam.

912 4245 1088 4298 Statutum
1109 4249 1171 4300 xit.

284 4369 317 4424 35
408 4359 566 4426 Proxima
591 4357 798 4427 hebdomada
825 4358 960 4446 singulis
983 4360 1104 4448 elapsis
1131 4361 1301 4428 nuudinis¹
1329 4363 1536 4450 praepositus
1564 4363 1686 4430 scheda
1714 4362 1752 4428 ad

325 4468 455 4546 portam
484 4459 609 4546 collegii
640 4459 808 4546 proposita
831 4458 1029 4544 significabit
1055 4459 1232 4547 inquilinis,
1255 4463 1400 4528 omnium
1421 4463 1565 4548 capitum
1595 4462 1640 4528 ad
1666 4465 1750 4550 ipsos
1865 4479 1866 4546 Ῑ

325 4560 554 4645 pertinentium
576 4580 611 4624 se
631 4568 751 4624 statuta
773 4557 902 4644 publice
921 4561 1132 4624 recitatum
1145 4581 1226 4642 esse,
1247 4561 1578 4626 animadversionem
1593 4571 1752 4627 contuma-
1865 4599 1866 4620 r

326 4681 379 4724 ces
401 4668 434 4724 et
454 4659 511 4746 qui
532 4655 714 4746 petulanter
737 4656 864 4740 absunt,
885 4658 1027 4745 quinque
1048 4680 1246 4744 grossorum.
1266 4660 1396 4726 Deinde
1411 4659 1454 4726 ad
1470 4659 1627 4726 indictam
1642 4661 1751 4728 boram

325 4755 521 4846 campanula
541 4767 591 4822 ter
611 4755 741 4844 pulsata
767 4767 894 4822 coetum
921 4755 1141 4822 habitatorum
1168 4758 1296 4846 collegii
1325 4758 1519 4827 convocabit
1546 4771 1646 4848 atque
1674 4763 1752 4826 inter

282 4857 538 4941 torecitandum,
560 4857 589 4921 si
610 4855 690 4944 quid
711 4878 793 4944 opus
815 4857 887 4938 erit,
905 4856 1059 4940 monebit,
1082 4855 1261 4944 castigabit
1272 4868 1305 4924 et
1319 4858 1554 4928 adhortabitur.
1575 4861 1607 4926 A
1620 4859 1751 4926 lectione

400 5115 411 5165 1
432 5107 487 5164 Am
506 5105 619 5163 Raude:
650 5105 758 5161 inebrae
775 5105 929 5176 septimum
945 5104 1090 5162 solatoria.
