<?xml version="1.0" encoding="UTF-8"?>
<!DOCTYPE html PUBLIC "-//W3C//DTD XHTML 1.0 Transitional//EN"
    "http://www.w3.org/TR/xhtml1/DTD/xhtml1-transitional.dtd">
<html xmlns="http://www.w3.org/1999/xhtml" xml:lang="en" lang="en">
 <head>
  <title>
</title>
<meta http-equiv="Content-Type" content="text/html;charset=utf-8" />
  <meta name='ocr-system' content='tesseract 3.04.00' />
  <meta name='ocr-capabilities' content='ocr_page ocr_carea ocr_par ocr_line ocrx_word'/>
</head>
<body>
  <div class='ocr_page' id='page_1' title='image "./diestatutenbche00leipgoog_0123.png"; bbox 0 0 3794 6066; ppageno 0'>
   <div class='ocr_carea' id='block_1_1' title="bbox 375 503 1329 569">
    <p class='ocr_par' dir='ltr' id='par_1_1' title="bbox 375 503 1329 569">
     <span class='ocr_line' id='line_1_1' title="bbox 375 503 1329 569; baseline -0.016 -3"><span class='ocrx_word' id='word_1_1' title='bbox 375 507 432 569; x_wconf 78' lang='lat'><strong>102</strong></span> <span class='ocrx_word' id='word_1_2' title='bbox 842 504 897 554; x_wconf 86' lang='lat' dir='ltr'><strong>Des</strong></span> <span class='ocrx_word' id='word_1_3' title='bbox 914 503 1048 554; x_wconf 78' lang='lat' dir='ltr'><strong>lohannes</strong></span> <span class='ocrx_word' id='word_1_4' title='bbox 1064 504 1144 554; x_wconf 72' lang='lat' dir='ltr'><strong>Fabri</strong></span> <span class='ocrx_word' id='word_1_5' title='bbox 1162 504 1195 552; x_wconf 81' lang='lat' dir='ltr'><strong>ds</strong></span> <span class='ocrx_word' id='word_1_6' title='bbox 1217 504 1329 552; x_wconf 81' lang='lat' dir='ltr'><strong>Wsrdes</strong></span> 
     </span>
    </p>
   </div>
   <div class='ocr_carea' id='block_1_2' title="bbox 331 681 1798 1645">
    <p class='ocr_par' dir='ltr' id='par_1_2' title="bbox 331 681 1798 1645">
     <span class='ocr_line' id='line_1_2' title="bbox 370 681 1795 772; baseline 0.001 -23"><span class='ocrx_word' id='word_1_7' title='bbox 370 683 576 771; x_wconf 82' lang='lat' dir='ltr'><strong>Dhiiringiae</strong></span> <span class='ocrx_word' id='word_1_8' title='bbox 604 681 689 772; x_wconf 67' lang='lat' dir='ltr'><strong>[lob]</strong></span> <span class='ocrx_word' id='word_1_9' title='bbox 723 693 755 748; x_wconf 89' lang='lat' dir='ltr'><strong>et</strong></span> <span class='ocrx_word' id='word_1_10' title='bbox 784 683 979 749; x_wconf 90' lang='lat' dir='ltr'><strong>marchionis</strong></span> <span class='ocrx_word' id='word_1_11' title='bbox 999 682 1161 768; x_wconf 81' lang='lat' dir='ltr'><strong>Misznae,</strong></span> <span class='ocrx_word' id='word_1_12' title='bbox 1194 685 1316 751; x_wconf 91' lang='lat' dir='ltr'><strong>domini</strong></span> <span class='ocrx_word' id='word_1_13' title='bbox 1348 687 1450 750; x_wconf 90' lang='lat' dir='ltr'><strong>nostri</strong></span> <span class='ocrx_word' id='word_1_14' title='bbox 1482 686 1651 770; x_wconf 79' lang='lat' dir='ltr'>gratiosi),</span> <span class='ocrx_word' id='word_1_15' title='bbox 1686 709 1795 750; x_wconf 88' lang='lat' dir='ltr'><strong>omnes</strong></span> 
     </span>
     <span class='ocr_line' id='line_1_3' title="bbox 370 783 1794 871; baseline 0 -23"><span class='ocrx_word' id='word_1_16' title='bbox 370 793 403 848; x_wconf 91' lang='lat' dir='ltr'><strong>et</strong></span> <span class='ocrx_word' id='word_1_17' title='bbox 424 784 568 868; x_wconf 91' lang='lat' dir='ltr'><strong>singulos</strong></span> <span class='ocrx_word' id='word_1_18' title='bbox 589 793 681 849; x_wconf 87' lang='lat' dir='ltr'><strong>actus</strong></span> <span class='ocrx_word' id='word_1_19' title='bbox 701 783 921 865; x_wconf 89' lang='lat' dir='ltr'><strong>scholasticos,</strong></span> <span class='ocrx_word' id='word_1_20' title='bbox 944 784 1092 870; x_wconf 81' lang='lat' dir='ltr'><strong>proxime</strong></span> <span class='ocrx_word' id='word_1_21' title='bbox 1112 794 1248 871; x_wconf 90' lang='lat' dir='ltr'><strong>propter</strong></span> <span class='ocrx_word' id='word_1_22' title='bbox 1270 785 1559 851; x_wconf 84' lang='lat' dir='ltr'><strong>certasviolentias</strong></span> <span class='ocrx_word' id='word_1_23' title='bbox 1573 798 1605 850; x_wconf 88' lang='lat' dir='ltr'><strong>et</strong></span> <span class='ocrx_word' id='word_1_24' title='bbox 1618 783 1794 865; x_wconf 81' lang='lat' dir='ltr'><strong>molestias,</strong></span> 
     </span>
     <span class='ocr_line' id='line_1_4' title="bbox 371 881 1796 972; baseline 0.001 -24"><span class='ocrx_word' id='word_1_25' title='bbox 371 883 577 950; x_wconf 78' lang='lat' dir='ltr'><strong>universitati</strong></span> <span class='ocrx_word' id='word_1_26' title='bbox 603 894 635 948; x_wconf 89' lang='lat' dir='ltr'><strong>et</strong></span> <span class='ocrx_word' id='word_1_27' title='bbox 665 884 843 970; x_wconf 84' lang='lat' dir='ltr'><strong>suppositis</strong></span> <span class='ocrx_word' id='word_1_28' title='bbox 866 883 936 947; x_wconf 86' lang='lat' dir='ltr'><strong>eius</strong></span> <span class='ocrx_word' id='word_1_29' title='bbox 956 881 1072 946; x_wconf 84' lang='lat' dir='ltr'><strong>frivole</strong></span> <span class='ocrx_word' id='word_1_30' title='bbox 1093 882 1218 968; x_wconf 86' lang='lat' dir='ltr'><strong>illatas,</strong></span> <span class='ocrx_word' id='word_1_31' title='bbox 1246 907 1437 972; x_wconf 90' lang='lat' dir='ltr'><strong>suspensos,</strong></span> <span class='ocrx_word' id='word_1_32' title='bbox 1460 887 1554 950; x_wconf 85' lang='lat' dir='ltr'><strong>iuxta</strong></span> <span class='ocrx_word' id='word_1_33' title='bbox 1574 895 1709 950; x_wconf 86' lang='lat' dir='ltr'><strong>nostrae</strong></span> <span class='ocrx_word' id='word_1_34' title='bbox 1728 886 1796 950; x_wconf 90' lang='lat' dir='ltr'><strong>uni·</strong></span> 
     </span>
     <span class='ocr_line' id='line_1_5' title="bbox 370 981 1796 1070; baseline 0.001 -24"><span class='ocrx_word' id='word_1_35' title='bbox 370 983 533 1048; x_wconf 79' lang='lat' dir='ltr'><strong>versitatis</strong></span> <span class='ocrx_word' id='word_1_36' title='bbox 563 981 747 1048; x_wconf 90' lang='lat' dir='ltr'><strong>conclusum</strong></span> <span class='ocrx_word' id='word_1_37' title='bbox 781 981 914 1048; x_wconf 91' lang='lat' dir='ltr'><strong>eosdem</strong></span> <span class='ocrx_word' id='word_1_38' title='bbox 941 983 975 1046; x_wconf 95' lang='lat' dir='ltr'><strong>in</strong></span> <span class='ocrx_word' id='word_1_39' title='bbox 1003 982 1066 1048; x_wconf 93' lang='lat' dir='ltr'><strong>hiis</strong></span> <span class='ocrx_word' id='word_1_40' title='bbox 1097 985 1229 1070; x_wconf 90' lang='lat' dir='ltr'><strong>scriptis</strong></span> <span class='ocrx_word' id='word_1_41' title='bbox 1253 983 1455 1068; x_wconf 79' lang='lat' dir='ltr'><strong>relaxamus,</strong></span> <span class='ocrx_word' id='word_1_42' title='bbox 1485 984 1655 1050; x_wconf 72' lang='lat' dir='ltr'><strong>hortantes</strong></span> <span class='ocrx_word' id='word_1_43' title='bbox 1686 1007 1796 1050; x_wconf 89' lang='lat' dir='ltr'><strong>omnes</strong></span> 
     </span>
     <span class='ocr_line' id='line_1_6' title="bbox 345 1079 1797 1172; baseline 0.003 -26"><span class='ocrx_word' id='word_1_44' title='bbox 345 1091 404 1147; x_wconf 82' lang='lat' dir='ltr'><strong>tet</strong></span> <span class='ocrx_word' id='word_1_45' title='bbox 432 1079 576 1168; x_wconf 88' lang='lat' dir='ltr'><strong>singulos</strong></span> <span class='ocrx_word' id='word_1_46' title='bbox 603 1081 793 1166; x_wconf 90' lang='lat' dir='ltr'><strong>magistros,</strong></span> <span class='ocrx_word' id='word_1_47' title='bbox 827 1081 989 1164; x_wconf 87' lang='lat' dir='ltr'><strong>doctores,</strong></span> <span class='ocrx_word' id='word_1_48' title='bbox 1023 1081 1206 1148; x_wconf 89' lang='lat' dir='ltr'><strong>licentiatos</strong></span> <span class='ocrx_word' id='word_1_49' title='bbox 1243 1092 1275 1148; x_wconf 90' lang='lat' dir='ltr'><strong>ct</strong></span> <span class='ocrx_word' id='word_1_50' title='bbox 1302 1081 1504 1150; x_wconf 81' lang='lat' dir='ltr'><strong>baccalarios</strong></span> <span class='ocrx_word' id='word_1_51' title='bbox 1531 1106 1797 1172; x_wconf 79' lang='lat' dir='ltr'><strong>quammcrmque</strong></span> 
     </span>
     <span class='ocr_line' id='line_1_7' title="bbox 371 1180 1796 1269; baseline 0.003 -23"><span class='ocrx_word' id='word_1_52' title='bbox 371 1180 577 1261; x_wconf 73' lang='lat' dir='ltr'><strong>factdtatum,</strong></span> <span class='ocrx_word' id='word_1_53' title='bbox 606 1189 763 1268; x_wconf 91' lang='lat' dir='ltr'><strong>quatenus</strong></span> <span class='ocrx_word' id='word_1_54' title='bbox 788 1182 821 1245; x_wconf 91' lang='lat' dir='ltr'><strong>in</strong></span> <span class='ocrx_word' id='word_1_55' title='bbox 851 1194 946 1245; x_wconf 89' lang='lat' dir='ltr'><strong>antea</strong></span> <span class='ocrx_word' id='word_1_56' title='bbox 972 1191 1008 1244; x_wconf 87' lang='lat' dir='ltr'><strong>ut</strong></span> <span class='ocrx_word' id='word_1_57' title='bbox 1029 1181 1121 1267; x_wconf 91' lang='lat' dir='ltr'><strong>prius</strong></span> <span class='ocrx_word' id='word_1_58' title='bbox 1143 1204 1253 1246; x_wconf 92' lang='lat' dir='ltr'><strong>omnes</strong></span> <span class='ocrx_word' id='word_1_59' title='bbox 1276 1192 1308 1247; x_wconf 91' lang='lat' dir='ltr'><strong>et</strong></span> <span class='ocrx_word' id='word_1_60' title='bbox 1330 1183 1474 1269; x_wconf 88' lang='lat' dir='ltr'><strong>singulos</strong></span> <span class='ocrx_word' id='word_1_61' title='bbox 1494 1183 1681 1249; x_wconf 91' lang='lat' dir='ltr'><strong>huiusmodi</strong></span> <span class='ocrx_word' id='word_1_62' title='bbox 1705 1196 1796 1250; x_wconf 86' lang='lat' dir='ltr'><strong>actus</strong></span> 
     </span>
     <span class='ocr_line' id='line_1_8' title="bbox 371 1277 1796 1348; baseline 0.003 -4"><span class='ocrx_word' id='word_1_63' title='bbox 371 1278 580 1344; x_wconf 87' lang='lat' dir='ltr'><strong>scholasticos</strong></span> <span class='ocrx_word' id='word_1_64' title='bbox 604 1279 779 1344; x_wconf 90' lang='lat' dir='ltr'><strong>secundum</strong></span> <span class='ocrx_word' id='word_1_65' title='bbox 800 1281 898 1344; x_wconf 89' lang='lat' dir='ltr'><strong>ritum</strong></span> <span class='ocrx_word' id='word_1_66' title='bbox 921 1290 952 1344; x_wconf 90' lang='lat' dir='ltr'><strong>et</strong></span> <span class='ocrx_word' id='word_1_67' title='bbox 971 1277 1154 1345; x_wconf 81' lang='lat' dir='ltr'><strong>laudabiles</strong></span> <span class='ocrx_word' id='word_1_68' title='bbox 1179 1303 1312 1345; x_wconf 89' lang='lat' dir='ltr'><strong>suarum</strong></span> <span class='ocrx_word' id='word_1_69' title='bbox 1334 1281 1523 1347; x_wconf 85' lang='lat' dir='ltr'><strong>facultatum</strong></span> <span class='ocrx_word' id='word_1_70' title='bbox 1546 1283 1796 1348; x_wconf 87' lang='lat' dir='ltr'><strong>consuetudines</strong></span> 
     </span>
     <span class='ocr_line' id='line_1_9' title="bbox 371 1379 1796 1469; baseline 0.003 -25"><span class='ocrx_word' id='word_1_71' title='bbox 371 1390 403 1444; x_wconf 89' lang='lat' dir='ltr'><strong>et</strong></span> <span class='ocrx_word' id='word_1_72' title='bbox 429 1387 550 1443; x_wconf 88' lang='lat' dir='ltr'><strong>statuta</strong></span> <span class='ocrx_word' id='word_1_73' title='bbox 578 1401 689 1445; x_wconf 89' lang='lat' dir='ltr'><strong>coram</strong></span> <span class='ocrx_word' id='word_1_74' title='bbox 715 1391 846 1444; x_wconf 87' lang='lat' dir='ltr'><strong>nostrae</strong></span> <span class='ocrx_word' id='word_1_75' title='bbox 873 1379 1096 1444; x_wconf 86' lang='lat' dir='ltr'><strong>universitatis</strong></span> <span class='ocrx_word' id='word_1_76' title='bbox 1123 1383 1301 1468; x_wconf 83' lang='lat' dir='ltr'><strong>suppositis</strong></span> <span class='ocrx_word' id='word_1_77' title='bbox 1323 1405 1383 1469; x_wconf 93' lang='lat' dir='ltr'><strong>pro</strong></span> <span class='ocrx_word' id='word_1_78' title='bbox 1403 1381 1577 1448; x_wconf 90' lang='lat' dir='ltr'><strong>eorundem</strong></span> <span class='ocrx_word' id='word_1_79' title='bbox 1597 1383 1796 1448; x_wconf 88' lang='lat' dir='ltr'><strong>incremento</strong></span> 
     </span>
     <span class='ocr_line' id='line_1_10' title="bbox 370 1477 1798 1567; baseline 0.001 -23"><span class='ocrx_word' id='word_1_80' title='bbox 370 1477 540 1564; x_wconf 84' lang='lat' dir='ltr'><strong>diligenter</strong></span> <span class='ocrx_word' id='word_1_81' title='bbox 566 1489 742 1544; x_wconf 81' lang='lat' dir='ltr'><strong>exerceant</strong></span> <span class='ocrx_word' id='word_1_82' title='bbox 768 1489 800 1543; x_wconf 91' lang='lat' dir='ltr'><strong>et</strong></span> <span class='ocrx_word' id='word_1_83' title='bbox 828 1481 1021 1544; x_wconf 89' lang='lat' dir='ltr'><strong>continuent.</strong></span> <span class='ocrx_word' id='word_1_84' title='bbox 1066 1477 1133 1544; x_wconf 84' lang='lat' dir='ltr'><strong>Sub</strong></span> <span class='ocrx_word' id='word_1_85' title='bbox 1161 1503 1265 1566; x_wconf 84' lang='lat' dir='ltr'><strong>poena</strong></span> <span class='ocrx_word' id='word_1_86' title='bbox 1294 1483 1457 1546; x_wconf 82' lang='lat' dir='ltr'><strong>carentiae</strong></span> <span class='ocrx_word' id='word_1_87' title='bbox 1486 1483 1732 1567; x_wconf 87' lang='lat' dir='ltr'><strong>acturegentiae</strong></span> <span class='ocrx_word' id='word_1_88' title='bbox 1761 1506 1798 1546; x_wconf 91' lang='lat' dir='ltr'><strong>ac</strong></span> 
     </span>
     <span class='ocr_line' id='line_1_11' title="bbox 331 1577 1366 1645; baseline 0 -1"><span class='ocrx_word' id='word_1_89' title='bbox 331 1589 362 1643; x_wconf 78' lang='lat'><strong>10</strong></span> <span class='ocrx_word' id='word_1_90' title='bbox 373 1578 661 1644; x_wconf 85' lang='lat' dir='ltr'><strong>emolumentorum</strong></span> <span class='ocrx_word' id='word_1_91' title='bbox 684 1579 912 1643; x_wconf 89' lang='lat' dir='ltr'><strong>universitatis.</strong></span> <span class='ocrx_word' id='word_1_92' title='bbox 954 1577 1079 1643; x_wconf 91' lang='lat' dir='ltr'><strong>Datum</strong></span> <span class='ocrx_word' id='word_1_93' title='bbox 1104 1589 1283 1645; x_wconf 84' lang='lat' dir='ltr'><strong>rectoratus</strong></span> <span class='ocrx_word' id='word_1_94' title='bbox 1307 1591 1366 1645; x_wconf 89' lang='lat' dir='ltr'><strong>etc.</strong></span> 
     </span>
    </p>
   </div>
   <div class='ocr_carea' id='block_1_3' title="bbox 415 1749 1752 1814">
    <p class='ocr_par' dir='ltr' id='par_1_3' title="bbox 415 1749 1752 1814">
     <span class='ocr_line' id='line_1_12' title="bbox 415 1749 1752 1814; baseline 0.001 -4"><span class='ocrx_word' id='word_1_95' title='bbox 415 1749 459 1810; x_wconf 81' lang='grc'><strong>16.</strong></span> <span class='ocrx_word' id='word_1_96' title='bbox 493 1763 688 1812; x_wconf 75' lang='grc' dir='ltr'><strong>ΜΑΝΒΑΤΠΜ</strong></span> <span class='ocrx_word' id='word_1_97' title='bbox 708 1763 755 1809; x_wconf 83' lang='lat' dir='ltr'><strong>DE</strong></span> <span class='ocrx_word' id='word_1_98' title='bbox 778 1763 900 1810; x_wconf 72' lang='lat' dir='ltr'><strong>sums</strong></span> <span class='ocrx_word' id='word_1_99' title='bbox 922 1763 994 1810; x_wconf 80' lang='lat' dir='ltr'><strong>NON</strong></span> <span class='ocrx_word' id='word_1_100' title='bbox 1015 1763 1187 1812; x_wconf 74' lang='lat' dir='ltr'>VEXANDIS</span> <span class='ocrx_word' id='word_1_101' title='bbox 1209 1766 1277 1812; x_wconf 79' lang='lat' dir='ltr'><strong>VEL</strong></span> <span class='ocrx_word' id='word_1_102' title='bbox 1296 1765 1471 1814; x_wconf 82' lang='lat' dir='ltr'>INIURIOSE</span> <span class='ocrx_word' id='word_1_103' title='bbox 1494 1765 1752 1814; x_wconf 79' lang='lat' dir='ltr'><strong>OFFENDEMDIS.</strong></span> 
     </span>
    </p>
   </div>
   <div class='ocr_carea' id='block_1_4' title="bbox 330 1876 1798 2940">
    <p class='ocr_par' dir='ltr' id='par_1_4' title="bbox 369 1876 1798 2167">
     <span class='ocr_line' id='line_1_13' title="bbox 456 1876 1798 1968; baseline 0.001 -26"><span class='ocrx_word' id='word_1_104' title='bbox 456 1877 594 1942; x_wconf 87' lang='lat' dir='ltr'><strong>Mandat</strong></span> <span class='ocrx_word' id='word_1_105' title='bbox 614 1876 763 1943; x_wconf 88' lang='lat' dir='ltr'><strong>omnibus</strong></span> <span class='ocrx_word' id='word_1_106' title='bbox 785 1887 817 1942; x_wconf 90' lang='lat' dir='ltr'><strong>et</strong></span> <span class='ocrx_word' id='word_1_107' title='bbox 840 1877 976 1964; x_wconf 87' lang='lat' dir='ltr'><strong>singulis</strong></span> <span class='ocrx_word' id='word_1_108' title='bbox 999 1880 1219 1944; x_wconf 89' lang='lat' dir='ltr'><strong>universitatis</strong></span> <span class='ocrx_word' id='word_1_109' title='bbox 1247 1880 1391 1946; x_wconf 89' lang='lat' dir='ltr'><strong>eiusdem</strong></span> <span class='ocrx_word' id='word_1_110' title='bbox 1414 1881 1607 1968; x_wconf 88' lang='lat' dir='ltr'><strong>suppositis,</strong></span> <span class='ocrx_word' id='word_1_111' title='bbox 1637 1890 1798 1967; x_wconf 88' lang='lat' dir='ltr'><strong>quatenus</strong></span> 
     </span>
     <span class='ocr_line' id='line_1_14' title="bbox 369 1975 1797 2067; baseline 0.001 -25"><span class='ocrx_word' id='word_1_112' title='bbox 369 1977 493 2042; x_wconf 89' lang='lat' dir='ltr'><strong>nullum</strong></span> <span class='ocrx_word' id='word_1_113' title='bbox 522 1979 669 2064; x_wconf 90' lang='lat' dir='ltr'><strong>ipsorum</strong></span> <span class='ocrx_word' id='word_1_114' title='bbox 697 1975 850 2064; x_wconf 87' lang='lat' dir='ltr'><strong>deinceps</strong></span> <span class='ocrx_word' id='word_1_115' title='bbox 878 1977 1020 2064; x_wconf 88' lang='lat' dir='ltr'><strong>aliquem</strong></span> <span class='ocrx_word' id='word_1_116' title='bbox 1047 2001 1088 2043; x_wconf 86' lang='lat' dir='ltr'><strong>ex</strong></span> <span class='ocrx_word' id='word_1_117' title='bbox 1114 1979 1194 2062; x_wconf 90' lang='lat' dir='ltr'><strong>hiis,</strong></span> <span class='ocrx_word' id='word_1_118' title='bbox 1222 1985 1277 2067; x_wconf 93' lang='lat' dir='ltr'><strong>qui</strong></span> <span class='ocrx_word' id='word_1_119' title='bbox 1306 2004 1377 2046; x_wconf 90' lang='lat' dir='ltr'><strong>sese</strong></span> <span class='ocrx_word' id='word_1_120' title='bbox 1406 1983 1439 2046; x_wconf 92' lang='lat' dir='ltr'><strong>in</strong></span> <span class='ocrx_word' id='word_1_121' title='bbox 1461 2001 1617 2067; x_wconf 85' lang='lat' dir='ltr'><strong>praesens</strong></span> <span class='ocrx_word' id='word_1_122' title='bbox 1639 1978 1797 2066; x_wconf 91' lang='lat' dir='ltr'><strong>oppidum</strong></span> 
     </span>
     <span class='ocr_line' id='line_1_15' title="bbox 371 2075 1797 2167; baseline 0.001 -25"><span class='ocrx_word' id='word_1_123' title='bbox 371 2087 403 2142; x_wconf 89' lang='lat' dir='ltr'><strong>et</strong></span> <span class='ocrx_word' id='word_1_124' title='bbox 430 2077 515 2141; x_wconf 84' lang='lat' dir='ltr'><strong>hanc</strong></span> <span class='ocrx_word' id='word_1_125' title='bbox 543 2075 662 2141; x_wconf 89' lang='lat' dir='ltr'><strong>almam</strong></span> <span class='ocrx_word' id='word_1_126' title='bbox 689 2075 890 2142; x_wconf 88' lang='lat' dir='ltr'><strong>academiam</strong></span> <span class='ocrx_word' id='word_1_127' title='bbox 918 2077 1017 2142; x_wconf 91' lang='lat' dir='ltr'><strong>studii</strong></span> <span class='ocrx_word' id='word_1_128' title='bbox 1039 2100 1137 2142; x_wconf 87' lang='lat' dir='ltr'><strong>causa</strong></span> <span class='ocrx_word' id='word_1_129' title='bbox 1159 2078 1377 2163; x_wconf 80' lang='lat' dir='ltr'><strong>contrlenmt,</strong></span> <span class='ocrx_word' id='word_1_130' title='bbox 1406 2103 1487 2167; x_wconf 92' lang='lat' dir='ltr'><strong>quos</strong></span> <span class='ocrx_word' id='word_1_131' title='bbox 1507 2079 1653 2144; x_wconf 90' lang='lat' dir='ltr'><strong>nonnulli</strong></span> <span class='ocrx_word' id='word_1_132' title='bbox 1675 2079 1797 2144; x_wconf 87' lang='lat' dir='ltr'><strong>beanos</strong></span> 
     </span>
    </p>

    <p class='ocr_par' dir='ltr' id='par_1_5' title="bbox 331 2174 1796 2664">
     <span class='ocr_line' id='line_1_16' title="bbox 331 2174 1795 2268; baseline 0.001 -26"><span class='ocrx_word' id='word_1_133' title='bbox 331 2187 428 2244; x_wconf 79' lang='lat' dir='ltr'><strong>ttsuo</strong></span> <span class='ocrx_word' id='word_1_134' title='bbox 441 2177 571 2242; x_wconf 87' lang='lat' dir='ltr'><strong>nomine</strong></span> <span class='ocrx_word' id='word_1_135' title='bbox 583 2174 812 2262; x_wconf 89' lang='lat' dir='ltr'><strong>compellitant,</strong></span> <span class='ocrx_word' id='word_1_136' title='bbox 833 2178 867 2240; x_wconf 90' lang='lat' dir='ltr'><strong>in</strong></span> <span class='ocrx_word' id='word_1_137' title='bbox 878 2175 959 2260; x_wconf 90' lang='lat' dir='ltr'><strong>foro,</strong></span> <span class='ocrx_word' id='word_1_138' title='bbox 981 2175 1109 2264; x_wconf 86' lang='lat' dir='ltr'><strong>plateis,</strong></span> <span class='ocrx_word' id='word_1_139' title='bbox 1130 2177 1222 2260; x_wconf 92' lang='lat' dir='ltr'><strong>vicis,</strong></span> <span class='ocrx_word' id='word_1_140' title='bbox 1243 2177 1398 2265; x_wconf 82' lang='lat' dir='ltr'><strong>collegiis,</strong></span> <span class='ocrx_word' id='word_1_141' title='bbox 1410 2179 1517 2244; x_wconf 90' lang='lat' dir='ltr'><strong>bursis</strong></span> <span class='ocrx_word' id='word_1_142' title='bbox 1532 2179 1649 2245; x_wconf 87' lang='lat' dir='ltr'><strong>aliisve</strong></span> <span class='ocrx_word' id='word_1_143' title='bbox 1664 2177 1795 2268; x_wconf 90' lang='lat' dir='ltr'><strong>quibus·</strong></span> 
     </span>
     <span class='ocr_line' id='line_1_17' title="bbox 371 2275 1795 2365; baseline 0.001 -23"><span class='ocrx_word' id='word_1_144' title='bbox 371 2277 449 2343; x_wconf 91' lang='lat' dir='ltr'><strong>libet</strong></span> <span class='ocrx_word' id='word_1_145' title='bbox 477 2275 558 2342; x_wconf 92' lang='lat' dir='ltr'><strong>locis</strong></span> <span class='ocrx_word' id='word_1_146' title='bbox 586 2285 618 2340; x_wconf 88' lang='lat' dir='ltr'><strong>et</strong></span> <span class='ocrx_word' id='word_1_147' title='bbox 645 2276 811 2361; x_wconf 79' lang='lat' dir='ltr'><strong>signanter</strong></span> <span class='ocrx_word' id='word_1_148' title='bbox 831 2278 864 2340; x_wconf 91' lang='lat' dir='ltr'><strong>in</strong></span> <span class='ocrx_word' id='word_1_149' title='bbox 887 2279 1052 2362; x_wconf 88' lang='lat' dir='ltr'><strong>praesenti</strong></span> <span class='ocrx_word' id='word_1_150' title='bbox 1073 2276 1227 2362; x_wconf 90' lang='lat' dir='ltr'><strong>collegio,</strong></span> <span class='ocrx_word' id='word_1_151' title='bbox 1256 2278 1384 2364; x_wconf 89' lang='lat' dir='ltr'><strong>quando</strong></span> <span class='ocrx_word' id='word_1_152' title='bbox 1405 2279 1576 2365; x_wconf 88' lang='lat' dir='ltr'><strong>adipsum</strong></span> <span class='ocrx_word' id='word_1_153' title='bbox 1598 2281 1795 2344; x_wconf 89' lang='lat' dir='ltr'><strong>immatricu-</strong></span> 
     </span>
     <span class='ocr_line' id='line_1_18' title="bbox 369 2372 1796 2464; baseline 0.001 -21"><span class='ocrx_word' id='word_1_154' title='bbox 369 2377 500 2443; x_wconf 90' lang='lat' dir='ltr'><strong>lationis</strong></span> <span class='ocrx_word' id='word_1_155' title='bbox 528 2399 628 2440; x_wconf 90' lang='lat' dir='ltr'><strong>causa</strong></span> <span class='ocrx_word' id='word_1_156' title='bbox 654 2372 877 2460; x_wconf 83' lang='lat' dir='ltr'><strong>ingredientur</strong></span> <span class='ocrx_word' id='word_1_157' title='bbox 899 2374 951 2441; x_wconf 90' lang='lat' dir='ltr'><strong>vel</strong></span> <span class='ocrx_word' id='word_1_158' title='bbox 974 2386 1048 2463; x_wconf 89' lang='lat' dir='ltr'><strong>post</strong></span> <span class='ocrx_word' id='word_1_159' title='bbox 1069 2377 1408 2442; x_wconf 85' lang='lat' dir='ltr'><strong>immatriculationem</strong></span> <span class='ocrx_word' id='word_1_160' title='bbox 1432 2377 1656 2464; x_wconf 84' lang='lat' dir='ltr'><strong>egredientur,</strong></span> <span class='ocrx_word' id='word_1_161' title='bbox 1688 2378 1796 2444; x_wconf 88' lang='lat' dir='ltr'><strong>verbis</strong></span> 
     </span>
     <span class='ocr_line' id='line_1_19' title="bbox 370 2471 1796 2566; baseline 0 -24"><span class='ocrx_word' id='word_1_162' title='bbox 370 2477 535 2542; x_wconf 89' lang='lat' dir='ltr'><strong>iniuriosis</strong></span> <span class='ocrx_word' id='word_1_163' title='bbox 572 2475 609 2540; x_wconf 85' lang='lat' dir='ltr'><strong>os</strong></span> <span class='ocrx_word' id='word_1_164' title='bbox 612 2471 832 2562; x_wconf 80' lang='lat' dir='ltr'><strong>[11⁸]fcndat,</strong></span> <span class='ocrx_word' id='word_1_165' title='bbox 876 2473 1042 2558; x_wconf 89' lang='lat' dir='ltr'><strong>verberet,</strong></span> <span class='ocrx_word' id='word_1_166' title='bbox 1080 2475 1227 2562; x_wconf 88' lang='lat' dir='ltr'><strong>capillet,</strong></span> <span class='ocrx_word' id='word_1_167' title='bbox 1264 2499 1351 2564; x_wconf 85' lang='lat' dir='ltr'><strong>aqua</strong></span> <span class='ocrx_word' id='word_1_168' title='bbox 1387 2500 1445 2542; x_wconf 89' lang='lat' dir='ltr'><strong>scu</strong></span> <span class='ocrx_word' id='word_1_169' title='bbox 1480 2477 1575 2542; x_wconf 86' lang='lat' dir='ltr'><strong>urina</strong></span> <span class='ocrx_word' id='word_1_170' title='bbox 1610 2477 1796 2566; x_wconf 86' lang='lat' dir='ltr'><strong>perfimdat,</strong></span> 
     </span>
     <span class='ocr_line' id='line_1_20' title="bbox 372 2573 1795 2664; baseline 0.002 -24"><span class='ocrx_word' id='word_1_171' title='bbox 372 2573 561 2664; x_wconf 91' lang='lat' dir='ltr'><strong>pulveribus</strong></span> <span class='ocrx_word' id='word_1_172' title='bbox 583 2583 681 2661; x_wconf 87' lang='lat' dir='ltr'><strong>atque</strong></span> <span class='ocrx_word' id='word_1_173' title='bbox 703 2574 777 2638; x_wconf 84' lang='lat' dir='ltr'><strong>aliis</strong></span> <span class='ocrx_word' id='word_1_174' title='bbox 798 2573 1068 2640; x_wconf 89' lang='lat' dir='ltr'><strong>immundiciebus</strong></span> <span class='ocrx_word' id='word_1_175' title='bbox 1090 2577 1243 2662; x_wconf 89' lang='lat' dir='ltr'><strong>proiiciat</strong></span> <span class='ocrx_word' id='word_1_176' title='bbox 1264 2575 1316 2640; x_wconf 89' lang='lat' dir='ltr'><strong>vel</strong></span> <span class='ocrx_word' id='word_1_177' title='bbox 1336 2575 1500 2659; x_wconf 81' lang='lat' dir='ltr'><strong>defoedet,</strong></span> <span class='ocrx_word' id='word_1_178' title='bbox 1520 2577 1697 2643; x_wconf 87' lang='lat' dir='ltr'><strong>fistulando</strong></span> <span class='ocrx_word' id='word_1_179' title='bbox 1723 2578 1795 2644; x_wconf 90' lang='lat' dir='ltr'><strong>sub·</strong></span> 
     </span>
    </p>

    <p class='ocr_par' dir='ltr' id='par_1_6' title="bbox 330 2673 1797 2940">
     <span class='ocr_line' id='line_1_21' title="bbox 330 2673 1797 2765; baseline 0.003 -25"><span class='ocrx_word' id='word_1_180' title='bbox 330 2683 505 2755; x_wconf 71' lang='lat' dir='ltr'><strong>wsannet,</strong></span> <span class='ocrx_word' id='word_1_181' title='bbox 536 2673 707 2739; x_wconf 88' lang='lat' dir='ltr'><strong>horrendis</strong></span> <span class='ocrx_word' id='word_1_182' title='bbox 729 2674 864 2740; x_wconf 86' lang='lat' dir='ltr'><strong>vocibus</strong></span> <span class='ocrx_word' id='word_1_183' title='bbox 886 2674 1083 2758; x_wconf 87' lang='lat' dir='ltr'><strong>acclamitet,</strong></span> <span class='ocrx_word' id='word_1_184' title='bbox 1109 2675 1162 2740; x_wconf 90' lang='lat' dir='ltr'><strong>vel</strong></span> <span class='ocrx_word' id='word_1_185' title='bbox 1191 2675 1296 2741; x_wconf 92' lang='lat' dir='ltr'><strong>modis</strong></span> <span class='ocrx_word' id='word_1_186' title='bbox 1318 2676 1561 2765; x_wconf 87' lang='lat' dir='ltr'><strong>quibuscunque</strong></span> <span class='ocrx_word' id='word_1_187' title='bbox 1584 2677 1797 2764; x_wconf 88' lang='lat' dir='ltr'><strong>corporaliter</strong></span> 
     </span>
     <span class='ocr_line' id='line_1_22' title="bbox 373 2772 1796 2864; baseline 0.004 -25"><span class='ocrx_word' id='word_1_188' title='bbox 373 2784 470 2864; x_wconf 90' lang='lat' dir='ltr'><strong>atque</strong></span> <span class='ocrx_word' id='word_1_189' title='bbox 491 2773 663 2840; x_wconf 85' lang='lat' dir='ltr'><strong>enormiter</strong></span> <span class='ocrx_word' id='word_1_190' title='bbox 685 2772 858 2839; x_wconf 88' lang='lat' dir='ltr'><strong>molestare</strong></span> <span class='ocrx_word' id='word_1_191' title='bbox 879 2785 1075 2862; x_wconf 84' lang='lat' dir='ltr'><strong>praesumat.</strong></span> <span class='ocrx_word' id='word_1_192' title='bbox 1119 2775 1187 2840; x_wconf 88' lang='lat' dir='ltr'><strong>Sub</strong></span> <span class='ocrx_word' id='word_1_193' title='bbox 1216 2797 1322 2862; x_wconf 90' lang='lat' dir='ltr'><strong>poena</strong></span> <span class='ocrx_word' id='word_1_194' title='bbox 1343 2799 1382 2840; x_wconf 91' lang='lat' dir='ltr'><strong>.v.</strong></span> <span class='ocrx_word' id='word_1_195' title='bbox 1403 2800 1610 2864; x_wconf 88' lang='lat' dir='ltr'><strong>grossorum,</strong></span> <span class='ocrx_word' id='word_1_196' title='bbox 1639 2780 1796 2844; x_wconf 90' lang='lat' dir='ltr'><strong>universi-</strong></span> 
     </span>
     <span class='ocr_line' id='line_1_23' title="bbox 375 2871 801 2940; baseline -0.007 -1"><span class='ocrx_word' id='word_1_197' title='bbox 375 2876 434 2940; x_wconf 88' lang='lat' dir='ltr'><strong>tati</strong></span> <span class='ocrx_word' id='word_1_198' title='bbox 454 2871 720 2938; x_wconf 89' lang='lat' dir='ltr'><strong>irremissibiliter</strong></span> <span class='ocrx_word' id='word_1_199' title='bbox 743 2883 801 2938; x_wconf 91' lang='lat' dir='ltr'><strong>etc.</strong></span> 
     </span>
    </p>
   </div>
   <div class='ocr_carea' id='block_1_5' title="bbox 406 3047 1762 3206">
    <p class='ocr_par' dir='ltr' id='par_1_7' title="bbox 406 3047 1762 3206">
     <span class='ocr_line' id='line_1_24' title="bbox 406 3047 1762 3114; baseline 0.004 -6"><span class='ocrx_word' id='word_1_200' title='bbox 406 3047 451 3109; x_wconf 83' lang='lat'><strong>17.</strong></span> <span class='ocrx_word' id='word_1_201' title='bbox 486 3057 680 3107; x_wconf 73' lang='lat' dir='ltr'><strong>muninus</strong></span> <span class='ocrx_word' id='word_1_202' title='bbox 700 3057 748 3104; x_wconf 84' lang='lat' dir='ltr'><strong>os</strong></span> <span class='ocrx_word' id='word_1_203' title='bbox 771 3055 843 3104; x_wconf 83' lang='lat' dir='ltr'><strong>uon</strong></span> <span class='ocrx_word' id='word_1_204' title='bbox 865 3055 1074 3106; x_wconf 78' lang='lat' dir='ltr'><strong>aacmmuno</strong></span> <span class='ocrx_word' id='word_1_205' title='bbox 1094 3059 1168 3107; x_wconf 81' lang='lat' dir='ltr'><strong>uon</strong></span> <span class='ocrx_word' id='word_1_206' title='bbox 1188 3059 1494 3110; x_wconf 80' lang='lat' dir='ltr'><strong>nnmrmcunsros</strong></span> <span class='ocrx_word' id='word_1_207' title='bbox 1515 3063 1583 3112; x_wconf 81' lang='lat' dir='ltr'><strong>van</strong></span> <span class='ocrx_word' id='word_1_208' title='bbox 1605 3065 1762 3114; x_wconf 72' lang='lat' dir='ltr'><strong>sumnus</strong></span> 
     </span>
     <span class='ocr_line' id='line_1_25' title="bbox 824 3157 1338 3206; baseline 0.006 -4"><span class='ocrx_word' id='word_1_209' title='bbox 824 3157 1104 3205; x_wconf 81' lang='lat' dir='ltr'><strong>uurvnnsrrsruu</strong></span> <span class='ocrx_word' id='word_1_210' title='bbox 1127 3159 1338 3206; x_wconf 82' lang='lat' dir='ltr'><strong>srunnnrns.</strong></span> 
     </span>
    </p>
   </div>
   <div class='ocr_carea' id='block_1_6' title="bbox 329 3271 1797 4156">
    <p class='ocr_par' dir='ltr' id='par_1_8' title="bbox 329 3271 1797 3767">
     <span class='ocr_line' id='line_1_26' title="bbox 329 3271 1795 3368; baseline 0.008 -31"><span class='ocrx_word' id='word_1_211' title='bbox 329 3286 361 3342; x_wconf 83' lang='lat'><strong>25</strong></span> <span class='ocrx_word' id='word_1_212' title='bbox 452 3271 590 3338; x_wconf 88' lang='lat' dir='ltr'><strong>Mandat</strong></span> <span class='ocrx_word' id='word_1_213' title='bbox 616 3271 765 3337; x_wconf 90' lang='lat' dir='ltr'><strong>omnibus</strong></span> <span class='ocrx_word' id='word_1_214' title='bbox 792 3281 824 3336; x_wconf 91' lang='lat' dir='ltr'><strong>et</strong></span> <span class='ocrx_word' id='word_1_215' title='bbox 852 3271 987 3357; x_wconf 86' lang='lat' dir='ltr'><strong>singulis</strong></span> <span class='ocrx_word' id='word_1_216' title='bbox 1016 3275 1277 3359; x_wconf 63' lang='lat' dir='ltr'><strong>magistriano,</strong></span> <span class='ocrx_word' id='word_1_217' title='bbox 1314 3283 1472 3362; x_wconf 90' lang='lat' dir='ltr'><strong>quatenus</strong></span> <span class='ocrx_word' id='word_1_218' title='bbox 1504 3277 1627 3345; x_wconf 89' lang='lat' dir='ltr'><strong>nullum</strong></span> <span class='ocrx_word' id='word_1_219' title='bbox 1650 3283 1795 3368; x_wconf 88' lang='lat' dir='ltr'><strong>ipsorum</strong></span> 
     </span>
     <span class='ocr_line' id='line_1_27' title="bbox 371 3370 1795 3462; baseline 0.004 -21"><span class='ocrx_word' id='word_1_220' title='bbox 371 3376 524 3462; x_wconf 88' lang='lat' dir='ltr'><strong>deinceps</strong></span> <span class='ocrx_word' id='word_1_221' title='bbox 545 3395 610 3437; x_wconf 92' lang='lat' dir='ltr'><strong>non</strong></span> <span class='ocrx_word' id='word_1_222' title='bbox 631 3370 796 3436; x_wconf 88' lang='lat' dir='ltr'><strong>studentes</strong></span> <span class='ocrx_word' id='word_1_223' title='bbox 818 3370 872 3436; x_wconf 90' lang='lat' dir='ltr'><strong>vel</strong></span> <span class='ocrx_word' id='word_1_224' title='bbox 895 3371 1033 3438; x_wconf 85' lang='lat' dir='ltr'><strong>aliarum</strong></span> <span class='ocrx_word' id='word_1_225' title='bbox 1055 3375 1304 3439; x_wconf 76' lang='lat' dir='ltr'><strong>rmivcrsitatum</strong></span> <span class='ocrx_word' id='word_1_226' title='bbox 1326 3374 1508 3458; x_wconf 89' lang='lat' dir='ltr'><strong>studentes,</strong></span> <span class='ocrx_word' id='word_1_227' title='bbox 1536 3380 1570 3443; x_wconf 94' lang='lat' dir='ltr'><strong>in</strong></span> <span class='ocrx_word' id='word_1_228' title='bbox 1591 3381 1795 3446; x_wconf 91' lang='lat' dir='ltr'><strong>matriculam</strong></span> 
     </span>
     <span class='ocr_line' id='line_1_28' title="bbox 370 3471 1795 3560; baseline 0.004 -19"><span class='ocrx_word' id='word_1_229' title='bbox 370 3475 466 3541; x_wconf 89' lang='lat' dir='ltr'><strong>huius</strong></span> <span class='ocrx_word' id='word_1_230' title='bbox 485 3473 709 3538; x_wconf 89' lang='lat' dir='ltr'><strong>universitatis</strong></span> <span class='ocrx_word' id='word_1_231' title='bbox 730 3471 872 3536; x_wconf 91' lang='lat' dir='ltr'><strong>nondum</strong></span> <span class='ocrx_word' id='word_1_232' title='bbox 893 3473 1083 3560; x_wconf 88' lang='lat' dir='ltr'><strong>inscriptos,</strong></span> <span class='ocrx_word' id='word_1_233' title='bbox 1113 3472 1156 3537; x_wconf 87' lang='lat' dir='ltr'><strong>ad</strong></span> <span class='ocrx_word' id='word_1_234' title='bbox 1179 3495 1213 3537; x_wconf 93' lang='lat' dir='ltr'><strong>se</strong></span> <span class='ocrx_word' id='word_1_235' title='bbox 1237 3473 1390 3560; x_wconf 88' lang='lat' dir='ltr'><strong>colligere</strong></span> <span class='ocrx_word' id='word_1_236' title='bbox 1412 3475 1463 3540; x_wconf 87' lang='lat' dir='ltr'><strong>vel</strong></span> <span class='ocrx_word' id='word_1_237' title='bbox 1485 3475 1571 3542; x_wconf 87' lang='lat' dir='ltr'><strong>ultra</strong></span> <span class='ocrx_word' id='word_1_238' title='bbox 1593 3482 1690 3546; x_wconf 90' lang='lat' dir='ltr'><strong>unius</strong></span> <span class='ocrx_word' id='word_1_239' title='bbox 1711 3503 1795 3546; x_wconf 90' lang='lat' dir='ltr'><strong>men-</strong></span> 
     </span>
     <span class='ocr_line' id='line_1_29' title="bbox 371 3571 1797 3667; baseline 0.005 -27"><span class='ocrx_word' id='word_1_240' title='bbox 371 3577 416 3640; x_wconf 90' lang='lat' dir='ltr'><strong>sis</strong></span> <span class='ocrx_word' id='word_1_241' title='bbox 444 3573 604 3661; x_wconf 87' lang='lat' dir='ltr'><strong>spatium,</strong></span> <span class='ocrx_word' id='word_1_242' title='bbox 632 3594 652 3636; x_wconf 93' lang='lat' dir='ltr'><strong>a</strong></span> <span class='ocrx_word' id='word_1_243' title='bbox 679 3571 763 3636; x_wconf 85' lang='lat' dir='ltr'><strong>datis</strong></span> <span class='ocrx_word' id='word_1_244' title='bbox 790 3571 1016 3658; x_wconf 88' lang='lat' dir='ltr'><strong>praesentibus</strong></span> <span class='ocrx_word' id='word_1_245' title='bbox 1044 3572 1293 3658; x_wconf 85' lang='lat' dir='ltr'><strong>computandum</strong></span> <span class='ocrx_word' id='word_1_246' title='bbox 1312 3575 1336 3654; x_wconf 87' lang='lat'><strong>¹,</strong></span> <span class='ocrx_word' id='word_1_247' title='bbox 1373 3573 1512 3662; x_wconf 91' lang='lat' dir='ltr'><strong>hospitio</strong></span> <span class='ocrx_word' id='word_1_248' title='bbox 1545 3591 1716 3667; x_wconf 87' lang='lat' dir='ltr'><strong>receptare</strong></span> <span class='ocrx_word' id='word_1_249' title='bbox 1742 3591 1797 3646; x_wconf 89' lang='lat' dir='ltr'><strong>aut</strong></span> 
     </span>
     <span class='ocr_line' id='line_1_30' title="bbox 371 3668 1796 3767; baseline 0.005 -27"><span class='ocrx_word' id='word_1_250' title='bbox 371 3675 452 3762; x_wconf 90' lang='lat' dir='ltr'><strong>ipsis</strong></span> <span class='ocrx_word' id='word_1_251' title='bbox 475 3671 664 3737; x_wconf 83' lang='lat' dir='ltr'><strong>cohabitare</strong></span> <span class='ocrx_word' id='word_1_252' title='bbox 686 3693 743 3736; x_wconf 89' lang='lat' dir='ltr'><strong>seu</strong></span> <span class='ocrx_word' id='word_1_253' title='bbox 764 3672 798 3734; x_wconf 90' lang='lat' dir='ltr'><strong>in</strong></span> <span class='ocrx_word' id='word_1_254' title='bbox 820 3668 946 3734; x_wconf 89' lang='lat' dir='ltr'><strong>actibus</strong></span> <span class='ocrx_word' id='word_1_255' title='bbox 966 3670 1167 3736; x_wconf 85' lang='lat' dir='ltr'><strong>scholasticis</strong></span> <span class='ocrx_word' id='word_1_256' title='bbox 1190 3672 1427 3758; x_wconf 91' lang='lat' dir='ltr'><strong>quomodolibet</strong></span> <span class='ocrx_word' id='word_1_257' title='bbox 1454 3681 1644 3744; x_wconf 90' lang='lat' dir='ltr'><strong>conversari</strong></span> <span class='ocrx_word' id='word_1_258' title='bbox 1665 3703 1796 3767; x_wconf 86' lang='lat' dir='ltr'><strong>praesu·</strong></span> 
     </span>
    </p>

    <p class='ocr_par' dir='ltr' id='par_1_9' title="bbox 330 3769 1797 4156">
     <span class='ocr_line' id='line_1_31' title="bbox 330 3769 1796 3867; baseline 0.005 -27"><span class='ocrx_word' id='word_1_259' title='bbox 330 3784 439 3840; x_wconf 83' lang='lat' dir='ltr'><strong>30mat</strong></span> <span class='ocrx_word' id='word_1_260' title='bbox 468 3770 528 3836; x_wconf 90' lang='lat' dir='ltr'><strong>sub</strong></span> <span class='ocrx_word' id='word_1_261' title='bbox 556 3792 662 3856; x_wconf 89' lang='lat' dir='ltr'><strong>poena</strong></span> <span class='ocrx_word' id='word_1_262' title='bbox 688 3769 782 3834; x_wconf 91' lang='lat' dir='ltr'><strong>unius</strong></span> <span class='ocrx_word' id='word_1_263' title='bbox 806 3791 988 3855; x_wconf 82' lang='lat' dir='ltr'><strong>sexagenas</strong></span> <span class='ocrx_word' id='word_1_264' title='bbox 1008 3793 1126 3853; x_wconf 91' lang='lat' dir='ltr'><strong>novae,</strong></span> <span class='ocrx_word' id='word_1_265' title='bbox 1157 3773 1361 3836; x_wconf 89' lang='lat' dir='ltr'><strong>universitati</strong></span> <span class='ocrx_word' id='word_1_266' title='bbox 1386 3775 1654 3844; x_wconf 84' lang='lat' dir='ltr'><strong>irremissibiliter</strong></span> <span class='ocrx_word' id='word_1_267' title='bbox 1675 3781 1796 3867; x_wconf 88' lang='lat' dir='ltr'><strong>persol-</strong></span> 
     </span>
     <span class='ocr_line' id='line_1_32' title="bbox 371 3867 1797 3955; baseline 0.007 -18"><span class='ocrx_word' id='word_1_268' title='bbox 371 3871 506 3937; x_wconf 87' lang='lat' dir='ltr'><strong>vendae.</strong></span> <span class='ocrx_word' id='word_1_269' title='bbox 550 3869 726 3955; x_wconf 84' lang='lat' dir='ltr'><strong>Sciantque</strong></span> <span class='ocrx_word' id='word_1_270' title='bbox 746 3867 828 3933; x_wconf 88' lang='lat' dir='ltr'><strong>tales</strong></span> <span class='ocrx_word' id='word_1_271' title='bbox 850 3891 915 3934; x_wconf 92' lang='lat' dir='ltr'><strong>non</strong></span> <span class='ocrx_word' id='word_1_272' title='bbox 936 3870 1188 3953; x_wconf 84' lang='lat' dir='ltr'><strong>immstriculati,</strong></span> <span class='ocrx_word' id='word_1_273' title='bbox 1210 3894 1245 3936; x_wconf 88' lang='lat' dir='ltr'><strong>se</strong></span> <span class='ocrx_word' id='word_1_274' title='bbox 1266 3871 1410 3938; x_wconf 87' lang='lat' dir='ltr'><strong>comodis</strong></span> <span class='ocrx_word' id='word_1_275' title='bbox 1431 3883 1464 3938; x_wconf 89' lang='lat' dir='ltr'><strong>et</strong></span> <span class='ocrx_word' id='word_1_276' title='bbox 1483 3873 1691 3946; x_wconf 83' lang='lat' dir='ltr'><strong>libertatibus</strong></span> <span class='ocrx_word' id='word_1_277' title='bbox 1705 3879 1797 3946; x_wconf 87' lang='lat' dir='ltr'><strong>huius</strong></span> 
     </span>
     <span class='ocr_line' id='line_1_33' title="bbox 371 3967 1795 4060; baseline 0.006 -24"><span class='ocrx_word' id='word_1_278' title='bbox 371 3970 609 4051; x_wconf 90' lang='lat' dir='ltr'><strong>universitatis,</strong></span> <span class='ocrx_word' id='word_1_279' title='bbox 640 3969 668 4032; x_wconf 88' lang='lat' dir='ltr'><strong>si</strong></span> <span class='ocrx_word' id='word_1_280' title='bbox 690 3967 791 4053; x_wconf 89' lang='lat' dir='ltr'><strong>(quod</strong></span> <span class='ocrx_word' id='word_1_281' title='bbox 816 3967 915 4040; x_wconf 73' lang='lat' dir='ltr'><strong>absit)</strong></span> <span class='ocrx_word' id='word_1_282' title='bbox 939 3969 1063 4058; x_wconf 91' lang='lat' dir='ltr'><strong>aliquid</strong></span> <span class='ocrx_word' id='word_1_283' title='bbox 1083 3971 1290 4038; x_wconf 90' lang='lat' dir='ltr'><strong>adversitatis</strong></span> <span class='ocrx_word' id='word_1_284' title='bbox 1311 3973 1393 4059; x_wconf 91' lang='lat' dir='ltr'><strong>ipsis</strong></span> <span class='ocrx_word' id='word_1_285' title='bbox 1415 3997 1474 4060; x_wconf 89' lang='lat' dir='ltr'><strong>per</strong></span> <span class='ocrx_word' id='word_1_286' title='bbox 1496 3976 1660 4044; x_wconf 87' lang='lat' dir='ltr'><strong>seculares</strong></span> <span class='ocrx_word' id='word_1_287' title='bbox 1684 4003 1795 4046; x_wconf 73' lang='lat' dir='ltr'><strong>evene</strong></span> 
     </span>
     <span class='ocr_line' id='line_1_34' title="bbox 371 4068 1519 4156; baseline 0.004 -20"><span class='ocrx_word' id='word_1_288' title='bbox 371 4073 432 4153; x_wconf 87' lang='lat' dir='ltr'><strong>rit,</strong></span> <span class='ocrx_word' id='word_1_289' title='bbox 452 4068 597 4156; x_wconf 88' lang='lat' dir='ltr'><strong>gaudere</strong></span> <span class='ocrx_word' id='word_1_290' title='bbox 617 4090 684 4133; x_wconf 90' lang='lat' dir='ltr'><strong>non</strong></span> <span class='ocrx_word' id='word_1_291' title='bbox 707 4091 823 4154; x_wconf 91' lang='lat' dir='ltr'><strong>posse,</strong></span> <span class='ocrx_word' id='word_1_292' title='bbox 846 4068 948 4134; x_wconf 88' lang='lat' dir='ltr'><strong>donec</strong></span> <span class='ocrx_word' id='word_1_293' title='bbox 969 4070 1124 4136; x_wconf 89' lang='lat' dir='ltr'><strong>intitulati</strong></span> <span class='ocrx_word' id='word_1_294' title='bbox 1146 4073 1273 4136; x_wconf 87' lang='lat' dir='ltr'><strong>fuerint</strong></span> <span class='ocrx_word' id='word_1_295' title='bbox 1314 4072 1438 4138; x_wconf 89' lang='lat' dir='ltr'><strong>Datum</strong></span> <span class='ocrx_word' id='word_1_296' title='bbox 1459 4084 1519 4140; x_wconf 88' lang='lat' dir='ltr'><strong>etc</strong></span> 
     </span>
    </p>
   </div>
   <div class='ocr_carea' id='block_1_7' title="bbox 455 4239 1719 4320">
    <p class='ocr_par' dir='ltr' id='par_1_10' title="bbox 455 4239 1719 4320">
     <span class='ocr_line' id='line_1_35' title="bbox 455 4239 1719 4320; baseline 0.006 -17"><span class='ocrx_word' id='word_1_297' title='bbox 455 4239 502 4303; x_wconf 89' lang='lat'><strong>18.</strong></span> <span class='ocrx_word' id='word_1_298' title='bbox 534 4253 728 4300; x_wconf 67' lang='lat' dir='ltr'><strong>munerun</strong></span> <span class='ocrx_word' id='word_1_299' title='bbox 748 4254 794 4300; x_wconf 83' lang='lat' dir='ltr'><strong>nn</strong></span> <span class='ocrx_word' id='word_1_300' title='bbox 815 4254 1027 4320; x_wconf 83' lang='lat' dir='ltr'><strong>snornmus,</strong></span> <span class='ocrx_word' id='word_1_301' title='bbox 1052 4256 1263 4305; x_wconf 76' lang='lat' dir='ltr'><strong>assuminus</strong></span> <span class='ocrx_word' id='word_1_302' title='bbox 1284 4257 1363 4306; x_wconf 79' lang='lat' dir='ltr'><strong>nnc.</strong></span> <span class='ocrx_word' id='word_1_303' title='bbox 1383 4259 1456 4307; x_wconf 85' lang='lat' dir='ltr'><strong>uou</strong></span> <span class='ocrx_word' id='word_1_304' title='bbox 1478 4261 1719 4312; x_wconf 74' lang='lat' dir='ltr'><strong>ssscmsrrms.</strong></span> 
     </span>
    </p>
   </div>
   <div class='ocr_carea' id='block_1_8' title="bbox 331 4367 1796 4964">
    <p class='ocr_par' dir='ltr' id='par_1_11' title="bbox 331 4367 1796 4863">
     <span class='ocr_line' id='line_1_36' title="bbox 331 4367 1796 4462; baseline 0.01 -32"><span class='ocrx_word' id='word_1_305' title='bbox 331 4382 364 4438; x_wconf 82' lang='lat'><strong>35</strong></span> <span class='ocrx_word' id='word_1_306' title='bbox 456 4367 595 4433; x_wconf 87' lang='lat' dir='ltr'><strong>Mandat</strong></span> <span class='ocrx_word' id='word_1_307' title='bbox 616 4368 763 4434; x_wconf 91' lang='lat' dir='ltr'><strong>omnibus</strong></span> <span class='ocrx_word' id='word_1_308' title='bbox 786 4380 819 4434; x_wconf 89' lang='lat' dir='ltr'><strong>et</strong></span> <span class='ocrx_word' id='word_1_309' title='bbox 841 4370 991 4456; x_wconf 89' lang='lat' dir='ltr'><strong>singulis,</strong></span> <span class='ocrx_word' id='word_1_310' title='bbox 1020 4381 1086 4435; x_wconf 89' lang='lat' dir='ltr'><strong>tam</strong></span> <span class='ocrx_word' id='word_1_311' title='bbox 1115 4371 1285 4458; x_wconf 86' lang='lat' dir='ltr'><strong>graduatis</strong></span> <span class='ocrx_word' id='word_1_312' title='bbox 1306 4395 1403 4460; x_wconf 89' lang='lat' dir='ltr'><strong>quam</strong></span> <span class='ocrx_word' id='word_1_313' title='bbox 1424 4397 1488 4440; x_wconf 90' lang='lat' dir='ltr'><strong>non</strong></span> <span class='ocrx_word' id='word_1_314' title='bbox 1509 4375 1700 4462; x_wconf 86' lang='lat' dir='ltr'><strong>graduatis,</strong></span> <span class='ocrx_word' id='word_1_315' title='bbox 1729 4380 1796 4444; x_wconf 91' lang='lat' dir='ltr'><strong>uni·</strong></span> 
     </span>
     <span class='ocr_line' id='line_1_37' title="bbox 373 4467 1796 4565; baseline 0.004 -29"><span class='ocrx_word' id='word_1_316' title='bbox 373 4470 538 4536; x_wconf 84' lang='lat' dir='ltr'><strong>versitatis</strong></span> <span class='ocrx_word' id='word_1_317' title='bbox 559 4467 705 4533; x_wconf 87' lang='lat' dir='ltr'><strong>eiusdem</strong></span> <span class='ocrx_word' id='word_1_318' title='bbox 728 4471 916 4558; x_wconf 91' lang='lat' dir='ltr'><strong>suppositis,</strong></span> <span class='ocrx_word' id='word_1_319' title='bbox 940 4481 1099 4558; x_wconf 90' lang='lat' dir='ltr'><strong>quatenus</strong></span> <span class='ocrx_word' id='word_1_320' title='bbox 1121 4472 1243 4537; x_wconf 90' lang='lat' dir='ltr'><strong>nullum</strong></span> <span class='ocrx_word' id='word_1_321' title='bbox 1265 4473 1410 4560; x_wconf 89' lang='lat' dir='ltr'><strong>ipsorum</strong></span> <span class='ocrx_word' id='word_1_322' title='bbox 1430 4474 1544 4540; x_wconf 88' lang='lat' dir='ltr'><strong>incolis</strong></span> <span class='ocrx_word' id='word_1_323' title='bbox 1565 4476 1664 4542; x_wconf 90' lang='lat' dir='ltr'><strong>huius</strong></span> <span class='ocrx_word' id='word_1_324' title='bbox 1685 4477 1796 4565; x_wconf 87' lang='lat' dir='ltr'><strong>oppidi</strong></span> 
     </span>
     <span class='ocr_line' id='line_1_38' title="bbox 375 4567 1795 4660; baseline 0.004 -24"><span class='ocrx_word' id='word_1_325' title='bbox 375 4567 459 4658; x_wconf 63' lang='lat' dir='ltr'><strong>[tlh]</strong></span> <span class='ocrx_word' id='word_1_326' title='bbox 490 4577 547 4633; x_wconf 91' lang='lat' dir='ltr'><strong>aut</strong></span> <span class='ocrx_word' id='word_1_327' title='bbox 579 4567 651 4632; x_wconf 86' lang='lat' dir='ltr'><strong>aliis</strong></span> <span class='ocrx_word' id='word_1_328' title='bbox 682 4569 928 4656; x_wconf 65' lang='lat' dir='ltr'><strong>quibuscamque</strong></span> <span class='ocrx_word' id='word_1_329' title='bbox 950 4594 1010 4657; x_wconf 92' lang='lat' dir='ltr'><strong>per</strong></span> <span class='ocrx_word' id='word_1_330' title='bbox 1028 4571 1261 4656; x_wconf 88' lang='lat' dir='ltr'><strong>virgultorum,</strong></span> <span class='ocrx_word' id='word_1_331' title='bbox 1296 4571 1471 4658; x_wconf 88' lang='lat' dir='ltr'><strong>lignorum,</strong></span> <span class='ocrx_word' id='word_1_332' title='bbox 1505 4575 1677 4660; x_wconf 87' lang='lat' dir='ltr'><strong>arborum,</strong></span> <span class='ocrx_word' id='word_1_333' title='bbox 1711 4578 1795 4642; x_wconf 85' lang='lat' dir='ltr'><strong>fron-</strong></span> 
     </span>
     <span class='ocr_line' id='line_1_39' title="bbox 373 4670 1796 4764; baseline 0.005 -28"><span class='ocrx_word' id='word_1_334' title='bbox 373 4671 480 4750; x_wconf 91' lang='lat' dir='ltr'><strong>dium,</strong></span> <span class='ocrx_word' id='word_1_335' title='bbox 508 4675 668 4753; x_wconf 87' lang='lat' dir='ltr'><strong>segetum,</strong></span> <span class='ocrx_word' id='word_1_336' title='bbox 694 4672 893 4754; x_wconf 88' lang='lat' dir='ltr'><strong>graminum,</strong></span> <span class='ocrx_word' id='word_1_337' title='bbox 920 4670 1172 4754; x_wconf 88' lang='lat' dir='ltr'><strong>frumentorum,</strong></span> <span class='ocrx_word' id='word_1_338' title='bbox 1197 4673 1343 4759; x_wconf 88' lang='lat' dir='ltr'><strong>pisarum</strong></span> <span class='ocrx_word' id='word_1_339' title='bbox 1372 4685 1428 4738; x_wconf 90' lang='lat' dir='ltr'><strong>aut</strong></span> <span class='ocrx_word' id='word_1_340' title='bbox 1449 4697 1713 4764; x_wconf 87' lang='lat' dir='ltr'><strong>quorumcunque</strong></span> <span class='ocrx_word' id='word_1_341' title='bbox 1733 4678 1796 4741; x_wconf 87' lang='lat' dir='ltr'><strong>fru-</strong></span> 
     </span>
     <span class='ocr_line' id='line_1_40' title="bbox 374 4769 1796 4863; baseline 0.003 -25"><span class='ocrx_word' id='word_1_342' title='bbox 374 4783 482 4838; x_wconf 89' lang='lat' dir='ltr'><strong>ctuum</strong></span> <span class='ocrx_word' id='word_1_343' title='bbox 506 4791 563 4833; x_wconf 92' lang='lat' dir='ltr'><strong>scu</strong></span> <span class='ocrx_word' id='word_1_344' title='bbox 582 4778 671 4832; x_wconf 90' lang='lat' dir='ltr'><strong>terra</strong></span> <span class='ocrx_word' id='word_1_345' title='bbox 690 4772 891 4834; x_wconf 90' lang='lat' dir='ltr'><strong>nascentium</strong></span> <span class='ocrx_word' id='word_1_346' title='bbox 913 4769 1145 4852; x_wconf 87' lang='lat' dir='ltr'><strong>abscisionem,</strong></span> <span class='ocrx_word' id='word_1_347' title='bbox 1171 4771 1370 4840; x_wconf 91' lang='lat' dir='ltr'><strong>ablationem</strong></span> <span class='ocrx_word' id='word_1_348' title='bbox 1397 4783 1494 4863; x_wconf 85' lang='lat' dir='ltr'><strong>atque</strong></span> <span class='ocrx_word' id='word_1_349' title='bbox 1521 4775 1796 4842; x_wconf 85' lang='lat' dir='ltr'><strong>conculcationem</strong></span> 
     </span>
    </p>

    <p class='ocr_par' dir='ltr' id='par_1_12' title="bbox 333 4867 1796 4964">
     <span class='ocr_line' id='line_1_41' title="bbox 333 4867 1796 4964; baseline 0.001 -27"><span class='ocrx_word' id='word_1_350' title='bbox 333 4871 530 4938; x_wconf 79' lang='lat' dir='ltr'><strong>lodamnum</strong></span> <span class='ocrx_word' id='word_1_351' title='bbox 550 4867 678 4950; x_wconf 83' lang='lat' dir='ltr'><strong>inierat,</strong></span> <span class='ocrx_word' id='word_1_352' title='bbox 700 4891 760 4934; x_wconf 88' lang='lat' dir='ltr'><strong>nec</strong></span> <span class='ocrx_word' id='word_1_353' title='bbox 780 4869 861 4952; x_wconf 89' lang='lat' dir='ltr'><strong>loca,</strong></span> <span class='ocrx_word' id='word_1_354' title='bbox 882 4869 1078 4935; x_wconf 88' lang='lat' dir='ltr'><strong>Rosental</strong></span> <span class='ocrx_word' id='word_1_355' title='bbox 1100 4879 1131 4934; x_wconf 87' lang='lat' dir='ltr'><strong>et</strong></span> <span class='ocrx_word' id='word_1_356' title='bbox 1153 4869 1463 4958; x_wconf 87' lang='lat' dir='ltr'><strong>Thiergarthen</strong></span> <span class='ocrx_word' id='word_1_357' title='bbox 1483 4874 1665 4962; x_wconf 85' lang='lat' dir='ltr'><strong>vulgariter</strong></span> <span class='ocrx_word' id='word_1_358' title='bbox 1686 4875 1796 4964; x_wconf 87' lang='lat' dir='ltr'><strong>appel-</strong></span> 
     </span>
    </p>
   </div>
   <div class='ocr_carea' id='block_1_9' title="bbox 377 5102 1790 5262">
    <p class='ocr_par' dir='ltr' id='par_1_13' title="bbox 377 5102 1790 5262">
     <span class='ocr_line' id='line_1_42' title="bbox 445 5102 1790 5176; baseline 0.002 -16"><span class='ocrx_word' id='word_1_359' title='bbox 445 5111 455 5160; x_wconf 89' lang='lat' dir='ltr'><strong>l</strong></span> <span class='ocrx_word' id='word_1_360' title='bbox 474 5105 528 5160; x_wconf 89' lang='lat' dir='ltr'><strong>Die</strong></span> <span class='ocrx_word' id='word_1_361' title='bbox 545 5103 720 5173; x_wconf 81' lang='lat' dir='ltr'><strong>Ablriiraung</strong></span> <span class='ocrx_word' id='word_1_362' title='bbox 736 5102 773 5156; x_wconf 91' lang='lat' dir='ltr'><strong>ist</strong></span> <span class='ocrx_word' id='word_1_363' title='bbox 793 5102 892 5156; x_wconf 81' lang='lat' dir='ltr'><strong>wieder</strong></span> <span class='ocrx_word' id='word_1_364' title='bbox 908 5102 958 5155; x_wconf 89' lang='lat' dir='ltr'><strong>der</strong></span> <span class='ocrx_word' id='word_1_365' title='bbox 973 5103 1042 5170; x_wconf 82' lang='lat' dir='ltr'><strong>Art,</strong></span> <span class='ocrx_word' id='word_1_366' title='bbox 1061 5103 1125 5156; x_wconf 85' lang='lat' dir='ltr'><strong>dass</strong></span> <span class='ocrx_word' id='word_1_367' title='bbox 1141 5103 1186 5157; x_wconf 87' lang='lat' dir='ltr'><strong>die</strong></span> <span class='ocrx_word' id='word_1_368' title='bbox 1205 5103 1326 5175; x_wconf 80' lang='lat' dir='ltr'><strong>Endnng</strong></span> <span class='ocrx_word' id='word_1_369' title='bbox 1345 5105 1424 5160; x_wconf 91' lang='lat' dir='ltr'><strong>nicht</strong></span> <span class='ocrx_word' id='word_1_370' title='bbox 1442 5125 1476 5161; x_wconf 85' lang='lat' dir='ltr'><strong>zu</strong></span> <span class='ocrx_word' id='word_1_371' title='bbox 1493 5107 1634 5163; x_wconf 84' lang='lat' dir='ltr'><strong>erkennen</strong></span> <span class='ocrx_word' id='word_1_372' title='bbox 1653 5110 1702 5176; x_wconf 89' lang='lat' dir='ltr'><strong>ist,</strong></span> <span class='ocrx_word' id='word_1_373' title='bbox 1718 5113 1790 5163; x_wconf 75' lang='lat' dir='ltr'><strong>etva</strong></span> 
     </span>
     <span class='ocr_line' id='line_1_43' title="bbox 377 5185 1324 5262; baseline -0.003 -17"><span class='ocrx_word' id='word_1_374' title='bbox 377 5189 578 5262; x_wconf 61' lang='lat' dir='ltr'><strong>ammador</strong></span> <span class='ocrx_word' id='word_1_375' title='bbox 611 5187 688 5242; x_wconf 81' lang='lat' dir='ltr'><strong>noer</strong></span> <span class='ocrx_word' id='word_1_376' title='bbox 705 5185 760 5257; x_wconf 85' lang='lat' dir='ltr'><strong>vgl</strong></span> <span class='ocrx_word' id='word_1_377' title='bbox 778 5203 800 5240; x_wconf 81' lang='lat' dir='ltr'><strong>a.</strong></span> <span class='ocrx_word' id='word_1_378' title='bbox 820 5185 852 5240; x_wconf 89' lang='lat' dir='ltr'><strong>B.</strong></span> <span class='ocrx_word' id='word_1_379' title='bbox 872 5189 1056 5258; x_wconf 75' lang='grc' dir='ltr'><strong>οοπφιιιαπάο</strong></span> <span class='ocrx_word' id='word_1_380' title='bbox 1073 5185 1102 5242; x_wconf 88' lang='lat' dir='ltr'><strong>in</strong></span> <span class='ocrx_word' id='word_1_381' title='bbox 1119 5187 1184 5244; x_wconf 89' lang='lat' dir='ltr'><strong>Nro.</strong></span> <span class='ocrx_word' id='word_1_382' title='bbox 1202 5191 1235 5244; x_wconf 81' lang='grc'><strong>62</strong></span> <span class='ocrx_word' id='word_1_383' title='bbox 1253 5205 1279 5242; x_wconf 87' lang='lat' dir='ltr'><strong>u</strong></span> <span class='ocrx_word' id='word_1_384' title='bbox 1298 5204 1324 5242; x_wconf 78' lang='lat' dir='ltr'><strong>a</strong></span> 
     </span>
    </p>
   </div>
   <div class='ocr_carea' id='block_1_10' title="bbox 0 0 1903 6066">
    <p class='ocr_par' dir='ltr' id='par_1_14' title="bbox 0 0 1903 6066">
     <span class='ocr_line' id='line_1_44' title="bbox 0 0 1903 6066; baseline 0 0"><span class='ocrx_word' id='word_1_385' title='bbox 0 0 1903 6066; x_wconf 95' lang='lat' dir='ltr'><strong> </strong></span> 
     </span>
    </p>
   </div>
  </div>
 </body>
</html>
