3748 6070
377 457 437 522 288
723 454 778 503 Dar
790 453 992 517 haneneolleg.
1017 453 1067 502 Dte
1086 450 1205 502 Sumam
1222 463 1285 500 vom
1302 449 1385 504 Jahrs
1400 451 1475 506 tots.

379 633 534 699 muletam
570 633 852 720 quadruplicatam
888 632 1067 719 persolvito
1102 639 1134 696 et
1169 653 1211 696 ex
1244 630 1379 697 aedibus
1411 632 1540 719 collegii
1571 655 1642 697 cnm
1672 632 1792 697 infanm

378 735 528 821 protinus
557 731 747 798 excluditor.
790 730 887 814 Quod
915 730 1061 796 similiter
1086 730 1127 796 de
1152 729 1410 797 comessantibus
1440 742 1473 798 et
1498 729 1713 797 assidentibus
1735 729 1791 796 illis

376 832 526 920 turpibus
547 829 736 898 mulieribus
758 831 957 898 intellectum
978 829 1140 897 volumus.

890 1013 939 1061 DE
961 1013 1136 1062 cosroen
1156 1011 1289 1062 romeu.

334 1141 351 1195 5
972 1131 1136 1183 statutum
1155 1131 1208 1182 IX.

459 1245 561 1311 Totas
589 1267 687 1332 saepe
710 1247 955 1312 communitates
983 1243 1213 1310 miserabiliter
1241 1242 1391 1308 incendio
1421 1243 1605 1329 deflagrare
1632 1243 1791 1324 interdum,

375 1344 428 1410 vel
449 1347 545 1410 unius
563 1346 706 1432 imperiti
728 1357 760 1410 et
784 1346 896 1431 ignavi
917 1340 1123 1430 homi[33]nis
1144 1341 1342 1430 negligentia
1369 1353 1401 1407 et
1421 1345 1557 1426 incuria,
1584 1345 1679 1408 nimis
1702 1345 1792 1407 mani·

375 1446 494 1510 festum
524 1454 581 1510 est.
622 1444 738 1531 Itaque
769 1445 909 1531 primum
938 1465 1068 1508 oramus
1099 1452 1265 1507 aeternum
1294 1449 1420 1529 patrem
1450 1441 1572 1508 domini
1602 1443 1704 1510 nostri
1727 1443 1792 1507 Iesu

377 1543 509 1624 Christi,
531 1554 568 1607 ut
589 1552 621 1609 et
641 1565 700 1608 nos
722 1551 754 1608 et
774 1553 875 1608 totam
896 1540 990 1606 huius
1012 1539 1199 1606 academiae
1221 1563 1260 1604 ac
1279 1538 1370 1604 urhis
1389 1540 1624 1628 rempublicam
1640 1541 1681 1607 ab
1695 1539 1791 1606 huius·

336 1652 367 1708 10
376 1643 464 1708 modi
485 1640 724 1708 calamitatibus
748 1641 920 1706 elementer
941 1651 1075 1728 propter
1096 1641 1298 1724 unigenitum
1311 1639 1423 1723 filium,
1446 1649 1648 1706 servatorem
1660 1650 1792 1705 noenum

374 1744 516 1825 unicum,
537 1743 621 1806 tueri
642 1763 682 1805 ac
702 1761 896 1806 conservare
917 1739 1004 1805 velit
1034 1737 1164 1804 Deinde
1186 1738 1387 1805 obtestamur
1407 1762 1465 1805 vos
1487 1762 1614 1828 quoque
1636 1742 1792 1806 universos

374 1853 406 1910 et
430 1840 585 1927 singulos,
607 1851 642 1906 ut
665 1848 697 1906 et
716 1840 782 1928 ipsi
809 1840 996 1905 occasiones
1025 1860 1135 1903 onmes
1164 1840 1368 1922 removeatis,
1397 1837 1515 1926 quibus
1537 1838 1608 1904 lieri
1629 1850 1743 1927 posset,
1763 1848 1793 1902 ut

372 1943 449 2028 igne
471 1939 625 2006 damnum
649 1935 857 2026 da[34]retur.
890 1937 935 2002 Et
956 1939 1066 2024 pueris
1089 1961 1127 2002 ac
1148 1937 1279 2002 famulis
1301 1959 1426 2024 quoque
1447 1940 1566 2004 vestris
1587 1937 1671 2004 hauc
1693 1961 1790 2004 curam

373 2038 489 2104 crebro
508 2037 685 2121 inculcetis,
714 2048 749 2105 ut
769 2037 892 2102 lumina
914 2047 1007 2102 caute
1029 2046 1178 2118 tractent,
1204 2037 1295 2122 ligna
1316 2036 1360 2102 ad
1389 2037 1538 2103 fornaces
1559 2061 1625 2104 non
1646 2049 1792 2124 reponant

332 2150 407 2206 teet
437 2137 716 2221 hebdomadatim,
748 2139 941 2225 praesertim
974 2157 1049 2200 cum
1079 2135 1183 2222 frigus
1213 2145 1262 2200 est
1292 2137 1465 2219 intensius,
1497 2137 1668 2202 inferiores
1694 2146 1791 2224 partes

372 2239 586 2304 fumariorum
619 2237 727 2324 scopis
758 2236 931 2322 diligenter
963 2245 1111 2321 purgent.
1154 2234 1199 2299 Et
1231 2245 1401 2322 praeterea
1432 2258 1560 2323 quoque
1595 2259 1711 2322 aquam
1741 2258 1791 2322 per

374 2338 443 2404 dies
471 2359 511 2401 ao
539 2344 649 2401 noctes
677 2337 712 2400 in
742 2335 869 2423 hydriis
904 2334 1041 2422 aliisque
1068 2335 1157 2400 vasis
1186 2334 1229 2400 ad
1264 2334 1387 2422 primos
1417 2336 1558 2422 impetus
1586 2336 1669 2402 forte
1701 2333 1790 2422 (quod

372 2448 482 2503 tamen
513 2433 592 2500 deus
621 2433 854 2520 benignissime
884 2433 1044 2513 avertatl)
1075 2434 1271 2520 ignescentia
1303 2431 1455 2498 flammae
1486 2433 1735 2520 exsfinguendos
1761 2435 1789 2496 in

373 2535 494 2601 muscis
526 2534 645 2599 vestris
677 2530 740 2620 [35]
772 2535 806 2599 in
836 2542 966 2620 promtu
997 2532 1154 2616 habeatis,
1185 2533 1296 2619 sieque
1327 2554 1420 2597 omne
1451 2533 1593 2598 incendii
1626 2532 1789 2622 periculum

332 2633 511 2702 woonsilio
539 2645 571 2697 et
598 2631 768 2718 diligentia
794 2646 904 2697 vestra
930 2635 1171 2718 praecaveatis,
1202 2633 1297 2697 sicuti
1327 2653 1386 2696 sua
1415 2632 1531 2718 cuique
1559 2634 1629 2698 vita
1657 2643 1687 2697 et
1714 2631 1789 2697 salus

374 2733 582 2818 omniumque
604 2753 713 2796 rerum
735 2732 898 2818 possessio
918 2740 951 2795 et
972 2741 1039 2796 tota
1066 2729 1255 2818 respublica
1277 2729 1368 2795 cordi
1394 2740 1453 2796 est.
1495 2732 1535 2796 In
1556 2731 1607 2797 his
1628 2732 1722 2798 rebus
1742 2730 1789 2818 qni

372 2830 541 2918 negligens
568 2840 718 2916 repertus
746 2831 857 2912 fuerit,
886 2853 1024 2917 poenam
1052 2829 1188 2916 collegio
1214 2830 1438 2912 arbitrariam,
1466 2853 1551 2918 quae
1577 2855 1702 2900 summa
1727 2851 1788 2894 esse

372 2931 502 3019 poterit,
529 2928 653 3017 absque
673 2930 862 2995 remissione
890 2928 1063 3017 persolvat.
1104 2930 1149 2994 Et
1177 2929 1254 3017 quia
1281 2929 1487 2994 arbustorum
1519 2953 1559 2996 ac
1588 2930 1789 3017 virgultorum

375 3053 453 3095 usus
475 3029 510 3094 in
529 3029 777 3116 vaporariorum
806 3028 936 3115 ignibus
963 3029 1160 3094 instruendis
1188 3030 1223 3094 iu
1250 3027 1322 3093 aliis
1344 3029 1488 3115 collegiis
1511 3041 1647 3118 propter
1668 3027 1791 3095 vitanda

330 3129 518 3196 tamaxima
545 3128 618 3215 peri
627 3123 692 3215 [36]
701 3127 773 3192 cula
802 3139 852 3194 est
879 3128 1085 3210 interdictus,
1117 3127 1205 3194 idem
1232 3129 1267 3192 in
1294 3127 1356 3192 hoc
1384 3127 1520 3215 collegio
1550 3131 1649 3195 etiarn
1678 3129 1793 3194 servari

372 3228 549 3294 necessitas
580 3226 677 3314 plane
706 3226 827 3294 suadet
870 3225 1024 3293 Iubemus
1052 3249 1129 3314 ergo
1156 3238 1189 3291 et
1216 3225 1449 3310 interdicimus,
1477 3232 1614 3316 nequis
1636 3253 1677 3294 ex
1698 3229 1791 3315 inqui·
1854 3217 1855 3224 ἵ

372 3326 448 3392 linis
468 3326 563 3392 huius
586 3328 825 3394 communitatis
852 3328 886 3390 in
913 3325 1101 3391 fornacibus
1129 3335 1161 3390 et
1182 3326 1429 3411 vaporariorum
1450 3327 1582 3413 ignibus
1604 3326 1791 3394 instruendis

370 3436 481 3493 utatur
502 3425 665 3491 fasciculis
687 3437 719 3490 et
739 3425 902 3512 lignorum
922 3427 1077 3490 ramentis
1099 3435 1155 3489 aut
1183 3424 1282 3490 simili
1307 3428 1453 3492 materia.
1495 3426 1657 3516 Repertus
1684 3438 1791 3508 autem,

370 3528 425 3614 qui
446 3523 566 3591 talibus
586 3525 694 3590 focum
714 3525 914 3606 instruxerit,
944 3523 1072 3612 collegii
1100 3525 1177 3590 fisco
1205 3523 1381 3612 persolvito
1409 3547 1542 3592 aureum
1568 3551 1669 3594 unum
1697 3528 1791 3607 toties,

329 3626 497 3713 toqueties
519 3623 700 3710 deliquerit.

769 3769 816 3858 [S.
837 3770 889 3859 37]
912 3791 959 3840 nn
981 3790 1194 3840 ensunnano
1217 3791 1403 3842 sonnacio.

968 3909 1140 3960 statutum
1160 3909 1192 3959 X.

453 4019 555 4086 Fores
577 4017 705 4108 collegii
727 4020 916 4087 claudentur
937 4023 1018 4089 hora
1037 4022 1193 4088 hactenus
1214 4033 1382 4090 consueta:
1412 4007 1536 4090 aestivo
1561 4025 1694 4112 quidem
1720 4035 1788 4090 tem·

371 4141 451 4208 pore
473 4119 608 4185 dimidia
633 4119 769 4203 decima,
791 4119 917 4208 hyemis
940 4145 1018 4187 vero
1040 4122 1170 4188 circiter
1191 4122 1305 4192 horam
1324 4145 1453 4188 nonam.
1488 4123 1568 4190 Post
1589 4124 1651 4190 hoc
1672 4138 1789 4212 tempus

327 4220 427 4308 tiqui
449 4218 599 4284 exclusus
625 4219 784 4308 pulsando
807 4220 1018 4286 clamandove
1040 4220 1083 4286 ad
1103 4222 1190 4286 fores
1214 4233 1269 4287 aut
1289 4223 1323 4286 in
1343 4221 1452 4309 platea
1472 4225 1677 4311 importunus
1702 4227 1790 4290 fuerit

370 4328 403 4383 et
423 4339 617 4405 quemquam
637 4319 835 4406 fatigaverit,
863 4331 993 4407 postero
1020 4320 1072 4386 die
1103 4322 1172 4386 sine
1199 4323 1401 4386 recusatione
1422 4321 1576 4388 mulctam
1603 4321 1669 4412 [38]
1693 4323 1790 4389 solvat

368 4415 547 4504 imperialis
579 4422 688 4500 unius,
719 4419 782 4483 nisi
813 4441 855 4484 ex
887 4421 1046 4487 sententia
1076 4419 1206 4506 collegii
1236 4421 1389 4485 maiorem
1419 4423 1582 4488 meruerit.
1625 4423 1691 4504 Qui
1718 4445 1789 4487 vero

272 4532 276 4540 ·
366 4514 522 4581 famulum
551 4519 709 4582 curatoris
735 4516 788 4582 vel
815 4519 849 4582 vi
877 4521 1020 4604 coegerit
1047 4519 1098 4584 vel
1126 4521 1266 4606 pecunia
1295 4520 1490 4608 corruperit,
1519 4531 1575 4587 aut
1607 4545 1790 4612 quocunque

367 4614 465 4682 modo
494 4636 532 4680 eo
560 4614 765 4701 perduxerit,
792 4627 827 4682 ut
856 4640 913 4682 suo
941 4617 1077 4684 arbitrio
1105 4618 1192 4684 fores
1222 4618 1386 4684 clauderet
1413 4630 1469 4686 aut
1497 4621 1671 4708 panderet,
1701 4627 1790 4711 quive
1854 4625 1855 4710 ζ

324 4719 441 4802 tuipse
471 4713 506 4778 in
538 4735 597 4778 sua
626 4723 786 4800 potestate
815 4716 940 4782 elavem
967 4719 1086 4783 forium
1114 4717 1320 4804 publicarum
1349 4719 1639 4811 quomodocunque
1670 4733 1790 4810 partam
1854 4759 1855 4780 t

365 4813 529 4894 habuerit,
553 4813 650 4898 quive
672 4835 862 4902 quacunque
885 4814 1065 4881 clanculum
1088 4817 1257 4903 irrepserit
1280 4828 1335 4882 aut
1355 4841 1389 4883 se
1410 4821 1636 4905 insinuaverit,
1658 4826 1687 4887 is
1700 4824 1789 4886 trium
1854 4829 1855 4870 l

365 4911 631 4980 ioachimioorum
653 4911 805 4979 mulctam
828 4913 943 4998 solvat,
965 4910 1096 5001 ni[39]si
1119 4919 1236 5001 potius,
1259 4927 1295 4982 ut
1314 4941 1331 4982 e
1351 4916 1486 5005 collegio
1506 4921 1658 5007 emigret,
1686 4920 1788 4986 iuben·

364 5013 427 5082 dus
448 5033 519 5079 esse
540 5009 699 5078 videatur.
1854 5023 1855 5032 ’
