3794 6060
842 379 894 430 Die
912 379 1031 432 Statntcn
1049 395 1112 430 vom
1128 378 1211 431 Jahrs
1232 383 1296 430 1500

694 566 742 626 14.
764 556 826 646 [Bl.
848 558 919 648 18¹]
948 580 996 628 nn
1017 565 1267 630 culmorum
1289 579 1456 630 munero.

448 695 746 756 Uetereinstimmeud
765 697 818 755 mit
838 699 899 758 Nr.
920 699 960 762 26
983 701 1034 758 des
1047 701 1186 773 fratem
1199 697 1453 759 Statutcnbuctes.
1488 699 1572 757 Duas
1587 699 1686 758 dieser
1700 698 1779 756 Arti-

363 799 409 857 lscl
427 797 508 856 nicht
530 797 620 854 schoa
640 794 672 852 in
692 794 739 853 dic
753 799 906 870 sriibsren
920 797 1060 858 Statuten
1081 798 1241 875 einpcreitt
1261 799 1358 870 ward,
1379 819 1447 857 war
1467 801 1544 858 woltl
1562 817 1623 857 aar
1640 798 1688 857 cin
1711 799 1779 858 Ver·

363 898 459 956 aeden.
486 895 553 953 Der
560 895 694 972 Ansanp,
711 896 1001 974 nactFortlassanp
1012 899 1067 958 der
1081 899 1262 974 Einleitunp,
1283 899 1377 957 lactet
1389 901 1483 974 jctst:
1504 893 1622 960 Rector
1639 895 1780 975 sinesin,

333 999 424 1059 tund
442 1014 492 1054 cm
513 993 651 1053 &litasse
672 993 711 1051 ist
732 994 924 1072 timpefflpt
946 993 980 1056 in
1002 1015 1192 1081 quocunque
1212 991 1291 1058 loco.

366 1185 411 1246 15.
434 1170 584 1264 [Bl.18·]
607 1192 655 1241 nn
677 1190 828 1240 suornm
848 1192 1051 1242 summanus
1070 1193 1219 1243 smmis
1240 1193 1502 1242 cumsasrrsms
1521 1192 1782 1243 scsrmurmus

861 1291 1013 1340 memma
1034 1292 1279 1342 nocromrus.

449 1412 748 1474 Uelsreinstimmcnd
767 1409 820 1468 mit
838 1411 897 1469 Nr.
921 1411 974 1484 17,
1000 1412 1112 1472 rosan
1133 1415 1152 1475 4
1175 1415 1227 1472 des
1241 1415 1380 1489 fritlam
1403 1413 1662 1486 concursantem,
1688 1413 1781 1490 depin-

361 1515 455 1573 nead:
487 1506 636 1589 Quilibet
658 1509 693 1572 in
714 1529 809 1572 sacra
830 1507 953 1592 pagina
973 1531 1002 1570 u.
1023 1533 1049 1573 c.
1070 1531 1107 1574 w.
1148 1513 1344 1572 Atweictend
1364 1513 1404 1572 ist
1423 1533 1492 1584 nar,
1514 1515 1586 1572 dccc
1599 1519 1663 1588 su'r
1683 1509 1782 1574 altero

322 1622 354 1676 1⁰
364 1610 482 1676 iurium
504 1613 549 1684 (S.
560 1613 610 1691 58,
622 1603 676 1694 32)
697 1619 806 1687 perstat
827 1611 866 1668 ist
886 1604 987 1672 altero
1009 1606 1062 1672 vel
1083 1617 1219 1694 utroque
1240 1610 1369 1675 iurium.

444 1962 575 2024 Hermia
596 1963 731 2022 scilicaet
752 1963 800 2022 die
821 1961 860 2021 im
880 1963 977 2022 Jasre
1003 1963 1081 2025 1500
1096 1981 1334 2040 vorycnmumcne
1346 1965 1514 2024 Reductioa
1536 1965 1592 2022 der
1612 1972 1714 2022 ersten
1725 1963 1780 2022 Ab·

361 2067 502 2142 tteiluay,
524 2083 554 2121 es
566 2065 674 2140 salpen
696 2069 758 2140 aus
772 2065 829 2122 den
846 2065 964 2122 domolo
978 2063 1224 2138 carpetaneam
1239 2066 1383 2124 Bld'ttera
1401 2065 1780 2124 Zasatsbesctls'c'ssc.

579 2234 626 2296 16.
648 2224 709 2314 [Bl.
730 2229 799 2296 leb.
823 2223 894 2314 19⁵]
926 2242 1113 2292 suasurum
1131 2243 1178 2290 un
1202 2243 1334 2292 ansrru
1354 2243 1556 2294 raonmrro.

772 2346 826 2396 Sub
843 2347 948 2409 Langia
965 2347 1153 2411 Lembergcnsi
1172 2343 1241 2410 (also
1262 2347 1367 2412 tolet).

320 2475 350 2530 15
444 2463 526 2530 cum
546 2460 687 2528 ambicio
709 2458 849 2526 candida
869 2459 903 2524 in
924 2461 1029 2547 nigra,
1051 2483 1188 2548 regnum
1209 2462 1243 2525 in
1263 2462 1469 2548 tyrannidem
1490 2469 1612 2544 vertat,
1633 2459 1779 2526 beneme-

359 2565 431 2629 ritis
464 2563 612 2652 praemia
646 2562 776 2626 virtutis
803 2568 836 2624 et
864 2557 1014 2626 laborum
1042 2559 1203 2626 subducat
1231 2571 1263 2626 et
1292 2561 1376 2626 male
1406 2562 1530 2626 meritis
1558 2559 1779 2626 adulatoribus

359 2663 505 2728 conferat
524 2683 659 2727 munera
680 2661 822 2742 virtutis,
842 2660 1044 2744 impericiam
1063 2659 1231 2726 doctrinae
1251 2661 1416 2748 praeferre
1437 2661 1592 2726 electores
1614 2670 1727 2746 cogat,
1748 2669 1781 2724 ut

358 2763 409 2828 bis
430 2761 526 2826 malis
547 2760 679 2826 obviam
701 2761 812 2841 iretur,
832 2767 952 2822 statuto
972 2759 1125 2824 concordi
1144 2761 1366 2826 universitatis
1388 2783 1547 2826 consensu
1569 2760 1780 2826 corroborato

359 2871 490 2928 cautum
512 2868 579 2944 est,
606 2881 647 2924 ne
668 2859 838 2946 quisquam
858 2879 918 2944 pro
940 2857 1077 2924 lectione
1097 2869 1130 2923 et
1149 2859 1315 2942 faurltate,
1343 2861 1538 2946 magistratu
1558 2859 1706 2947 publico,
1730 2881 1780 2924 ca-

316 2963 531 3045 tttnonicatu,
557 2957 771 3044 collegiatura
798 2966 855 3024 aut
883 2957 956 3022 aliis
986 2955 1071 3046 [19¹¹]
1098 2959 1268 3045 stipendiis
1297 2961 1366 3026 sive
1394 2959 1561 3026 beneficiis
1587 2982 1647 3047 per
1674 2982 1710 3026 sc
1731 2958 1780 3024 vel

359 3063 476 3143 alium,
498 3060 622 3125 directe
642 3057 693 3122 vel
714 3057 887 3140 indirecte,
907 3080 966 3144 per
987 3080 1131 3142 munera,
1153 3081 1213 3146 per
1236 3059 1464 3146 suffragiorum
1485 3058 1707 3148 obligaciones
1729 3069 1782 3124 aut

357 3185 416 3251 per
445 3158 601 3228 offerendi
628 3179 762 3222 munera
791 3166 868 3245 post
889 3157 1055 3222 electionis
1077 3167 1185 3224 actum
1205 3161 1439 3246 promissiones
1461 3159 1599 3242 ambiat,
1633 3158 1784 3224 sollicitet

358 3272 415 3328 aut
441 3267 636 3347 corrumpat.
684 3255 806 3322 Verum
838 3279 898 3344 pro
930 3258 1044 3323 merito
1072 3266 1104 3322 et
1131 3257 1201 3323 iure
1229 3281 1288 3324 suo
1314 3257 1489 3326 obtinendo
1516 3257 1627 3324 verbis
1656 3269 1781 3324 tentum

357 3361 532 3428 sollicitare
560 3355 757 3425 conceditur.
805 3356 1045 3444 Transgressor
1073 3357 1116 3422 sit
1141 3371 1302 3447 perpetua
1329 3359 1510 3426 inabilitatc
1539 3367 1571 3424 ct
1598 3359 1781 3445 privatione

314 3463 408 3530 25sui
429 3464 602 3542 interesse,
621 3457 747 3522 ambitu
770 3467 845 3522 ante
865 3455 917 3521 vel
935 3465 1013 3543 post
1032 3457 1220 3523 electionem
1242 3469 1420 3547 comperto,
1443 3468 1518 3524 actu
1539 3458 1781 3524 condemnatus.

356 3565 429 3629 Sint
461 3581 588 3650 quoque
624 3557 794 3622 collatores
829 3565 861 3620 et
889 3551 1152 3644 electo[20⁸]res
1184 3569 1217 3622 et
1242 3568 1504 3647 praesentatores
1534 3557 1594 3623 sub
1622 3568 1781 3646 perpetua

357 3663 524 3730 electionis
545 3659 734 3746 privacione
757 3655 897 3736 astricti,
924 3665 961 3720 ut
987 3655 1100 3720 doctos
1122 3657 1215 3723 etde
1237 3659 1450 3724 universitate
1471 3658 1688 3724 benemeritos
1709 3657 1781 3722 aliis

358 3766 466 3828 minus
495 3759 600 3825 doctis
626 3756 779 3842 spectatis
806 3765 839 3820 et
864 3752 959 3819 bonis
987 3755 1067 3818 viris
1088 3763 1120 3819 et
1140 3756 1356 3823 ambientibus
1374 3759 1563 3849 praeferant
1583 3757 1781 3843 idoneosque

357 3863 486 3948 eligent
527 3859 566 3923 ln
591 3856 709 3921 vetitas
731 3853 981 3920 sollicitaciones
1002 3876 1146 3920 annuens
1168 3877 1286 3944 easque
1308 3869 1483 3946 acceptans
1505 3859 1547 3923 ait
1568 3857 1602 3920 in
1623 3857 1780 3924 electione

315 3961 515 4046 tosuffragio
537 3959 695 4046 privatus,
717 3965 748 4020 et
769 3963 939 4042 acceptum
958 3954 993 4018 in
1014 3956 1233 4022 universitatis
1255 3959 1418 4024 aerarium
1441 3957 1632 4046 deponatur.

667 4145 712 4206 17.
739 4156 786 4204 nn
810 4155 958 4203 cousmn
979 4155 1151 4204 uscnnms
1171 4157 1217 4204 nr
1239 4141 1465 4206 mnncsr1s¹

440 4277 521 4346 (lum
550 4275 619 4340 sine
647 4269 848 4361 pensiculate
869 4269 1012 4336 delibera
1022 4267 1202 4358 [20b]tioue
1224 4283 1257 4338 et
1276 4283 1402 4340 maturo
1424 4271 1559 4338 consilio
1580 4293 1676 4339 nemo
1699 4271 1778 4338 rcle

357 4386 452 4467 getur
473 4386 506 4441 et
527 4373 766 4462 proscribatur,
794 4381 826 4435 et
845 4369 1046 4436 reconciliati
1068 4372 1234 4438 rarissime
1257 4372 1300 4438 ad
1323 4372 1495 4461 probatam
1516 4372 1671 4440 honestae
1692 4375 1778 4439 vitae

355 4482 481 4565 frugem
502 4474 673 4555 redierint,
704 4494 746 4536 ne
779 4493 917 4534 censura
937 4470 1161 4536 universitatis
1183 4473 1217 4536 in
1239 4481 1455 4561 contemptum
1476 4472 1574 4538 abeat
1595 4481 1627 4538 et
1648 4475 1778 4539 occasio

313 4578 470 4648 tteffreni
496 4574 716 4640 contumaciae
738 4581 770 4636 et
788 4571 908 4636 ulcioni
928 4569 1172 4636 scolasticorum
1192 4571 1303 4656 detur,
1333 4595 1398 4660 qua
1428 4575 1462 4637 in
1487 4582 1646 4656 rectores,
1674 4595 1777 4639 asses·

355 4701 454 4760 sores,
478 4672 681 4741 consiliarios
703 4672 849 4758 grassari
869 4679 1012 4757 possent,
1031 4669 1185 4736 concordi
1205 4673 1425 4738 universitatis
1440 4694 1600 4739 consensu
1617 4674 1777 4740 sancitum

423 5000 433 5050 1
455 4995 518 5050 Von
535 4987 679 5048 desselben
698 4987 796 5052 Hand,
813 4987 857 5042 die
873 4987 925 5044 das
941 4982 1176 5056 Voruufgebende
1191 4985 1372 5056 gescbrieben
1391 4986 1452 5054 bat,
1471 4988 1530 5043 also
1546 4985 1618 5042 euch
1637 4985 1711 5044 wohl
1727 5005 1775 5044 aus

355 5079 498 5136 desselben
518 5077 587 5132 Zeit
1588 5111 1591 5122 .

1868 4697 1869 4783 l

1866 4789 1868 4885 l

1865 4889 1867 4989 l

1864 4995 1866 5093 l

1863 5097 1865 5196 l
