<?xml version="1.0" encoding="UTF-8"?>
<!DOCTYPE html PUBLIC "-//W3C//DTD XHTML 1.0 Transitional//EN"
    "http://www.w3.org/TR/xhtml1/DTD/xhtml1-transitional.dtd">
<html xmlns="http://www.w3.org/1999/xhtml" xml:lang="en" lang="en">
 <head>
  <title>
</title>
<meta http-equiv="Content-Type" content="text/html;charset=utf-8" />
  <meta name='ocr-system' content='tesseract 3.04.00' />
  <meta name='ocr-capabilities' content='ocr_page ocr_carea ocr_par ocr_line ocrx_word'/>
</head>
<body>
  <div class='ocr_page' id='page_1' title='image "./diestatutenbche00leipgoog_0394.png"; bbox 0 0 3758 6072; ppageno 0'>
   <div class='ocr_carea' id='block_1_1' title="bbox 575 467 1578 542">
    <p class='ocr_par' dir='ltr' id='par_1_1' title="bbox 575 467 1578 542">
     <span class='ocr_line' id='line_1_1' title="bbox 575 467 1578 542; baseline 0.008 -17"><span class='ocrx_word' id='word_1_1' title='bbox 575 474 710 525; x_wconf 81' lang='lat' dir='ltr'><strong>Entvttrfs</strong></span> <span class='ocrx_word' id='word_1_2' title='bbox 728 487 776 525; x_wconf 80' lang='lat' dir='ltr'><strong>sur</strong></span> <span class='ocrx_word' id='word_1_3' title='bbox 793 475 844 526; x_wconf 85' lang='lat' dir='ltr'><strong>den</strong></span> <span class='ocrx_word' id='word_1_4' title='bbox 862 467 966 526; x_wconf 81' lang='lat' dir='ltr'><strong>Jabrsn</strong></span> <span class='ocrx_word' id='word_1_5' title='bbox 984 471 1075 526; x_wconf 79' lang='grc'>1111-</span> <span class='ocrx_word' id='word_1_6' title='bbox 1086 473 1159 527; x_wconf 77' lang='lat' dir='ltr'><strong>lars.</strong></span> <span class='ocrx_word' id='word_1_7' title='bbox 1498 507 1503 522; x_wconf 86' lang='lat'><strong>·</strong></span> <span class='ocrx_word' id='word_1_8' title='bbox 1518 477 1578 542; x_wconf 83' lang='grc'><strong>373</strong></span> 
     </span>
    </p>
   </div>
   <div class='ocr_carea' id='block_1_2' title="bbox 139 652 1620 1736">
    <p class='ocr_par' dir='ltr' id='par_1_2' title="bbox 139 652 1620 1736">
     <span class='ocr_line' id='line_1_2' title="bbox 139 652 1579 722; baseline 0.001 -2"><span class='ocrx_word' id='word_1_9' title='bbox 139 665 176 720; x_wconf 89' lang='lat' dir='ltr'><strong>ut</strong></span> <span class='ocrx_word' id='word_1_10' title='bbox 196 655 233 720; x_wconf 92' lang='lat' dir='ltr'><strong>in</strong></span> <span class='ocrx_word' id='word_1_11' title='bbox 254 653 410 720; x_wconf 90' lang='lat' dir='ltr'><strong>electione</strong></span> <span class='ocrx_word' id='word_1_12' title='bbox 430 653 546 719; x_wconf 89' lang='lat' dir='ltr'><strong>decani</strong></span> <span class='ocrx_word' id='word_1_13' title='bbox 567 664 713 722; x_wconf 87' lang='lat' dir='ltr'><strong>servetur</strong></span> <span class='ocrx_word' id='word_1_14' title='bbox 734 654 842 722; x_wconf 89' lang='lat' dir='ltr'><strong>forma</strong></span> <span class='ocrx_word' id='word_1_15' title='bbox 866 656 977 720; x_wconf 85' lang='lat' dir='ltr'><strong>statuti</strong></span> <span class='ocrx_word' id='word_1_16' title='bbox 998 652 1162 720; x_wconf 76' lang='lat' dir='ltr'><strong>facultatis</strong></span> <span class='ocrx_word' id='word_1_17' title='bbox 1180 654 1224 720; x_wconf 87' lang='lat' dir='ltr'><strong>ad</strong></span> <span class='ocrx_word' id='word_1_18' title='bbox 1238 657 1342 720; x_wconf 89' lang='lat' dir='ltr'><strong>instar</strong></span> <span class='ocrx_word' id='word_1_19' title='bbox 1356 655 1579 722; x_wconf 85' lang='lat' dir='ltr'><strong>universitatis</strong></span> 
     </span>
     <span class='ocr_line' id='line_1_3' title="bbox 140 753 1577 842; baseline 0.001 -22"><span class='ocrx_word' id='word_1_20' title='bbox 140 754 337 840; x_wconf 86' lang='lat' dir='ltr'><strong>Pragensis:</strong></span> <span class='ocrx_word' id='word_1_21' title='bbox 364 755 480 842; x_wconf 91' lang='lat' dir='ltr'><strong>primo,</strong></span> <span class='ocrx_word' id='word_1_22' title='bbox 500 753 587 841; x_wconf 91' lang='lat' dir='ltr'><strong>quod</strong></span> <span class='ocrx_word' id='word_1_23' title='bbox 608 754 750 822; x_wconf 87' lang='lat' dir='ltr'><strong>decanus</strong></span> <span class='ocrx_word' id='word_1_24' title='bbox 770 754 904 821; x_wconf 90' lang='lat' dir='ltr'><strong>inducat</strong></span> <span class='ocrx_word' id='word_1_25' title='bbox 924 755 1054 842; x_wconf 88' lang='lat' dir='ltr'><strong>publice</strong></span> <span class='ocrx_word' id='word_1_26' title='bbox 1073 756 1151 820; x_wconf 91' lang='lat' dir='ltr'><strong>viva</strong></span> <span class='ocrx_word' id='word_1_27' title='bbox 1163 777 1245 820; x_wconf 91' lang='lat' dir='ltr'><strong>voce</strong></span> <span class='ocrx_word' id='word_1_28' title='bbox 1266 762 1298 820; x_wconf 93' lang='lat' dir='ltr'><strong>et</strong></span> <span class='ocrx_word' id='word_1_29' title='bbox 1319 753 1454 840; x_wconf 81' lang='lat' dir='ltr'>quilibet</span> <span class='ocrx_word' id='word_1_30' title='bbox 1475 757 1577 842; x_wconf 92' lang='lat' dir='ltr'><strong>magi-</strong></span> 
     </span>
     <span class='ocr_line' id='line_1_4' title="bbox 142 851 1577 943; baseline 0.003 -25"><span class='ocrx_word' id='word_1_31' title='bbox 142 863 290 919; x_wconf 89' lang='lat' dir='ltr'><strong>strorum</strong></span> <span class='ocrx_word' id='word_1_32' title='bbox 318 851 359 918; x_wconf 90' lang='lat' dir='ltr'><strong>de</strong></span> <span class='ocrx_word' id='word_1_33' title='bbox 387 852 524 919; x_wconf 91' lang='lat' dir='ltr'><strong>concilio</strong></span> <span class='ocrx_word' id='word_1_34' title='bbox 550 853 732 938; x_wconf 71' lang='lat' dir='ltr'><strong>facultatis,</strong></span> <span class='ocrx_word' id='word_1_35' title='bbox 768 855 949 943; x_wconf 90' lang='lat' dir='ltr'><strong>praemissa</strong></span> <span class='ocrx_word' id='word_1_36' title='bbox 978 852 1073 921; x_wconf 88' lang='lat' dir='ltr'><strong>solito</strong></span> <span class='ocrx_word' id='word_1_37' title='bbox 1100 875 1190 920; x_wconf 91' lang='lat' dir='ltr'><strong>more</strong></span> <span class='ocrx_word' id='word_1_38' title='bbox 1210 854 1422 920; x_wconf 89' lang='lat' dir='ltr'><strong>iuvocacione</strong></span> <span class='ocrx_word' id='word_1_39' title='bbox 1443 856 1577 942; x_wconf 85' lang='lat' dir='ltr'><strong>spiritus</strong></span> 
     </span>
     <span class='ocr_line' id='line_1_5' title="bbox 143 952 1579 1040; baseline 0.002 -21"><span class='ocrx_word' id='word_1_40' title='bbox 143 955 270 1035; x_wconf 90' lang='lat' dir='ltr'><strong>sancti,</strong></span> <span class='ocrx_word' id='word_1_41' title='bbox 300 953 444 1018; x_wconf 91' lang='lat' dir='ltr'><strong>nominet</strong></span> <span class='ocrx_word' id='word_1_42' title='bbox 475 952 665 1040; x_wconf 90' lang='lat' dir='ltr'><strong>simpliciter</strong></span> <span class='ocrx_word' id='word_1_43' title='bbox 693 977 794 1020; x_wconf 89' lang='lat' dir='ltr'><strong>unum</strong></span> <span class='ocrx_word' id='word_1_44' title='bbox 825 954 885 1020; x_wconf 88' lang='lat' dir='ltr'><strong>sub</strong></span> <span class='ocrx_word' id='word_1_45' title='bbox 925 977 985 1020; x_wconf 86' lang='lat' dir='ltr'><strong>sua</strong></span> <span class='ocrx_word' id='word_1_46' title='bbox 1017 954 1236 1037; x_wconf 78' lang='lat' dir='ltr'><strong>consciencia,</strong></span> <span class='ocrx_word' id='word_1_47' title='bbox 1275 953 1457 1020; x_wconf 90' lang='lat' dir='ltr'><strong>nullatenus</strong></span> <span class='ocrx_word' id='word_1_48' title='bbox 1497 977 1579 1022; x_wconf 86' lang='lat' dir='ltr'><strong>voce</strong></span> 
     </span>
     <span class='ocr_line' id='line_1_6' title="bbox 143 1051 1620 1142; baseline 0.002 -24"><span class='ocrx_word' id='word_1_49' title='bbox 143 1052 297 1119; x_wconf 88' lang='lat' dir='ltr'><strong>carendo.</strong></span> <span class='ocrx_word' id='word_1_50' title='bbox 342 1051 476 1118; x_wconf 83' lang='lat' dir='ltr'><strong>sivero</strong></span> <span class='ocrx_word' id='word_1_51' title='bbox 504 1061 590 1118; x_wconf 89' lang='lat' dir='ltr'><strong>esset</strong></span> <span class='ocrx_word' id='word_1_52' title='bbox 610 1075 727 1119; x_wconf 87' lang='lat' dir='ltr'><strong>vocum</strong></span> <span class='ocrx_word' id='word_1_53' title='bbox 746 1054 871 1142; x_wconf 90' lang='lat' dir='ltr'><strong>paritas</strong></span> <span class='ocrx_word' id='word_1_54' title='bbox 892 1065 1022 1142; x_wconf 90' lang='lat' dir='ltr'><strong>praeter</strong></span> <span class='ocrx_word' id='word_1_55' title='bbox 1043 1075 1157 1119; x_wconf 90' lang='lat' dir='ltr'><strong>vocem</strong></span> <span class='ocrx_word' id='word_1_56' title='bbox 1178 1052 1302 1136; x_wconf 88' lang='lat' dir='ltr'><strong>decani,</strong></span> <span class='ocrx_word' id='word_1_57' title='bbox 1325 1054 1415 1119; x_wconf 90' lang='lat' dir='ltr'><strong>cuius</strong></span> <span class='ocrx_word' id='word_1_58' title='bbox 1435 1061 1485 1119; x_wconf 90' lang='lat' dir='ltr'><strong>est</strong></span> <span class='ocrx_word' id='word_1_59' title='bbox 1504 1076 1578 1120; x_wconf 91' lang='lat' dir='ltr'><strong>con·</strong></span> <span class='ocrx_word' id='word_1_60' title='bbox 1603 1063 1620 1121; x_wconf 81' lang='lat'><strong>5</strong></span> 
     </span>
     <span class='ocr_line' id='line_1_7' title="bbox 143 1149 1579 1240; baseline -0.001 -21"><span class='ocrx_word' id='word_1_61' title='bbox 143 1153 277 1219; x_wconf 89' lang='lat' dir='ltr'><strong>cludere</strong></span> <span class='ocrx_word' id='word_1_62' title='bbox 298 1175 341 1218; x_wconf 91' lang='lat' dir='ltr'><strong>ex</strong></span> <span class='ocrx_word' id='word_1_63' title='bbox 363 1153 412 1217; x_wconf 91' lang='lat' dir='ltr'><strong>sui</strong></span> <span class='ocrx_word' id='word_1_64' title='bbox 434 1151 540 1217; x_wconf 90' lang='lat' dir='ltr'><strong>officio</strong></span> <span class='ocrx_word' id='word_1_65' title='bbox 562 1153 655 1219; x_wconf 88' lang='lat' dir='ltr'><strong>iuxta</strong></span> <span class='ocrx_word' id='word_1_66' title='bbox 675 1175 792 1220; x_wconf 91' lang='lat' dir='ltr'><strong>vocum</strong></span> <span class='ocrx_word' id='word_1_67' title='bbox 813 1152 1041 1240; x_wconf 74' lang='lat' dir='ltr'><strong>pluralitatem,</strong></span> <span class='ocrx_word' id='word_1_68' title='bbox 1063 1163 1140 1219; x_wconf 89' lang='lat' dir='ltr'><strong>tunc</strong></span> <span class='ocrx_word' id='word_1_69' title='bbox 1161 1152 1205 1218; x_wconf 85' lang='lat' dir='ltr'><strong>sd</strong></span> <span class='ocrx_word' id='word_1_70' title='bbox 1224 1154 1304 1218; x_wconf 90' lang='lat' dir='ltr'><strong>iuris</strong></span> <span class='ocrx_word' id='word_1_71' title='bbox 1320 1149 1366 1240; x_wconf 75' lang='lat' dir='ltr'><strong>(i)</strong></span> <span class='ocrx_word' id='word_1_72' title='bbox 1389 1153 1579 1219; x_wconf 91' lang='lat' dir='ltr'><strong>scrutinium</strong></span> 
     </span>
     <span class='ocr_line' id='line_1_8' title="bbox 142 1249 1578 1342; baseline 0 -24"><span class='ocrx_word' id='word_1_73' title='bbox 142 1249 354 1342; x_wconf 83' lang='lat' dir='ltr'><strong>procedatur.</strong></span> <span class='ocrx_word' id='word_1_74' title='bbox 394 1249 492 1332; x_wconf 77' lang='lat' dir='ltr'><strong>Quod</strong></span> <span class='ocrx_word' id='word_1_75' title='bbox 520 1253 548 1316; x_wconf 91' lang='lat' dir='ltr'><strong>si</strong></span> <span class='ocrx_word' id='word_1_76' title='bbox 578 1251 685 1317; x_wconf 86' lang='lat' dir='ltr'><strong>adhuc</strong></span> <span class='ocrx_word' id='word_1_77' title='bbox 705 1254 829 1339; x_wconf 88' lang='lat' dir='ltr'><strong>paritas</strong></span> <span class='ocrx_word' id='word_1_78' title='bbox 851 1275 970 1318; x_wconf 91' lang='lat' dir='ltr'><strong>vocum</strong></span> <span class='ocrx_word' id='word_1_79' title='bbox 998 1263 1194 1337; x_wconf 81' lang='lat' dir='ltr'><strong>remaneret,</strong></span> <span class='ocrx_word' id='word_1_80' title='bbox 1232 1251 1464 1339; x_wconf 87' lang='lat' dir='ltr'><strong>procederetur</strong></span> <span class='ocrx_word' id='word_1_81' title='bbox 1484 1254 1578 1318; x_wconf 88' lang='lat' dir='ltr'><strong>iuxta</strong></span> 
     </span>
     <span class='ocr_line' id='line_1_9' title="bbox 143 1350 1578 1440; baseline 0 -22"><span class='ocrx_word' id='word_1_82' title='bbox 143 1353 286 1418; x_wconf 91' lang='lat' dir='ltr'><strong>formam</strong></span> <span class='ocrx_word' id='word_1_83' title='bbox 306 1351 340 1416; x_wconf 90' lang='lat' dir='ltr'><strong>in</strong></span> <span class='ocrx_word' id='word_1_84' title='bbox 362 1359 481 1417; x_wconf 88' lang='lat' dir='ltr'><strong>statuto</strong></span> <span class='ocrx_word' id='word_1_85' title='bbox 503 1371 694 1438; x_wconf 79' lang='lat' dir='ltr'><strong>expressam</strong></span> <span class='ocrx_word' id='word_1_86' title='bbox 713 1350 757 1417; x_wconf 89' lang='lat' dir='ltr'><strong>ad</strong></span> <span class='ocrx_word' id='word_1_87' title='bbox 777 1355 1053 1440; x_wconf 88' lang='lat' dir='ltr'><strong>compromissum.</strong></span> <span class='ocrx_word' id='word_1_88' title='bbox 1099 1351 1149 1420; x_wconf 86' lang='lat' dir='ltr'><strong>Sit</strong></span> <span class='ocrx_word' id='word_1_89' title='bbox 1176 1361 1285 1418; x_wconf 89' lang='lat' dir='ltr'><strong>tamen</strong></span> <span class='ocrx_word' id='word_1_90' title='bbox 1311 1351 1454 1418; x_wconf 89' lang='lat' dir='ltr'><strong>decanus</strong></span> <span class='ocrx_word' id='word_1_91' title='bbox 1481 1354 1578 1418; x_wconf 88' lang='lat' dir='ltr'><strong>astri-</strong></span> 
     </span>
     <span class='ocr_line' id='line_1_10' title="bbox 145 1449 1578 1540; baseline 0.001 -24"><span class='ocrx_word' id='word_1_92' title='bbox 145 1461 216 1517; x_wconf 86' lang='lat' dir='ltr'><strong>ctus</strong></span> <span class='ocrx_word' id='word_1_93' title='bbox 234 1451 279 1516; x_wconf 87' lang='lat' dir='ltr'><strong>ad</strong></span> <span class='ocrx_word' id='word_1_94' title='bbox 292 1449 475 1516; x_wconf 89' lang='lat' dir='ltr'><strong>vocandum</strong></span> <span class='ocrx_word' id='word_1_95' title='bbox 488 1451 664 1537; x_wconf 86' lang='lat' dir='ltr'><strong>magistros</strong></span> <span class='ocrx_word' id='word_1_96' title='bbox 680 1451 741 1517; x_wconf 88' lang='lat' dir='ltr'><strong>sub</strong></span> <span class='ocrx_word' id='word_1_97' title='bbox 752 1454 873 1519; x_wconf 87' lang='lat' dir='ltr'><strong>arciori</strong></span> <span class='ocrx_word' id='word_1_98' title='bbox 894 1475 1001 1540; x_wconf 89' lang='lat' dir='ltr'><strong>poena</strong></span> <span class='ocrx_word' id='word_1_99' title='bbox 1022 1475 1118 1539; x_wconf 90' lang='lat' dir='ltr'><strong>quam</strong></span> <span class='ocrx_word' id='word_1_100' title='bbox 1137 1475 1201 1518; x_wconf 91' lang='lat' dir='ltr'><strong>non</strong></span> <span class='ocrx_word' id='word_1_101' title='bbox 1218 1451 1471 1536; x_wconf 81' lang='lat' dir='ltr'><strong>contr-edicendi,</strong></span> <span class='ocrx_word' id='word_1_102' title='bbox 1493 1451 1578 1518; x_wconf 89' lang='lat' dir='ltr'><strong>scili-</strong></span> 
     </span>
     <span class='ocr_line' id='line_1_11' title="bbox 144 1550 1620 1641; baseline 0.001 -25"><span class='ocrx_word' id='word_1_103' title='bbox 144 1563 194 1618; x_wconf 90' lang='lat' dir='ltr'><strong>cct</strong></span> <span class='ocrx_word' id='word_1_104' title='bbox 216 1551 271 1616; x_wconf 89' lang='lat' dir='ltr'><strong>vel</strong></span> <span class='ocrx_word' id='word_1_105' title='bbox 293 1550 353 1616; x_wconf 88' lang='lat' dir='ltr'><strong>sub</strong></span> <span class='ocrx_word' id='word_1_106' title='bbox 374 1573 480 1637; x_wconf 89' lang='lat' dir='ltr'><strong>poena</strong></span> <span class='ocrx_word' id='word_1_107' title='bbox 499 1551 650 1638; x_wconf 90' lang='lat' dir='ltr'><strong>praestiti</strong></span> <span class='ocrx_word' id='word_1_108' title='bbox 680 1551 854 1618; x_wconf 88' lang='lat' dir='ltr'><strong>iuramenti</strong></span> <span class='ocrx_word' id='word_1_109' title='bbox 886 1562 943 1618; x_wconf 89' lang='lat' dir='ltr'><strong>aut</strong></span> <span class='ocrx_word' id='word_1_110' title='bbox 970 1552 1030 1618; x_wconf 90' lang='lat' dir='ltr'><strong>sub</strong></span> <span class='ocrx_word' id='word_1_111' title='bbox 1059 1575 1165 1641; x_wconf 89' lang='lat' dir='ltr'><strong>poena</strong></span> <span class='ocrx_word' id='word_1_112' title='bbox 1186 1552 1355 1618; x_wconf 88' lang='lat' dir='ltr'><strong>carenciae</strong></span> <span class='ocrx_word' id='word_1_113' title='bbox 1381 1551 1577 1618; x_wconf 88' lang='lat' dir='ltr'><strong>emolimenti</strong></span> <span class='ocrx_word' id='word_1_114' title='bbox 1589 1560 1620 1618; x_wconf 86' lang='lat'><strong>10</strong></span> 
     </span>
     <span class='ocr_line' id='line_1_12' title="bbox 144 1650 755 1736; baseline -0.005 -19"><span class='ocrx_word' id='word_1_115' title='bbox 144 1650 314 1717; x_wconf 76' lang='lat' dir='ltr'><strong>securitatis</strong></span> <span class='ocrx_word' id='word_1_116' title='bbox 334 1671 510 1736; x_wconf 82' lang='lat' dir='ltr'><strong>perunum</strong></span> <span class='ocrx_word' id='word_1_117' title='bbox 530 1650 755 1715; x_wconf 77' lang='lat' dir='ltr'><strong>mancionem.</strong></span> 
     </span>
    </p>
   </div>
   <div class='ocr_carea' id='block_1_3' title="bbox 799 1819 968 1874">
    <p class='ocr_par' dir='ltr' id='par_1_3' title="bbox 799 1819 968 1874">
     <span class='ocr_line' id='line_1_13' title="bbox 799 1819 968 1874; baseline 0 -4"><span class='ocrx_word' id='word_1_118' title='bbox 799 1819 842 1870; x_wconf 75' lang='lat'><strong>2¹³¹</strong></span> <span class='ocrx_word' id='word_1_119' title='bbox 864 1821 968 1874; x_wconf 85' lang='lat' dir='ltr'><strong>modas.</strong></span> 
     </span>
    </p>
   </div>
   <div class='ocr_carea' id='block_1_4' title="bbox 145 1930 1621 2718">
    <p class='ocr_par' dir='ltr' id='par_1_4' title="bbox 145 1930 1621 2718">
     <span class='ocr_line' id='line_1_14' title="bbox 232 1930 1580 2000; baseline -0.001 0"><span class='ocrx_word' id='word_1_120' title='bbox 232 1931 297 2000; x_wconf 91' lang='lat' dir='ltr'><strong>Vel</strong></span> <span class='ocrx_word' id='word_1_121' title='bbox 319 1930 494 1998; x_wconf 89' lang='lat' dir='ltr'><strong>secuudum</strong></span> <span class='ocrx_word' id='word_1_122' title='bbox 517 1933 690 1999; x_wconf 90' lang='lat' dir='ltr'><strong>canonicas</strong></span> <span class='ocrx_word' id='word_1_123' title='bbox 713 1934 895 2000; x_wconf 84' lang='lat' dir='ltr'><strong>sanctiones</strong></span> <span class='ocrx_word' id='word_1_124' title='bbox 923 1931 1147 1999; x_wconf 88' lang='lat' dir='ltr'><strong>distribuendo</strong></span> <span class='ocrx_word' id='word_1_125' title='bbox 1174 1933 1269 1998; x_wconf 87' lang='lat' dir='ltr'><strong>iuxta</strong></span> <span class='ocrx_word' id='word_1_126' title='bbox 1289 1953 1390 1998; x_wconf 90' lang='lat' dir='ltr'><strong>onera</strong></span> <span class='ocrx_word' id='word_1_127' title='bbox 1409 1931 1580 1998; x_wconf 88' lang='lat' dir='ltr'><strong>commoda</strong></span> 
     </span>
     <span class='ocr_line' id='line_1_15' title="bbox 147 2031 1580 2120; baseline 0 -22"><span class='ocrx_word' id='word_1_128' title='bbox 147 2043 179 2098; x_wconf 88' lang='lat' dir='ltr'><strong>et</strong></span> <span class='ocrx_word' id='word_1_129' title='bbox 200 2032 424 2113; x_wconf 87' lang='lat' dir='ltr'><strong>emolimenta,</strong></span> <span class='ocrx_word' id='word_1_130' title='bbox 452 2031 574 2119; x_wconf 89' lang='lat' dir='ltr'><strong>placet,</strong></span> <span class='ocrx_word' id='word_1_131' title='bbox 609 2032 695 2120; x_wconf 91' lang='lat' dir='ltr'><strong>quod</strong></span> <span class='ocrx_word' id='word_1_132' title='bbox 716 2031 894 2098; x_wconf 90' lang='lat' dir='ltr'><strong>decanatus</strong></span> <span class='ocrx_word' id='word_1_133' title='bbox 922 2033 1076 2100; x_wconf 85' lang='lat' dir='ltr'><strong>succedat</strong></span> <span class='ocrx_word' id='word_1_134' title='bbox 1094 2034 1129 2097; x_wconf 94' lang='lat' dir='ltr'><strong>in</strong></span> <span class='ocrx_word' id='word_1_135' title='bbox 1149 2031 1340 2098; x_wconf 88' lang='lat' dir='ltr'><strong>nacionibus</strong></span> <span class='ocrx_word' id='word_1_136' title='bbox 1366 2033 1461 2098; x_wconf 87' lang='lat' dir='ltr'><strong>iuxta</strong></span> <span class='ocrx_word' id='word_1_137' title='bbox 1488 2033 1580 2098; x_wconf 91' lang='lat' dir='ltr'><strong>senia</strong></span> 
     </span>
     <span class='ocr_line' id='line_1_16' title="bbox 146 2130 1621 2221; baseline -0.002 -21"><span class='ocrx_word' id='word_1_138' title='bbox 146 2133 381 2221; x_wconf 85' lang='lat' dir='ltr'><strong>magistrorum</strong></span> <span class='ocrx_word' id='word_1_139' title='bbox 403 2130 443 2196; x_wconf 93' lang='lat' dir='ltr'><strong>de</strong></span> <span class='ocrx_word' id='word_1_140' title='bbox 464 2131 599 2198; x_wconf 88' lang='lat' dir='ltr'><strong>concilio</strong></span> <span class='ocrx_word' id='word_1_141' title='bbox 628 2131 792 2198; x_wconf 86' lang='lat' dir='ltr'><strong>facultatis</strong></span> <span class='ocrx_word' id='word_1_142' title='bbox 817 2132 860 2199; x_wconf 88' lang='lat' dir='ltr'><strong>ad</strong></span> <span class='ocrx_word' id='word_1_143' title='bbox 886 2134 990 2200; x_wconf 90' lang='lat' dir='ltr'><strong>instar</strong></span> <span class='ocrx_word' id='word_1_144' title='bbox 1011 2133 1226 2220; x_wconf 87' lang='lat' dir='ltr'><strong>plurimarum</strong></span> <span class='ocrx_word' id='word_1_145' title='bbox 1247 2133 1494 2198; x_wconf 87' lang='lat' dir='ltr'><strong>universitatum</strong></span> <span class='ocrx_word' id='word_1_146' title='bbox 1516 2132 1621 2198; x_wconf 77' lang='lat' dir='ltr'><strong>sol-tt</strong></span> 
     </span>
     <span class='ocr_line' id='line_1_17' title="bbox 147 2230 1579 2320; baseline 0 -22"><span class='ocrx_word' id='word_1_147' title='bbox 147 2233 304 2298; x_wconf 87' lang='lat' dir='ltr'><strong>lemnium</strong></span> <span class='ocrx_word' id='word_1_148' title='bbox 332 2232 538 2317; x_wconf 82' lang='lat' dir='ltr'><strong>germanicae</strong></span> <span class='ocrx_word' id='word_1_149' title='bbox 564 2232 728 2314; x_wconf 85' lang='lat' dir='ltr'><strong>nacionis,</strong></span> <span class='ocrx_word' id='word_1_150' title='bbox 756 2234 804 2298; x_wconf 90' lang='lat' dir='ltr'><strong>ita</strong></span> <span class='ocrx_word' id='word_1_151' title='bbox 830 2233 917 2320; x_wconf 89' lang='lat' dir='ltr'><strong>quod</strong></span> <span class='ocrx_word' id='word_1_152' title='bbox 944 2255 1010 2299; x_wconf 93' lang='lat' dir='ltr'><strong>non</strong></span> <span class='ocrx_word' id='word_1_153' title='bbox 1037 2233 1096 2298; x_wconf 88' lang='lat' dir='ltr'><strong>fiat</strong></span> <span class='ocrx_word' id='word_1_154' title='bbox 1120 2232 1342 2319; x_wconf 89' lang='lat' dir='ltr'><strong>reciprocacio</strong></span> <span class='ocrx_word' id='word_1_155' title='bbox 1363 2233 1398 2298; x_wconf 90' lang='lat' dir='ltr'><strong>in</strong></span> <span class='ocrx_word' id='word_1_156' title='bbox 1418 2230 1579 2298; x_wconf 87' lang='lat' dir='ltr'><strong>decanatu</strong></span> 
     </span>
     <span class='ocr_line' id='line_1_18' title="bbox 145 2329 1579 2418; baseline 0 -20"><span class='ocrx_word' id='word_1_157' title='bbox 145 2333 211 2398; x_wconf 91' lang='lat' dir='ltr'><strong>uisi</strong></span> <span class='ocrx_word' id='word_1_158' title='bbox 242 2339 349 2397; x_wconf 88' lang='lat' dir='ltr'><strong>stante</strong></span> <span class='ocrx_word' id='word_1_159' title='bbox 376 2329 503 2396; x_wconf 90' lang='lat' dir='ltr'><strong>defectu</strong></span> <span class='ocrx_word' id='word_1_160' title='bbox 523 2331 754 2416; x_wconf 85' lang='lat' dir='ltr'><strong>magistrorum</strong></span> <span class='ocrx_word' id='word_1_161' title='bbox 785 2331 826 2396; x_wconf 91' lang='lat' dir='ltr'><strong>de</strong></span> <span class='ocrx_word' id='word_1_162' title='bbox 854 2332 989 2398; x_wconf 91' lang='lat' dir='ltr'><strong>concilio</strong></span> <span class='ocrx_word' id='word_1_163' title='bbox 1010 2330 1192 2414; x_wconf 88' lang='lat' dir='ltr'><strong>facultatis,</strong></span> <span class='ocrx_word' id='word_1_164' title='bbox 1222 2353 1358 2418; x_wconf 86' lang='lat' dir='ltr'><strong>quorum</strong></span> <span class='ocrx_word' id='word_1_165' title='bbox 1380 2329 1516 2417; x_wconf 88' lang='lat' dir='ltr'><strong>quilibet</strong></span> <span class='ocrx_word' id='word_1_166' title='bbox 1536 2353 1579 2398; x_wconf 87' lang='lat' dir='ltr'><strong>ex</strong></span> 
     </span>
     <span class='ocr_line' id='line_1_19' title="bbox 147 2427 1578 2520; baseline -0.003 -21"><span class='ocrx_word' id='word_1_167' title='bbox 147 2434 256 2520; x_wconf 87' lang='lat' dir='ltr'><strong>prima</strong></span> <span class='ocrx_word' id='word_1_168' title='bbox 286 2431 479 2518; x_wconf 90' lang='lat' dir='ltr'><strong>recepcioue</strong></span> <span class='ocrx_word' id='word_1_169' title='bbox 516 2427 560 2494; x_wconf 89' lang='lat' dir='ltr'><strong>ad</strong></span> <span class='ocrx_word' id='word_1_170' title='bbox 591 2430 763 2496; x_wconf 86' lang='lat' dir='ltr'><strong>concilium</strong></span> <span class='ocrx_word' id='word_1_171' title='bbox 792 2431 956 2499; x_wconf 81' lang='lat' dir='ltr'><strong>facrdtatis</strong></span> <span class='ocrx_word' id='word_1_172' title='bbox 990 2431 1208 2518; x_wconf 89' lang='lat' dir='ltr'><strong>praesumitur</strong></span> <span class='ocrx_word' id='word_1_173' title='bbox 1242 2429 1461 2496; x_wconf 89' lang='lat' dir='ltr'><strong>verisimiliter</strong></span> <span class='ocrx_word' id='word_1_174' title='bbox 1498 2431 1578 2496; x_wconf 89' lang='lat' dir='ltr'><strong>satis</strong></span> 
     </span>
     <span class='ocr_line' id='line_1_20' title="bbox 148 2527 1575 2619; baseline -0.001 -22"><span class='ocrx_word' id='word_1_175' title='bbox 148 2541 255 2618; x_wconf 88' lang='lat' dir='ltr'><strong>aptus.</strong></span> <span class='ocrx_word' id='word_1_176' title='bbox 297 2527 342 2594; x_wconf 85' lang='lat' dir='ltr'><strong>Et</strong></span> <span class='ocrx_word' id='word_1_177' title='bbox 359 2539 437 2594; x_wconf 89' lang='lat' dir='ltr'><strong>tunc</strong></span> <span class='ocrx_word' id='word_1_178' title='bbox 458 2528 519 2594; x_wconf 91' lang='lat' dir='ltr'><strong>hoc</strong></span> <span class='ocrx_word' id='word_1_179' title='bbox 540 2551 618 2594; x_wconf 88' lang='lat' dir='ltr'><strong>casu</strong></span> <span class='ocrx_word' id='word_1_180' title='bbox 637 2529 740 2595; x_wconf 89' lang='lat' dir='ltr'><strong>boner</strong></span> <span class='ocrx_word' id='word_1_181' title='bbox 761 2532 881 2598; x_wconf 89' lang='lat' dir='ltr'><strong>seniori</strong></span> <span class='ocrx_word' id='word_1_182' title='bbox 902 2534 1053 2619; x_wconf 88' lang='lat' dir='ltr'><strong>primitus</strong></span> <span class='ocrx_word' id='word_1_183' title='bbox 1074 2530 1267 2598; x_wconf 89' lang='lat' dir='ltr'><strong>exhibeatur</strong></span> <span class='ocrx_word' id='word_1_184' title='bbox 1288 2529 1340 2595; x_wconf 89' lang='lat' dir='ltr'><strong>vel</strong></span> <span class='ocrx_word' id='word_1_185' title='bbox 1360 2527 1478 2618; x_wconf 88' lang='lat' dir='ltr'><strong>aliquis</strong></span> <span class='ocrx_word' id='word_1_186' title='bbox 1497 2528 1575 2615; x_wconf 85' lang='lat' dir='ltr'><strong>ydo-</strong></span> 
     </span>
     <span class='ocr_line' id='line_1_21' title="bbox 147 2627 1621 2718; baseline 0 -22"><span class='ocrx_word' id='word_1_187' title='bbox 147 2653 228 2696; x_wconf 86' lang='lat' dir='ltr'><strong>neus</strong></span> <span class='ocrx_word' id='word_1_188' title='bbox 250 2629 472 2717; x_wconf 88' lang='lat' dir='ltr'><strong>dispensative</strong></span> <span class='ocrx_word' id='word_1_189' title='bbox 493 2627 537 2694; x_wconf 88' lang='lat' dir='ltr'><strong>ad</strong></span> <span class='ocrx_word' id='word_1_190' title='bbox 557 2628 730 2696; x_wconf 81' lang='lat' dir='ltr'><strong>concilium</strong></span> <span class='ocrx_word' id='word_1_191' title='bbox 749 2631 938 2718; x_wconf 85' lang='lat' dir='ltr'><strong>recipiatur.</strong></span> <span class='ocrx_word' id='word_1_192' title='bbox 1563 2635 1621 2696; x_wconf 80' lang='lat'><strong>&#39;20</strong></span> 
     </span>
    </p>
   </div>
   <div class='ocr_carea' id='block_1_5' title="bbox 439 2799 1328 2866">
    <p class='ocr_par' dir='ltr' id='par_1_5' title="bbox 439 2799 1328 2866">
     <span class='ocr_line' id='line_1_22' title="bbox 439 2799 1328 2866; baseline 0.003 -9"><span class='ocrx_word' id='word_1_193' title='bbox 439 2799 467 2858; x_wconf 83' lang='lat'><strong>5.</strong></span> <span class='ocrx_word' id='word_1_194' title='bbox 493 2811 539 2858; x_wconf 87' lang='lat' dir='ltr'><strong>nn</strong></span> <span class='ocrx_word' id='word_1_195' title='bbox 559 2812 758 2862; x_wconf 82' lang='lat' dir='ltr'><strong>uuucrloun</strong></span> <span class='ocrx_word' id='word_1_196' title='bbox 785 2815 1065 2866; x_wconf 66' lang='lat' dir='ltr'><strong>summarorium</strong></span> <span class='ocrx_word' id='word_1_197' title='bbox 1085 2815 1153 2863; x_wconf 80' lang='grc'>1111</span> <span class='ocrx_word' id='word_1_198' title='bbox 1175 2812 1328 2863; x_wconf 81' lang='lat' dir='ltr'><strong>sonuum.</strong></span> 
     </span>
    </p>
   </div>
   <div class='ocr_carea' id='block_1_6' title="bbox 144 2925 1620 4310">
    <p class='ocr_par' dir='ltr' id='par_1_6' title="bbox 144 2925 1620 4310">
     <span class='ocr_line' id='line_1_23' title="bbox 229 2925 1579 3018; baseline -0.002 -23"><span class='ocrx_word' id='word_1_199' title='bbox 229 2929 313 2995; x_wconf 86' lang='lat' dir='ltr'><strong>Item</strong></span> <span class='ocrx_word' id='word_1_200' title='bbox 339 2927 385 2994; x_wconf 89' lang='lat' dir='ltr'><strong>ad</strong></span> <span class='ocrx_word' id='word_1_201' title='bbox 411 2925 627 2994; x_wconf 88' lang='lat' dir='ltr'><strong>claudendum</strong></span> <span class='ocrx_word' id='word_1_202' title='bbox 652 2930 740 2995; x_wconf 90' lang='lat' dir='ltr'><strong>viam</strong></span> <span class='ocrx_word' id='word_1_203' title='bbox 761 2930 966 3018; x_wconf 87' lang='lat' dir='ltr'><strong>quarundam</strong></span> <span class='ocrx_word' id='word_1_204' title='bbox 991 2930 1212 3016; x_wconf 88' lang='lat' dir='ltr'><strong>suspicionum</strong></span> <span class='ocrx_word' id='word_1_205' title='bbox 1231 2927 1352 3014; x_wconf 87' lang='lat' dir='ltr'><strong>placet,</strong></span> <span class='ocrx_word' id='word_1_206' title='bbox 1386 2936 1422 2993; x_wconf 91' lang='lat' dir='ltr'><strong>ut</strong></span> <span class='ocrx_word' id='word_1_207' title='bbox 1446 2928 1579 2994; x_wconf 87' lang='lat' dir='ltr'><strong>inantea</strong></span> 
     </span>
     <span class='ocr_line' id='line_1_24' title="bbox 146 3026 1578 3116; baseline -0.003 -21"><span class='ocrx_word' id='word_1_208' title='bbox 146 3030 389 3095; x_wconf 87' lang='lat' dir='ltr'><strong>examinatores</strong></span> <span class='ocrx_word' id='word_1_209' title='bbox 416 3049 475 3113; x_wconf 92' lang='lat' dir='ltr'><strong>per.</strong></span> <span class='ocrx_word' id='word_1_210' title='bbox 507 3035 627 3093; x_wconf 88' lang='lat' dir='ltr'><strong>sortem</strong></span> <span class='ocrx_word' id='word_1_211' title='bbox 645 3027 816 3115; x_wconf 82' lang='lat' dir='ltr'><strong>eligantur.</strong></span> <span class='ocrx_word' id='word_1_212' title='bbox 854 3030 893 3094; x_wconf 94' lang='lat' dir='ltr'><strong>Iu</strong></span> <span class='ocrx_word' id='word_1_213' title='bbox 920 3052 984 3116; x_wconf 92' lang='lat' dir='ltr'><strong>qua</strong></span> <span class='ocrx_word' id='word_1_214' title='bbox 1004 3038 1091 3094; x_wconf 88' lang='lat' dir='ltr'><strong>sorte</strong></span> <span class='ocrx_word' id='word_1_215' title='bbox 1112 3037 1261 3093; x_wconf 75' lang='lat' dir='ltr'><strong>tenentum</strong></span> <span class='ocrx_word' id='word_1_216' title='bbox 1280 3028 1437 3092; x_wconf 90' lang='lat' dir='ltr'><strong>iuteresse</strong></span> <span class='ocrx_word' id='word_1_217' title='bbox 1459 3026 1578 3113; x_wconf 87' lang='lat' dir='ltr'><strong>singuli</strong></span> 
     </span>
     <span class='ocr_line' id='line_1_25' title="bbox 146 3124 1577 3214; baseline -0.003 -20"><span class='ocrx_word' id='word_1_218' title='bbox 146 3129 301 3214; x_wconf 87' lang='lat' dir='ltr'><strong>magistri</strong></span> <span class='ocrx_word' id='word_1_219' title='bbox 323 3125 364 3193; x_wconf 93' lang='lat' dir='ltr'><strong>de</strong></span> <span class='ocrx_word' id='word_1_220' title='bbox 385 3126 522 3194; x_wconf 91' lang='lat' dir='ltr'><strong>concilio</strong></span> <span class='ocrx_word' id='word_1_221' title='bbox 543 3125 717 3208; x_wconf 87' lang='lat' dir='ltr'><strong>facultatis,</strong></span> <span class='ocrx_word' id='word_1_222' title='bbox 736 3128 771 3192; x_wconf 91' lang='grc'><strong>11</strong></span> <span class='ocrx_word' id='word_1_223' title='bbox 791 3129 1004 3194; x_wconf 87' lang='lat' dir='ltr'><strong>universitate</strong></span> <span class='ocrx_word' id='word_1_224' title='bbox 1026 3135 1164 3214; x_wconf 87' lang='lat' dir='ltr'><strong>protunc</strong></span> <span class='ocrx_word' id='word_1_225' title='bbox 1186 3124 1355 3190; x_wconf 89' lang='lat' dir='ltr'><strong>actualiter</strong></span> <span class='ocrx_word' id='word_1_226' title='bbox 1376 3145 1577 3190; x_wconf 89' lang='lat' dir='ltr'><strong>commoran-</strong></span> 
     </span>
     <span class='ocr_line' id='line_1_26' title="bbox 146 3223 1620 3314; baseline -0.002 -20"><span class='ocrx_word' id='word_1_227' title='bbox 146 3239 205 3312; x_wconf 89' lang='lat' dir='ltr'><strong>tes,</strong></span> <span class='ocrx_word' id='word_1_228' title='bbox 229 3225 290 3294; x_wconf 89' lang='lat' dir='ltr'><strong>sub</strong></span> <span class='ocrx_word' id='word_1_229' title='bbox 304 3249 409 3314; x_wconf 90' lang='lat' dir='ltr'><strong>poena</strong></span> <span class='ocrx_word' id='word_1_230' title='bbox 423 3227 591 3292; x_wconf 90' lang='lat' dir='ltr'><strong>carenciae</strong></span> <span class='ocrx_word' id='word_1_231' title='bbox 612 3225 898 3308; x_wconf 90' lang='lat' dir='ltr'><strong>emolimentorum,</strong></span> <span class='ocrx_word' id='word_1_232' title='bbox 920 3227 1106 3312; x_wconf 88' lang='lat' dir='ltr'><strong>quaeipsis</strong></span> <span class='ocrx_word' id='word_1_233' title='bbox 1128 3246 1188 3310; x_wconf 93' lang='lat' dir='ltr'><strong>pro</strong></span> <span class='ocrx_word' id='word_1_234' title='bbox 1209 3223 1324 3290; x_wconf 90' lang='lat' dir='ltr'><strong>eadem</strong></span> <span class='ocrx_word' id='word_1_235' title='bbox 1335 3224 1408 3288; x_wconf 89' lang='lat' dir='ltr'><strong>vice</strong></span> <span class='ocrx_word' id='word_1_236' title='bbox 1428 3245 1470 3290; x_wconf 91' lang='lat' dir='ltr'><strong>ex</strong></span> <span class='ocrx_word' id='word_1_237' title='bbox 1484 3233 1620 3311; x_wconf 71' lang='lat' dir='ltr'><strong>parieti</strong></span> 
     </span>
     <span class='ocr_line' id='line_1_27' title="bbox 144 3321 1577 3412; baseline -0.003 -19"><span class='ocrx_word' id='word_1_238' title='bbox 144 3328 294 3393; x_wconf 88' lang='lat' dir='ltr'><strong>nacionis</strong></span> <span class='ocrx_word' id='word_1_239' title='bbox 316 3337 373 3392; x_wconf 90' lang='lat' dir='ltr'><strong>aut</strong></span> <span class='ocrx_word' id='word_1_240' title='bbox 392 3326 554 3392; x_wconf 90' lang='lat' dir='ltr'><strong>facultatis</strong></span> <span class='ocrx_word' id='word_1_241' title='bbox 578 3347 603 3391; x_wconf 88' lang='lat' dir='ltr'><strong>a</strong></span> <span class='ocrx_word' id='word_1_242' title='bbox 629 3323 859 3412; x_wconf 90' lang='lat' dir='ltr'><strong>promovendis</strong></span> <span class='ocrx_word' id='word_1_243' title='bbox 888 3335 1022 3412; x_wconf 89' lang='lat' dir='ltr'><strong>possent</strong></span> <span class='ocrx_word' id='word_1_244' title='bbox 1048 3323 1230 3411; x_wconf 88' lang='lat' dir='ltr'><strong>provenire</strong></span> <span class='ocrx_word' id='word_1_245' title='bbox 1273 3322 1309 3388; x_wconf 85' lang='lat' dir='ltr'><strong>si</strong></span> <span class='ocrx_word' id='word_1_246' title='bbox 1329 3331 1438 3388; x_wconf 89' lang='lat' dir='ltr'><strong>tamen</strong></span> <span class='ocrx_word' id='word_1_247' title='bbox 1459 3321 1577 3410; x_wconf 88' lang='lat' dir='ltr'><strong>aliquis</strong></span> 
     </span>
     <span class='ocr_line' id='line_1_28' title="bbox 145 3423 1577 3514; baseline -0.003 -21"><span class='ocrx_word' id='word_1_248' title='bbox 145 3429 380 3514; x_wconf 86' lang='lat' dir='ltr'><strong>magistrorum</strong></span> <span class='ocrx_word' id='word_1_249' title='bbox 398 3426 439 3492; x_wconf 87' lang='lat' dir='ltr'><strong>de</strong></span> <span class='ocrx_word' id='word_1_250' title='bbox 458 3423 596 3491; x_wconf 89' lang='lat' dir='ltr'><strong>concilio</strong></span> <span class='ocrx_word' id='word_1_251' title='bbox 623 3423 804 3508; x_wconf 90' lang='lat' dir='ltr'><strong>facultatis,</strong></span> <span class='ocrx_word' id='word_1_252' title='bbox 837 3426 872 3489; x_wconf 89' lang='lat' dir='ltr'><strong>iu</strong></span> <span class='ocrx_word' id='word_1_253' title='bbox 898 3423 969 3490; x_wconf 93' lang='lat' dir='ltr'><strong>loco</strong></span> <span class='ocrx_word' id='word_1_254' title='bbox 995 3425 1155 3505; x_wconf 85' lang='lat' dir='ltr'><strong>existens,</strong></span> <span class='ocrx_word' id='word_1_255' title='bbox 1189 3445 1231 3487; x_wconf 86' lang='lat' dir='ltr'><strong>ex</strong></span> <span class='ocrx_word' id='word_1_256' title='bbox 1260 3443 1451 3509; x_wconf 89' lang='lat' dir='ltr'><strong>quacunque</strong></span> <span class='ocrx_word' id='word_1_257' title='bbox 1478 3443 1577 3488; x_wconf 89' lang='lat' dir='ltr'><strong>eausa</strong></span> 
     </span>
     <span class='ocr_line' id='line_1_29' title="bbox 146 3520 1578 3609; baseline -0.003 -17"><span class='ocrx_word' id='word_1_258' title='bbox 146 3525 341 3594; x_wconf 90' lang='lat' dir='ltr'><strong>racionabili</strong></span> <span class='ocrx_word' id='word_1_259' title='bbox 366 3525 450 3591; x_wconf 91' lang='lat' dir='ltr'><strong>forte</strong></span> <span class='ocrx_word' id='word_1_260' title='bbox 479 3525 628 3591; x_wconf 91' lang='lat' dir='ltr'><strong>electioni</strong></span> <span class='ocrx_word' id='word_1_261' title='bbox 656 3525 914 3590; x_wconf 89' lang='lat' dir='ltr'><strong>examinatorum</strong></span> <span class='ocrx_word' id='word_1_262' title='bbox 942 3526 1100 3589; x_wconf 85' lang='lat' dir='ltr'><strong>interesse</strong></span> <span class='ocrx_word' id='word_1_263' title='bbox 1119 3543 1185 3588; x_wconf 90' lang='lat' dir='ltr'><strong>non</strong></span> <span class='ocrx_word' id='word_1_264' title='bbox 1207 3522 1345 3609; x_wconf 88' lang='lat' dir='ltr'><strong>poterit,</strong></span> <span class='ocrx_word' id='word_1_265' title='bbox 1373 3523 1500 3609; x_wconf 88' lang='lat' dir='ltr'><strong>signum</strong></span> <span class='ocrx_word' id='word_1_266' title='bbox 1520 3520 1578 3587; x_wconf 89' lang='lat' dir='ltr'><strong>ali·</strong></span> 
     </span>
     <span class='ocr_line' id='line_1_30' title="bbox 146 3619 1578 3714; baseline -0.006 -20"><span class='ocrx_word' id='word_1_267' title='bbox 146 3627 236 3714; x_wconf 89' lang='lat' dir='ltr'><strong>quod</strong></span> <span class='ocrx_word' id='word_1_268' title='bbox 257 3627 292 3690; x_wconf 91' lang='grc'><strong>11</strong></span> <span class='ocrx_word' id='word_1_269' title='bbox 313 3625 419 3690; x_wconf 89' lang='lat' dir='ltr'><strong>locum</strong></span> <span class='ocrx_word' id='word_1_270' title='bbox 440 3647 534 3690; x_wconf 88' lang='lat' dir='ltr'><strong>suum</strong></span> <span class='ocrx_word' id='word_1_271' title='bbox 555 3637 705 3712; x_wconf 87' lang='lat' dir='ltr'><strong>ponatur.</strong></span> <span class='ocrx_word' id='word_1_272' title='bbox 749 3623 794 3689; x_wconf 87' lang='lat' dir='ltr'><strong>Et</strong></span> <span class='ocrx_word' id='word_1_273' title='bbox 815 3625 843 3690; x_wconf 91' lang='lat' dir='ltr'><strong>si</strong></span> <span class='ocrx_word' id='word_1_274' title='bbox 865 3645 936 3690; x_wconf 91' lang='lat' dir='ltr'><strong>sors</strong></span> <span class='ocrx_word' id='word_1_275' title='bbox 957 3625 991 3688; x_wconf 91' lang='lat' dir='ltr'><strong>in</strong></span> <span class='ocrx_word' id='word_1_276' title='bbox 1012 3623 1118 3689; x_wconf 90' lang='lat' dir='ltr'><strong>locum</strong></span> <span class='ocrx_word' id='word_1_277' title='bbox 1140 3620 1238 3688; x_wconf 89' lang='lat' dir='ltr'><strong>talem</strong></span> <span class='ocrx_word' id='word_1_278' title='bbox 1258 3621 1400 3703; x_wconf 90' lang='lat' dir='ltr'><strong>venerit,</strong></span> <span class='ocrx_word' id='word_1_279' title='bbox 1432 3619 1578 3687; x_wconf 90' lang='lat' dir='ltr'><strong>laborem</strong></span> 
     </span>
     <span class='ocr_line' id='line_1_31' title="bbox 145 3720 1618 3807; baseline -0.003 -15"><span class='ocrx_word' id='word_1_280' title='bbox 145 3726 308 3792; x_wconf 90' lang='lat' dir='ltr'><strong>examinis</strong></span> <span class='ocrx_word' id='word_1_281' title='bbox 324 3747 398 3790; x_wconf 92' lang='lat' dir='ltr'><strong>cum</strong></span> <span class='ocrx_word' id='word_1_282' title='bbox 418 3723 491 3790; x_wconf 90' lang='lat' dir='ltr'><strong>aliis</strong></span> <span class='ocrx_word' id='word_1_283' title='bbox 512 3723 790 3790; x_wconf 89' lang='lat' dir='ltr'><strong>examinatoribus</strong></span> <span class='ocrx_word' id='word_1_284' title='bbox 811 3724 859 3790; x_wconf 90' lang='lat' dir='ltr'><strong>sic</strong></span> <span class='ocrx_word' id='word_1_285' title='bbox 880 3721 1000 3789; x_wconf 90' lang='lat' dir='ltr'><strong>electus</strong></span> <span class='ocrx_word' id='word_1_286' title='bbox 1022 3730 1175 3806; x_wconf 89' lang='lat' dir='ltr'><strong>assumet,</strong></span> <span class='ocrx_word' id='word_1_287' title='bbox 1199 3720 1259 3786; x_wconf 91' lang='lat' dir='ltr'><strong>sub</strong></span> <span class='ocrx_word' id='word_1_288' title='bbox 1281 3742 1386 3807; x_wconf 90' lang='lat' dir='ltr'><strong>poena</strong></span> <span class='ocrx_word' id='word_1_289' title='bbox 1407 3722 1618 3787; x_wconf 73' lang='lat' dir='ltr'><strong>carenciaeitt</strong></span> 
     </span>
     <span class='ocr_line' id='line_1_32' title="bbox 146 3819 1575 3912; baseline -0.004 -20"><span class='ocrx_word' id='word_1_290' title='bbox 146 3848 227 3892; x_wconf 88' lang='lat' dir='ltr'><strong>suae</strong></span> <span class='ocrx_word' id='word_1_291' title='bbox 249 3823 423 3912; x_wconf 89' lang='lat' dir='ltr'><strong>porcionis.</strong></span> <span class='ocrx_word' id='word_1_292' title='bbox 466 3823 511 3888; x_wconf 86' lang='lat' dir='ltr'><strong>Et</strong></span> <span class='ocrx_word' id='word_1_293' title='bbox 532 3823 574 3889; x_wconf 91' lang='lat' dir='ltr'><strong>ad</strong></span> <span class='ocrx_word' id='word_1_294' title='bbox 595 3822 764 3888; x_wconf 88' lang='lat' dir='ltr'><strong>vitandum</strong></span> <span class='ocrx_word' id='word_1_295' title='bbox 784 3825 894 3890; x_wconf 87' lang='lat' dir='ltr'><strong>varias</strong></span> <span class='ocrx_word' id='word_1_296' title='bbox 907 3823 1057 3888; x_wconf 87' lang='lat' dir='ltr'><strong>verbales</strong></span> <span class='ocrx_word' id='word_1_297' title='bbox 1070 3819 1420 3888; x_wconf 89' lang='lat' dir='ltr'><strong>contencionesmodns</strong></span> <span class='ocrx_word' id='word_1_298' title='bbox 1433 3819 1575 3907; x_wconf 88' lang='lat' dir='ltr'><strong>eligendi</strong></span> 
     </span>
     <span class='ocr_line' id='line_1_33' title="bbox 145 3919 1574 4012; baseline -0.006 -20"><span class='ocrx_word' id='word_1_299' title='bbox 145 3949 205 4012; x_wconf 90' lang='lat' dir='ltr'><strong>per</strong></span> <span class='ocrx_word' id='word_1_300' title='bbox 228 3933 350 3991; x_wconf 90' lang='lat' dir='ltr'><strong>sortem</strong></span> <span class='ocrx_word' id='word_1_301' title='bbox 374 3923 416 3988; x_wconf 89' lang='lat' dir='ltr'><strong>sit</strong></span> <span class='ocrx_word' id='word_1_302' title='bbox 437 3921 526 4005; x_wconf 88' lang='lat' dir='ltr'><strong>talis,</strong></span> <span class='ocrx_word' id='word_1_303' title='bbox 560 3923 648 4010; x_wconf 91' lang='lat' dir='ltr'><strong>quod</strong></span> <span class='ocrx_word' id='word_1_304' title='bbox 675 3931 836 4010; x_wconf 89' lang='lat' dir='ltr'><strong>ponantur</strong></span> <span class='ocrx_word' id='word_1_305' title='bbox 862 3928 912 3988; x_wconf 90' lang='lat' dir='ltr'><strong>tot</strong></span> <span class='ocrx_word' id='word_1_306' title='bbox 937 3921 1071 3987; x_wconf 91' lang='lat' dir='ltr'><strong>cedulae</strong></span> <span class='ocrx_word' id='word_1_307' title='bbox 1093 3921 1236 4008; x_wconf 91' lang='lat' dir='ltr'><strong>undique</strong></span> <span class='ocrx_word' id='word_1_308' title='bbox 1258 3919 1379 3985; x_wconf 90' lang='lat' dir='ltr'><strong>similes</strong></span> <span class='ocrx_word' id='word_1_309' title='bbox 1407 3919 1449 3985; x_wconf 89' lang='lat' dir='ltr'><strong>ad</strong></span> <span class='ocrx_word' id='word_1_310' title='bbox 1476 3943 1574 3985; x_wconf 90' lang='lat' dir='ltr'><strong>unam</strong></span> 
     </span>
     <span class='ocr_line' id='line_1_34' title="bbox 146 4019 1578 4111; baseline -0.004 -21"><span class='ocrx_word' id='word_1_311' title='bbox 146 4027 296 4106; x_wconf 88' lang='lat' dir='ltr'><strong>mitram,</strong></span> <span class='ocrx_word' id='word_1_312' title='bbox 327 4031 407 4111; x_wconf 87' lang='lat' dir='ltr'><strong>quot</strong></span> <span class='ocrx_word' id='word_1_313' title='bbox 427 4032 501 4088; x_wconf 92' lang='lat' dir='ltr'><strong>sunt</strong></span> <span class='ocrx_word' id='word_1_314' title='bbox 528 4019 678 4109; x_wconf 88' lang='lat' dir='ltr'><strong>magistri</strong></span> <span class='ocrx_word' id='word_1_315' title='bbox 705 4023 800 4088; x_wconf 88' lang='lat' dir='ltr'><strong>unius</strong></span> <span class='ocrx_word' id='word_1_316' title='bbox 826 4022 973 4087; x_wconf 89' lang='lat' dir='ltr'><strong>nacionis</strong></span> <span class='ocrx_word' id='word_1_317' title='bbox 1002 4020 1042 4086; x_wconf 91' lang='lat' dir='ltr'><strong>de</strong></span> <span class='ocrx_word' id='word_1_318' title='bbox 1070 4019 1205 4087; x_wconf 92' lang='lat' dir='ltr'><strong>concilio</strong></span> <span class='ocrx_word' id='word_1_319' title='bbox 1232 4019 1411 4102; x_wconf 88' lang='lat' dir='ltr'><strong>facultatis,</strong></span> <span class='ocrx_word' id='word_1_320' title='bbox 1443 4041 1578 4109; x_wconf 89' lang='lat' dir='ltr'><strong>quarum</strong></span> 
     </span>
     <span class='ocr_line' id='line_1_35' title="bbox 146 4117 1578 4209; baseline -0.004 -19"><span class='ocrx_word' id='word_1_321' title='bbox 146 4147 212 4190; x_wconf 88' lang='lat' dir='ltr'><strong>una</strong></span> <span class='ocrx_word' id='word_1_322' title='bbox 232 4124 397 4188; x_wconf 90' lang='lat' dir='ltr'><strong>contineat</strong></span> <span class='ocrx_word' id='word_1_323' title='bbox 415 4117 645 4189; x_wconf 48' lang='lat' dir='ltr'><strong>‘examinatori</strong></span> <span class='ocrx_word' id='word_1_324' title='bbox 674 4121 866 4209; x_wconf 78' lang='lat' dir='ltr'><strong>Quicunque</strong></span> <span class='ocrx_word' id='word_1_325' title='bbox 881 4121 1112 4207; x_wconf 90' lang='lat' dir='ltr'><strong>magistrorum</strong></span> <span class='ocrx_word' id='word_1_326' title='bbox 1134 4143 1194 4208; x_wconf 90' lang='lat' dir='ltr'><strong>per</strong></span> <span class='ocrx_word' id='word_1_327' title='bbox 1216 4131 1335 4186; x_wconf 89' lang='lat' dir='ltr'><strong>sortem</strong></span> <span class='ocrx_word' id='word_1_328' title='bbox 1358 4141 1429 4184; x_wconf 89' lang='lat' dir='ltr'><strong>eam</strong></span> <span class='ocrx_word' id='word_1_329' title='bbox 1446 4121 1578 4207; x_wconf 91' lang='lat' dir='ltr'><strong>ceperit,</strong></span> 
     </span>
     <span class='ocr_line' id='line_1_36' title="bbox 147 4216 1619 4310; baseline -0.003 -20"><span class='ocrx_word' id='word_1_330' title='bbox 147 4226 210 4290; x_wconf 91' lang='lat' dir='ltr'><strong>erit</strong></span> <span class='ocrx_word' id='word_1_331' title='bbox 240 4222 444 4289; x_wconf 83' lang='lat' dir='ltr'><strong>examinator</strong></span> <span class='ocrx_word' id='word_1_332' title='bbox 474 4245 535 4310; x_wconf 92' lang='lat' dir='ltr'><strong>pro</strong></span> <span class='ocrx_word' id='word_1_333' title='bbox 565 4220 622 4287; x_wconf 93' lang='lat' dir='ltr'><strong>illa</strong></span> <span class='ocrx_word' id='word_1_334' title='bbox 650 4223 730 4286; x_wconf 90' lang='lat' dir='ltr'><strong>vioe.</strong></span> <span class='ocrx_word' id='word_1_335' title='bbox 772 4221 817 4286; x_wconf 83' lang='lat' dir='ltr'><strong>Et</strong></span> <span class='ocrx_word' id='word_1_336' title='bbox 837 4223 885 4287; x_wconf 89' lang='lat' dir='ltr'><strong>sie</strong></span> <span class='ocrx_word' id='word_1_337' title='bbox 913 4243 971 4286; x_wconf 89' lang='lat' dir='ltr'><strong>suo</strong></span> <span class='ocrx_word' id='word_1_338' title='bbox 992 4220 1088 4288; x_wconf 89' lang='lat' dir='ltr'><strong>modo</strong></span> <span class='ocrx_word' id='word_1_339' title='bbox 1110 4221 1145 4284; x_wconf 91' lang='lat' dir='ltr'><strong>in</strong></span> <span class='ocrx_word' id='word_1_340' title='bbox 1165 4218 1239 4284; x_wconf 88' lang='lat' dir='ltr'><strong>aliis</strong></span> <span class='ocrx_word' id='word_1_341' title='bbox 1260 4216 1365 4284; x_wconf 88' lang='lat' dir='ltr'><strong>tribus</strong></span> <span class='ocrx_word' id='word_1_342' title='bbox 1386 4219 1619 4286; x_wconf 82' lang='lat' dir='ltr'><strong>nacionibus35</strong></span> 
     </span>
    </p>
   </div>
   <div class='ocr_carea' id='block_1_7' title="bbox 147 4317 1694 4808">
    <p class='ocr_par' dir='ltr' id='par_1_7' title="bbox 147 4317 1694 4808">
     <span class='ocr_line' id='line_1_37' title="bbox 147 4317 1576 4413; baseline -0.004 -23"><span class='ocrx_word' id='word_1_343' title='bbox 147 4323 353 4413; x_wconf 89' lang='lat' dir='ltr'><strong>practicetur.</strong></span> <span class='ocrx_word' id='word_1_344' title='bbox 386 4320 452 4401; x_wconf 78' lang='lat' dir='ltr'><strong>Qui</strong></span> <span class='ocrx_word' id='word_1_345' title='bbox 463 4331 611 4408; x_wconf 89' lang='lat' dir='ltr'><strong>quatuor,</strong></span> <span class='ocrx_word' id='word_1_346' title='bbox 632 4344 692 4409; x_wconf 89' lang='lat' dir='ltr'><strong>per</strong></span> <span class='ocrx_word' id='word_1_347' title='bbox 708 4329 829 4387; x_wconf 90' lang='lat' dir='ltr'><strong>sortem</strong></span> <span class='ocrx_word' id='word_1_348' title='bbox 843 4323 890 4386; x_wconf 89' lang='lat' dir='ltr'><strong>sic</strong></span> <span class='ocrx_word' id='word_1_349' title='bbox 905 4319 1009 4402; x_wconf 89' lang='lat' dir='ltr'><strong>electi,</strong></span> <span class='ocrx_word' id='word_1_350' title='bbox 1029 4342 1095 4386; x_wconf 88' lang='lat' dir='ltr'><strong>una</strong></span> <span class='ocrx_word' id='word_1_351' title='bbox 1116 4341 1189 4384; x_wconf 88' lang='lat' dir='ltr'><strong>cnm</strong></span> <span class='ocrx_word' id='word_1_352' title='bbox 1211 4317 1334 4383; x_wconf 91' lang='lat' dir='ltr'><strong>decano</strong></span> <span class='ocrx_word' id='word_1_353' title='bbox 1356 4317 1576 4384; x_wconf 89' lang='lat' dir='ltr'><strong>baccalarian-</strong></span> 
     </span>
     <span class='ocr_line' id='line_1_38' title="bbox 148 4415 1576 4506; baseline -0.003 -17"><span class='ocrx_word' id='word_1_354' title='bbox 148 4425 208 4489; x_wconf 89' lang='lat' dir='ltr'><strong>dos</strong></span> <span class='ocrx_word' id='word_1_355' title='bbox 238 4419 481 4487; x_wconf 90' lang='lat' dir='ltr'><strong>examinabunt.</strong></span> <span class='ocrx_word' id='word_1_356' title='bbox 524 4420 580 4485; x_wconf 89' lang='lat' dir='ltr'><strong>Sic</strong></span> <span class='ocrx_word' id='word_1_357' title='bbox 608 4419 754 4486; x_wconf 88' lang='lat' dir='ltr'><strong>similiter</strong></span> <span class='ocrx_word' id='word_1_358' title='bbox 782 4430 921 4506; x_wconf 88' lang='lat' dir='ltr'><strong>quatuor</strong></span> <span class='ocrx_word' id='word_1_359' title='bbox 943 4442 1002 4506; x_wconf 90' lang='lat' dir='ltr'><strong>per</strong></span> <span class='ocrx_word' id='word_1_360' title='bbox 1025 4428 1145 4485; x_wconf 90' lang='lat' dir='ltr'><strong>sortem</strong></span> <span class='ocrx_word' id='word_1_361' title='bbox 1166 4415 1260 4482; x_wconf 89' lang='lat' dir='ltr'><strong>electi</strong></span> <span class='ocrx_word' id='word_1_362' title='bbox 1282 4440 1356 4483; x_wconf 91' lang='lat' dir='ltr'><strong>cum</strong></span> <span class='ocrx_word' id='word_1_363' title='bbox 1377 4418 1576 4485; x_wconf 90' lang='lat' dir='ltr'><strong>vicecancel-</strong></span> 
     </span>
     <span class='ocr_line' id='line_1_39' title="bbox 147 4516 1577 4607; baseline -0.003 -19"><span class='ocrx_word' id='word_1_364' title='bbox 147 4523 230 4589; x_wconf 89' lang='lat' dir='ltr'><strong>lario</strong></span> <span class='ocrx_word' id='word_1_365' title='bbox 255 4519 499 4607; x_wconf 87' lang='lat' dir='ltr'><strong>magistrandos</strong></span> <span class='ocrx_word' id='word_1_366' title='bbox 519 4518 753 4585; x_wconf 89' lang='lat' dir='ltr'><strong>examinabunt</strong></span> <span class='ocrx_word' id='word_1_367' title='bbox 774 4517 1043 4605; x_wconf 81' lang='lat' dir='ltr'><strong>attemptabant,</strong></span> <span class='ocrx_word' id='word_1_368' title='bbox 1076 4519 1123 4582; x_wconf 90' lang='lat' dir='ltr'><strong>sie</strong></span> <span class='ocrx_word' id='word_1_369' title='bbox 1152 4516 1240 4602; x_wconf 88' lang='lat' dir='ltr'><strong>quod</strong></span> <span class='ocrx_word' id='word_1_370' title='bbox 1261 4517 1347 4583; x_wconf 89' lang='lat' dir='ltr'><strong>solus</strong></span> <span class='ocrx_word' id='word_1_371' title='bbox 1372 4517 1513 4584; x_wconf 87' lang='lat' dir='ltr'><strong>decanus</strong></span> <span class='ocrx_word' id='word_1_372' title='bbox 1535 4520 1577 4583; x_wconf 91' lang='lat' dir='ltr'><strong>sit</strong></span> 
     </span>
     <span class='ocr_line' id='line_1_40' title="bbox 149 4615 1694 4706; baseline -0.003 -20"><span class='ocrx_word' id='word_1_373' title='bbox 149 4623 190 4688; x_wconf 90' lang='lat' dir='ltr'><strong>de</strong></span> <span class='ocrx_word' id='word_1_374' title='bbox 210 4620 357 4687; x_wconf 88' lang='lat' dir='ltr'><strong>esseucia</strong></span> <span class='ocrx_word' id='word_1_375' title='bbox 380 4620 540 4684; x_wconf 91' lang='lat' dir='ltr'><strong>examinis</strong></span> <span class='ocrx_word' id='word_1_376' title='bbox 561 4641 621 4706; x_wconf 90' lang='lat' dir='ltr'><strong>pro</strong></span> <span class='ocrx_word' id='word_1_377' title='bbox 637 4618 859 4684; x_wconf 88' lang='lat' dir='ltr'><strong>baccalariatu</strong></span> <span class='ocrx_word' id='word_1_378' title='bbox 876 4627 908 4682; x_wconf 90' lang='lat' dir='ltr'><strong>et</strong></span> <span class='ocrx_word' id='word_1_379' title='bbox 929 4615 1016 4682; x_wconf 90' lang='lat' dir='ltr'><strong>solus</strong></span> <span class='ocrx_word' id='word_1_380' title='bbox 1038 4616 1322 4683; x_wconf 77' lang='lat' dir='ltr'><strong>vicecancellarius</strong></span> <span class='ocrx_word' id='word_1_381' title='bbox 1344 4625 1376 4683; x_wconf 92' lang='lat' dir='ltr'><strong>et</strong></span> <span class='ocrx_word' id='word_1_382' title='bbox 1396 4639 1461 4682; x_wconf 90' lang='lat' dir='ltr'><strong>non</strong></span> <span class='ocrx_word' id='word_1_383' title='bbox 1482 4617 1575 4683; x_wconf 88' lang='lat' dir='ltr'><strong>deca·</strong></span> <span class='ocrx_word' id='word_1_384' title='bbox 1677 4633 1694 4656; x_wconf 77' lang='lat'><em>⁶</em></span> 
     </span>
     <span class='ocr_line' id='line_1_41' title="bbox 149 4717 1618 4808; baseline -0.003 -21"><span class='ocrx_word' id='word_1_385' title='bbox 149 4745 210 4788; x_wconf 88' lang='lat' dir='ltr'><strong>nus</strong></span> <span class='ocrx_word' id='word_1_386' title='bbox 233 4743 294 4808; x_wconf 91' lang='lat' dir='ltr'><strong>pro</strong></span> <span class='ocrx_word' id='word_1_387' title='bbox 315 4720 519 4806; x_wconf 79' lang='lat' dir='ltr'><strong>magisteri03</strong></span> <span class='ocrx_word' id='word_1_388' title='bbox 543 4741 680 4806; x_wconf 87' lang='lat' dir='ltr'><strong>quorum</strong></span> <span class='ocrx_word' id='word_1_389' title='bbox 701 4729 751 4783; x_wconf 90' lang='lat' dir='ltr'><strong>est</strong></span> <span class='ocrx_word' id='word_1_390' title='bbox 768 4717 1014 4807; x_wconf 87' lang='lat' dir='ltr'><strong>proposiciones</strong></span> <span class='ocrx_word' id='word_1_391' title='bbox 1037 4717 1263 4783; x_wconf 86' lang='lat' dir='ltr'><strong>examinandis</strong></span> <span class='ocrx_word' id='word_1_392' title='bbox 1284 4717 1461 4804; x_wconf 89' lang='lat' dir='ltr'><strong>assignare.</strong></span> <span class='ocrx_word' id='word_1_393' title='bbox 1583 4727 1618 4783; x_wconf 76' lang='lat' dir='ltr'><strong>to</strong></span> 
     </span>
    </p>
   </div>
   <div class='ocr_carea' id='block_1_8' title="bbox 683 4890 1083 4952">
    <p class='ocr_par' dir='ltr' id='par_1_8' title="bbox 683 4890 1083 4952">
     <span class='ocr_line' id='line_1_42' title="bbox 683 4890 1083 4952; baseline -0.013 0"><span class='ocrx_word' id='word_1_394' title='bbox 683 4890 712 4952; x_wconf 83' lang='lat'><strong>6.</strong></span> <span class='ocrx_word' id='word_1_395' title='bbox 732 4901 780 4950; x_wconf 85' lang='grc'><strong>11</strong></span> <span class='ocrx_word' id='word_1_396' title='bbox 801 4898 1083 4950; x_wconf 78' lang='grc'>11111111111111.</span> 
     </span>
    </p>
   </div>
   <div class='ocr_carea' id='block_1_9' title="bbox 152 5027 1575 5221">
    <p class='ocr_par' dir='ltr' id='par_1_9' title="bbox 152 5027 1575 5221">
     <span class='ocr_line' id='line_1_43' title="bbox 231 5027 1575 5120; baseline -0.006 -18"><span class='ocrx_word' id='word_1_397' title='bbox 231 5035 316 5102; x_wconf 89' lang='lat' dir='ltr'><strong>Item</strong></span> <span class='ocrx_word' id='word_1_398' title='bbox 346 5033 390 5100; x_wconf 89' lang='lat' dir='ltr'><strong>ad</strong></span> <span class='ocrx_word' id='word_1_399' title='bbox 420 5032 602 5101; x_wconf 88' lang='lat' dir='ltr'><strong>sedandum</strong></span> <span class='ocrx_word' id='word_1_400' title='bbox 633 5031 857 5099; x_wconf 88' lang='lat' dir='ltr'><strong>oblocuciones</strong></span> <span class='ocrx_word' id='word_1_401' title='bbox 889 5041 921 5097; x_wconf 91' lang='lat' dir='ltr'><strong>et</strong></span> <span class='ocrx_word' id='word_1_402' title='bbox 948 5033 1238 5120; x_wconf 86' lang='lat' dir='ltr'><strong>interpretaciones</strong></span> <span class='ocrx_word' id='word_1_403' title='bbox 1268 5029 1425 5116; x_wconf 87' lang='lat' dir='ltr'><strong>quasdam</strong></span> <span class='ocrx_word' id='word_1_404' title='bbox 1445 5027 1575 5096; x_wconf 89' lang='lat' dir='ltr'><strong>odiosas</strong></span> 
     </span>
     <span class='ocr_line' id='line_1_44' title="bbox 152 5129 1575 5221; baseline -0.004 -20"><span class='ocrx_word' id='word_1_405' title='bbox 152 5137 254 5201; x_wconf 91' lang='lat' dir='ltr'><strong>omnis</strong></span> <span class='ocrx_word' id='word_1_406' title='bbox 266 5135 444 5200; x_wconf 89' lang='lat' dir='ltr'><strong>auctoritas</strong></span> <span class='ocrx_word' id='word_1_407' title='bbox 455 5131 667 5221; x_wconf 88' lang='lat' dir='ltr'><strong>dispensandi</strong></span> <span class='ocrx_word' id='word_1_408' title='bbox 683 5155 743 5220; x_wconf 90' lang='lat' dir='ltr'><strong>pro</strong></span> <span class='ocrx_word' id='word_1_409' title='bbox 754 5131 979 5200; x_wconf 86' lang='lat' dir='ltr'><strong>examinandis</strong></span> <span class='ocrx_word' id='word_1_410' title='bbox 1000 5143 1168 5200; x_wconf 90' lang='lat' dir='ltr'><strong>remaneat</strong></span> <span class='ocrx_word' id='word_1_411' title='bbox 1186 5143 1266 5220; x_wconf 91' lang='lat' dir='ltr'><strong>aput</strong></span> <span class='ocrx_word' id='word_1_412' title='bbox 1284 5129 1479 5212; x_wconf 85' lang='lat' dir='ltr'><strong>facultatem,</strong></span> <span class='ocrx_word' id='word_1_413' title='bbox 1501 5151 1575 5196; x_wconf 90' lang='lat' dir='ltr'><strong>cou-</strong></span> 
     </span>
    </p>
   </div>
   <div class='ocr_carea' id='block_1_10' title="bbox 0 0 1893 6072">
    <p class='ocr_par' dir='ltr' id='par_1_10' title="bbox 0 0 1893 6072">
     <span class='ocr_line' id='line_1_45' title="bbox 0 0 1893 6072; baseline 0 0"><span class='ocrx_word' id='word_1_414' title='bbox 0 0 1893 6072; x_wconf 95' lang='lat' dir='ltr'><strong> </strong></span> 
     </span>
    </p>
   </div>
  </div>
 </body>
</html>
