3788 6078
324 451 386 520 tto
839 455 890 508 na
909 457 1094 508 martensele
1111 457 1238 510 amisa.

323 634 366 701 ab
387 635 551 703 bominum
574 639 729 704 memoria
748 647 968 726 perpetuaque
989 639 1220 706 consuetudine
1240 639 1389 706 idemius
1408 637 1644 707 obtinuerimus
1659 661 1733 706 sem·

326 757 393 822 per,
416 745 448 800 et
469 736 599 802 tandem
621 737 662 802 ad
685 747 877 804 structuram
901 739 969 802 eius
992 735 1037 826 [6]
1060 738 1123 804 loci
1143 740 1296 828 aequales
1326 752 1473 828 sumptus
1503 763 1577 806 cnm
1609 739 1736 826 collegio

324 845 356 899 et
376 834 535 922 theologis
555 835 833 920 contribuerimus,
865 859 886 902 a
906 839 1079 924 magnifico
1107 838 1239 906 domino
1261 851 1387 906 rectore
1406 841 1451 904 D.
1472 839 1584 906 Alesio
1606 861 1737 928 aequm

324 935 386 1002 fuit
412 934 599 1016 iudicatum,
624 946 659 1000 ut
680 934 774 1001 nobis
794 937 879 1002 idem
902 938 962 1019 ius,
984 937 1071 1024 qnod
1091 938 1134 1003 ab
1154 941 1289 1026 antiquo
1318 940 1394 1022 fuit,
1423 941 1458 1004 in
1483 961 1523 1005 eo
1550 939 1737 1024 relinquere

282 1045 299 1098 5
328 1047 391 1099 tur.
432 1035 570 1098 Factum
590 1046 639 1100 cst
658 1036 767 1121 igitur,
788 1049 832 1119 ut,
855 1059 928 1102 cum
949 1036 1132 1102 licentiatus
1154 1036 1321 1124 theologus
1343 1061 1505 1125 occupare
1515 1036 1737 1118 vellethoram,

325 1155 390 1222 qua
412 1133 553 1198 decanus
574 1145 705 1200 nostrae
725 1135 888 1201 facultatis
907 1135 1024 1202 docere
1045 1138 1079 1200 in
1100 1159 1138 1202 eo
1160 1137 1230 1204 loco
1252 1147 1481 1218 consueverat,
1508 1160 1550 1202 cx
1580 1137 1642 1203 boc
1662 1135 1736 1200 iudi·

326 1243 398 1298 cato
421 1234 584 1320 magnifici
605 1236 740 1301 rectoris
762 1235 944 1300 licentiatus
966 1235 1081 1302 cedere
1103 1247 1280 1323 cogeretur.
1320 1236 1422 1302 Multo
1450 1237 1558 1302 minus
1579 1235 1737 1323 professor

327 1331 507 1398 medicinae
529 1335 562 1398 in
585 1357 644 1400 sua
663 1335 744 1400 bora
766 1344 919 1400 consucta
939 1334 1112 1425 abaliquo
1139 1336 1291 1422 theologo
1319 1335 1471 1423 impediri
1499 1334 1597 1401 debet
1616 1357 1655 1399 ac
1675 1335 1739 1398 iure

326 1455 391 1497 non
413 1443 528 1519 potest,
548 1443 579 1497 ct
601 1435 898 1500 controversionem
920 1435 1065 1516 istorum,
1094 1437 1141 1500 ita
1162 1437 1271 1523 inique
1292 1437 1437 1524 petitam,
1458 1433 1557 1500 babet
1578 1433 1739 1521 praeposi-

288 1541 320 1598 tt)
331 1541 382 1596 tus
404 1553 465 1618 pro
486 1531 555 1596 iure
578 1543 608 1596 et
630 1555 719 1598 more
739 1536 872 1621 antiquo
894 1535 926 1598 in
948 1533 1014 1616 illo,
1035 1535 1092 1623 qui
1115 1537 1161 1600 sic
1183 1539 1265 1601 citra
1286 1557 1479 1602 consensum
1493 1533 1673 1622 praepositi
1692 1553 1739 1596 cs·

327 1629 459 1696 dedram
482 1631 657 1698 ascendere
679 1643 823 1716 conatur,
845 1655 1012 1699 removere
1034 1643 1065 1698 et
1085 1633 1270 1722 prohibere.

769 1855 809 1920 Π.
832 1849 878 1943 [S.
900 1852 941 1943 7.]
963 1873 1010 1920 ns
1031 1872 1301 1923 nurursrroua.

1019 2013 1045 2072 l.

408 2135 494 2218 Quia
513 2136 576 2204 hoc
593 2149 737 2226 tempore
759 2137 924 2205 doctorum
945 2139 1082 2226 exiguus
1104 2159 1255 2203 numerus
1277 2145 1335 2221 cst,
1356 2137 1404 2202 ita
1424 2146 1460 2201 ut
1480 2133 1635 2200 mandato
1655 2132 1735 2222 priu-

289 2244 319 2300 tt
333 2235 416 2324 cipis
436 2259 499 2323 quo
523 2236 566 2301 ad
588 2236 822 2325 disputationes
844 2239 923 2302 satis
945 2237 1014 2302 fieri
1037 2261 1101 2302 non
1124 2239 1237 2326 possit,
1267 2238 1380 2302 statuit
1400 2233 1548 2318 facultas,
1567 2243 1603 2298 ut
1624 2234 1741 2298 interea

325 2333 461 2421 singulis
476 2338 569 2402 annis
583 2336 679 2402 binae
701 2335 881 2402 habeantur
894 2335 1131 2424 disputationes
1149 2337 1343 2420 ordinariae,
1354 2335 1459 2402 donec
1475 2355 1627 2398 numerum
1639 2331 1740 2395 docto

328 2459 399 2500 rum
429 2439 584 2518 creverit,
627 2447 662 2501 ut
691 2435 765 2502 iude
793 2439 885 2502 iuxta
912 2437 1069 2524 principis
1098 2435 1286 2502 mandatum
1307 2445 1483 2524 quaternae
1506 2432 1736 2520 disputationes

327 2534 512 2601 ordinariae
533 2534 743 2600 celebrentur.
785 2537 821 2601 Si
851 2537 922 2621 quis
949 2547 1056 2600 tamen
1085 2534 1254 2602 doctorum
1282 2545 1377 2601 extra
1406 2533 1552 2600 ordinem
1574 2530 1737 2618 disputare

322 2632 472 2716 volucrit,
494 2633 529 2700 id
549 2635 581 2700 ei
601 2658 674 2700 cum
694 2657 855 2702 consensu
877 2635 994 2700 decani
1013 2632 1134 2699 licebit

284 2809 319 2866 2⁰
1024 2807 1053 2868 2.

409 2951 452 3017 Et
473 2973 547 3017 cum
570 2975 634 3018 non
655 2954 724 3017 sine
740 2951 854 3018 labore
873 2959 906 3016 et
926 2952 1073 3018 molestia
1093 2950 1283 3039 disputandi
1304 2971 1384 3015 onus
1397 2945 1615 3012 adoctoribns
1628 2943 1734 3009 subea-

324 3059 386 3134 tur,
408 3055 638 3142 aequissimum
657 3075 728 3117 esse
746 3053 883 3139 putavit,
905 3061 941 3117 ut
960 3050 1086 3118 doctori
1116 3049 1315 3139 praesidenti
1339 3050 1371 3112 in
1402 3045 1568 3112 ordinaria
1595 3043 1731 3130 disputa·

326 3153 413 3218 tione
434 3173 476 3217 ex
497 3153 665 3219 aerarioss
694 3151 726 3218 fl.
755 3152 953 3238 pendantur:
996 3162 1029 3216 et
1056 3161 1092 3216 nt
1117 3153 1222 3216 maior
1250 3145 1491 3214 conservandae
1520 3145 1681 3209 amicitiae
1712 3153 1739 3206 et

326 3261 456 3318 mutuae
482 3251 727 3319 benevolentiae
757 3253 799 3316 sit
826 3251 969 3332 occasio,
1001 3273 1149 3338 praeses,
1178 3257 1312 3336 peracta
1345 3245 1585 3334 disputatione,
1612 3242 1737 3330 proprio

283 3361 454 3439 tisumptu
475 3351 637 3418 mediocre
660 3352 843 3418 cenuvium
865 3349 1051 3416 doctoribus
1072 3350 1206 3416 medicis
1234 3359 1266 3412 ct
1288 3345 1531 3432 quibuscunque
1551 3341 1639 3408 volet
1658 3341 1733 3418 aliis,

325 3451 381 3540 qui
401 3449 531 3518 honoris
552 3473 651 3516 causa
671 3450 883 3538 disputationi
905 3451 1118 3533 interfuerint,
1140 3447 1303 3514 exhibeat

953 3630 998 3720 [s.
1019 3630 1060 3720 s]
1085 3639 1114 3700 3.

409 3786 576 3872 Impensas
599 3808 658 3873 pro
681 3784 897 3873 impressione
926 3781 1155 3870 disputationis
1185 3777 1356 3846 sustinebit
1384 3797 1535 3864 praeses,
1559 3775 1587 3840 si
1615 3794 1736 3860 respou-

326 3886 404 3951 dens
423 3907 486 3950 non
509 3883 690 3972 disputabit
710 3907 769 3972 pro
799 3881 1016 3970 completione
1047 3881 1090 3947 ad
1116 3880 1256 3969 aliquem
1278 3876 1428 3966 gradum.
1469 3873 1524 3939 Ad
1546 3873 1619 3939 illas
1640 3883 1736 3936 nmen

284 3995 370 4052 toea
392 3987 518 4050 aerario
541 3983 671 4050 dabitur
695 3981 838 4070 praesidi
862 3980 1042 4046 subsidium
1064 3981 1189 4045 dimidii
1211 3978 1333 4043 floreni.
1364 3975 1399 4040 Si
1421 3985 1528 4040 autem
1549 3969 1735 4059 respondens

325 4084 506 4173 disputabit
525 4108 585 4173 pro
607 4083 821 4172 completione
840 4080 882 4145 ad
904 4079 1042 4166 graduum
1064 4080 1216 4166 aliquem,
1238 4089 1307 4144 tum
1336 4077 1364 4140 is
1386 4072 1515 4140 curabit
1536 4095 1594 4138 eno
1617 4077 1734 4155 sumptu

325 4184 366 4250 de
386 4207 475 4252 more
497 4187 599 4250 veteri
621 4182 876 4271 disputationem
899 4180 1051 4267 imprimi.

1025 4369 1053 4430 l.

491 4517 630 4584 Doctori
648 4515 829 4583 medicinae
852 4513 1032 4601 disputanti
1054 4511 1217 4578 dabuntur
1262 4560 1268 4574 .
1313 4564 1320 4578 .
1359 4563 1366 4575 .
1410 4557 1419 4573 .
1462 4559 1469 4572 .
1511 4513 1583 4594 59<

493 4618 675 4686 Licentiato
696 4615 876 4682 medicinae
918 4656 1473 4678 ............
1517 4615 1536 4676 t
1560 4643 1571 4654 ·

492 4717 711 4786 Baccalaureo
732 4715 912 4781 medicinae
965 4753 1474 4780 ...........
1517 4711 1537 4772 3
1559 4743 1572 4754 ·

893 4814 1050 4901 magistro
1074 4855 1476 4878 .........
1517 4812 1538 4872 2
1560 4841 1572 4854 ·

893 4935 957 4978 non
979 4913 1136 4998 magistro
1169 4955 1479 4976 .......
1521 4912 1536 4972 1
1561 4941 1574 4953 ·

492 5015 623 5082 Rectori
666 5056 1477 5080 .................
1520 5013 1539 5072 5
1562 5041 1574 5053 ·

287 5129 321 5185 to
496 5115 631 5181 Decano
655 5113 773 5180 artium
825 5155 1477 5178 ..............
1519 5109 1573 5171 3·

494 4873 642 4940 Scholari
669 4871 848 4938 medicinae
