3758 6072
673 504 725 558 llio
742 505 844 560 satra
860 505 984 572 legibilia.
1483 507 1543 576 355

114 685 158 754 de
179 686 352 774 magistris
375 683 428 752 vel
457 685 734 754 examinatoribus
757 708 818 774 pro
841 709 890 772 eo,
917 685 1003 774 quod
1031 685 1173 776 aliquem
1194 684 1235 752 de
1258 687 1324 754 suis
1346 687 1390 754 ad
1410 687 1548 776 gradum

112 787 300 874 magisterii
322 808 364 852 ex
386 807 486 852 cama
506 783 696 853 rationabili
724 809 789 855 non
818 785 953 854 admisit
976 785 1030 852 vel
1058 787 1161 852 eciam
1190 785 1327 852 eundem
1354 788 1447 852 iuxta
1476 809 1547 851 oon-

116 887 296 953 scienciam
311 907 402 952 suam
415 895 448 950 et
460 887 678 953 iuramentum
691 896 857 973 tamquam
870 887 1042 972 indignum
1055 887 1177 951 reiecit
1201 886 1408 953 Contrarium
1426 885 1549 952 faciens

113 985 203 1052 ultra
229 995 356 1052 reatum
387 986 532 1072 periurii,
562 985 650 1070 quod
674 986 746 1070 ipso
767 986 854 1052 facto
875 987 1021 1070 incurrit,
1048 997 1082 1052 et
1104 995 1230 1052 centurn
1250 985 1444 1052 florenorum
1472 1005 1548 1069 poe-

112 1107 203 1170 nam,
234 1107 370 1174 quorum
391 1083 548 1149 medietas
574 1083 668 1150 cedat
691 1083 738 1149 illi
766 1084 818 1150 vel
847 1083 921 1168 illis,
951 1108 1046 1174 quem
1072 1085 1124 1150 vel
1154 1105 1233 1172 quos
1263 1086 1309 1149 sic
1338 1084 1467 1171 impetit
1493 1091 1591 1147 aut5

114 1182 286 1269 molestat,
315 1183 380 1250 alia
400 1182 559 1249 medietas
581 1182 677 1249 cedat
697 1183 860 1267 facultati,
889 1185 992 1250 eciam
1013 1195 1170 1272 perpetue
1197 1207 1217 1250 a
1244 1182 1399 1250 facultate
1428 1183 1550 1247 arcium

114 1283 158 1348 sit
180 1283 344 1350 exclusus.
386 1283 528 1348 Tenetur
551 1284 654 1348 eciam
675 1281 814 1349 facultas
833 1281 881 1350 illi
902 1283 954 1348 vel
975 1283 1050 1367 illis,
1077 1285 1133 1373 qui
1159 1284 1207 1350 sic
1228 1285 1394 1372 impetitur
1415 1292 1471 1347 aut
1491 1283 1550 1346 im·

115 1392 282 1470 petuntur,
310 1381 499 1450 molestatur
523 1391 579 1450 aut
607 1382 842 1466 molestantur,
859 1381 991 1451 realiter
1018 1405 1091 1448 oum
1118 1382 1233 1450 effectu
1262 1384 1414 1450 assistere
1443 1391 1490 1466 et,
1521 1381 1549 1446 si

120 1503 207 1569 opus
228 1483 335 1565 fuerit,
356 1483 460 1548 eciam
475 1480 535 1547 sub
552 1483 706 1568 expensis
726 1481 889 1548 facultatis
905 1483 1048 1570 propriis
1064 1481 1200 1552 eundem
1211 1481 1264 1548 vel
1285 1482 1425 1565 eosdem,
1446 1481 1550 1546 eciam

116 1604 138 1648 a
159 1579 415 1668 quibuscunque,
436 1581 514 1646 totis
532 1580 660 1648 viribus
682 1580 853 1648 defensare
873 1593 915 1667 et,
937 1591 1092 1671 quantum
1113 1583 1147 1648 in
1169 1604 1208 1648 ea
1226 1583 1332 1668 fuerit,
1359 1601 1548 1650 assecurare
1560 1587 1592 1643 ιο

115 1702 179 1746 neo
200 1702 267 1748 non
287 1679 428 1748 totaliter
450 1679 634 1768 exbrigare.

203 1939 360 1998 Hiernocb
388 1938 436 1998 ein
458 1937 572 1998 Zuaatr
598 1935 814 2014 dependebat,
843 1937 897 1996 der
924 1935 1006 2016 §28
1035 1938 1090 1997 der
1107 1939 1348 2016 Hauptetaloteo
1378 1937 1551 2014 esrrprirtt,

118 2039 193 2099 aber
216 2039 290 2098 duel
313 2038 360 2096 ein
382 2057 474 2100 aruer
495 2037 656 2097 Boeotiam
686 2055 723 2095 ru
748 2036 813 2096 rein
842 2036 963 2098 sobriat.
1009 2035 1113 2098 olrice
1138 2041 1260 2114 darauf
1268 2039 1352 2116 solqt
1374 2037 1484 2097 wieder
1504 2036 1552 2096 die

118 2147 199 2199 erate
221 2139 326 2198 Hand.

203 2283 287 2350 Item
300 2280 449 2368 quilibet,
461 2281 575 2349 volens
596 2281 711 2348 audire
733 2281 834 2347 libros
855 2280 897 2347 ad
920 2281 1069 2367 gradum,
1091 2281 1193 2348 solum
1216 2283 1330 2350 audire
1352 2282 1449 2350 debet
1470 2283 1550 2350 duas
1561 2292 1593 2348 15

121 2385 286 2451 lecciones
308 2383 342 2446 in
364 2381 479 2448 diedo
506 2381 600 2448 libris
621 2380 663 2447 ad
685 2381 825 2468 gradm
855 2379 1087 2468 spectantibus,
1116 2393 1148 2447 et
1176 2405 1240 2448 non
1267 2384 1388 2470 poterit
1413 2382 1552 2469 aliquem

122 2506 184 2572 pro
207 2481 313 2548 tercia
331 2479 468 2548 lectione
487 2481 552 2546 nisi
572 2480 702 2568 loycam
722 2479 869 2568 Heysbri
891 2488 948 2546 aut
972 2480 1216 2566 rethoricorum,
1245 2492 1399 2571 quaeest
1421 2505 1552 2550 concur·

120 2607 197 2650 rens
220 2603 294 2648 cum
314 2579 381 2646 illa.
424 2579 461 2646 Si
481 2601 559 2648 vero
582 2601 674 2646 secus
697 2579 826 2664 fecerit,
851 2578 934 2646 tales
960 2579 1036 2646 libri
1062 2602 1128 2646 non
1157 2591 1235 2648 sunt
1255 2581 1318 2648 sibi
1344 2581 1553 2670 computandi

120 2707 181 2772 pro
204 2680 371 2750 auditione
392 2680 436 2746 ad
455 2679 602 2777 gradm.

153 2943 202 3004 tl.
227 2932 290 3024 [Bl.
312 2927 384 3021 39⁸]
406 2951 454 2998 nr
475 2948 731 2999 orsrurscroru
751 2946 941 2995 erumnam
963 2949 1255 3000 eaccmneronun
1275 2951 1321 3001 nr
1340 2953 1388 3001 nu
1410 2952 1525 3003 ronan
1561 2943 1596 3002 20

457 3049 530 3100 NON
551 3045 811 3098 DISPUTANGIUM
832 3047 877 3094 ΕΤ
899 3045 972 3096 NON
992 3048 1227 3100 ABGUENGIUII.

690 3166 749 3229 vgl.
768 3165 916 3228 Hauptstat.
937 3165 977 3216 66.

203 3283 289 3350 Item
310 3281 427 3369 placet,
455 3279 542 3371 quod
564 3279 701 3368 quilibet
721 3277 927 3344 baccolarius
947 3279 983 3344 in
1005 3281 1131 3347 artibus
1152 3292 1279 3349 tenetur
1301 3284 1335 3348 in
1358 3283 1471 3350 ordine
1493 3306 1551 3349 suo

122 3383 175 3450 die
196 3383 360 3449 dominico
383 3380 565 3469 disputare3
585 3401 695 3464 rquam
722 3377 979 3466 disputacionem
1001 3377 1142 3446 decanus
1162 3391 1290 3449 tenetur
1319 3381 1381 3448 sibi
1410 3381 1454 3448 ad
1481 3393 1552 3448 octo

124 3484 194 3550 dies
217 3491 294 3548 ante
315 3502 375 3569 per
394 3480 551 3546 famulum
569 3477 791 3544 universitatis
812 3479 971 3544 intimare.
1007 3477 1075 3546 Sub
1097 3502 1203 3568 poena
1223 3479 1333 3546 decem
1355 3491 1593 3566 grossorum,25

122 3605 203 3670 quos
226 3581 369 3647 decanus
390 3581 449 3647 sub
474 3603 531 3646 suo
555 3581 735 3645 iuramento
755 3586 882 3644 tenetur
902 3579 1049 3664 rigoroae
1070 3588 1264 3670 extorquere
1283 3579 1325 3646 ab
1348 3581 1470 3648 eodem.

231 3753 280 3815 12·
305 3761 478 3826 Quocmas
498 3761 759 3814 raonovlttnus
781 3763 818 3810 IN
839 3761 1042 3812 nemsraou
1062 3765 1099 3814 III
1116 3765 1264 3816 surmus
1286 3765 1450 3816 TENIITUR

719 3861 958 3912 RESPONDERE.

693 3979 752 4044 Vgl.
771 3979 917 4043 nauperes
938 3979 979 4034 36.

204 4098 287 4164 Item
311 4095 418 4162 nullus
441 4095 629 4161 admittobn
654 4093 916 4183 adtemptamen
944 4117 1004 4182 pro
1027 4095 1132 4182 gradu
1160 4099 1341 4183 magisterii
1362 4099 1396 4164 in
1417 4095 1596 4181 artibus,³0

124 4199 188 4264 nisi
212 4197 320 4262 sexies
341 4194 546 4283 responderit
567 4192 730 4260 ordinarie
752 4203 783 4260 et
802 4192 936 4261 totidem
958 4194 1227 4261 extraordinarie.

206 4345 420 4433 Praescripto
441 4344 506 4431 legi
529 4341 647 4410 debent
667 4344 793 4430 integre
816 4342 1049 4430 magistrandis
1063 4353 1210 4432 tempore
1225 4347 1407 4432 aperoionis
1419 4353 1554 4434 tempta·

119 4447 220 4512 minis
242 4456 274 4510 et
296 4444 566 4532 dispensacionis,
587 4451 779 4532 teneturque
800 4443 941 4510 decanus
961 4443 1137 4531 quemlibet
1158 4468 1304 4512 seorsum
1323 4449 1498 4535 requirere,
1520 4453 1555 4510 ut

122 4545 183 4612 sub
206 4567 268 4611 sua
290 4544 491 4610 consciencia
512 4543 608 4630 dicat,
633 4566 667 4610 se
689 4545 797 4612 omnia
818 4545 1000 4632 praemissa
1023 4566 1172 4610 servasse
1193 4556 1225 4612 et
1247 4569 1379 4613 servare
1399 4544 1492 4612 velle.

204 4698 371 4773 Hierocclr,
393 4699 468 4758 norb
490 4717 548 4758 ooo
569 4698 721 4758 derrelbea
738 4700 851 4758 Hand:
1561 4699 1594 4758 ³⁵

607 4847 654 4910 13.
680 4862 728 4910 nn
749 4861 896 4914 senerrs
916 4861 1069 4912 resume.

670 4963 733 5036 Vgl.
751 4965 901 5030 Hauptatat
918 4964 959 5028 86,
978 4964 1002 5016 3.

209 5063 292 5136 Item
314 5059 422 5132 nullus
444 5059 704 5130 baccalariorum
730 5064 765 5128 in
785 5061 911 5128 artibus
933 5072 1042 5152 portet
1061 5063 1198 5153 pallium
1226 5087 1267 5130 ex
1297 5070 1433 5149 utroque
1453 5059 1554 5126 latere

121 5166 174 5238 vel
195 5189 262 5234 uno
284 5175 433 5254 apertum
458 5186 531 5230 oum
552 5159 663 5253 iopula
678 5160 731 5229 vel
754 5161 918 5250 tunicella,
940 5187 1024 5254 quae
1040 5187 1103 5229 non
1118 5163 1321 5252 protenditur·
1335 5160 1419 5227 ultro
1438 5182 1553 5250 genua

1294 5263 1353 5328 23·
