<?xml version="1.0" encoding="UTF-8"?>
<!DOCTYPE html PUBLIC "-//W3C//DTD XHTML 1.0 Transitional//EN"
    "http://www.w3.org/TR/xhtml1/DTD/xhtml1-transitional.dtd">
<html xmlns="http://www.w3.org/1999/xhtml" xml:lang="en" lang="en">
 <head>
  <title>
</title>
<meta http-equiv="Content-Type" content="text/html;charset=utf-8" />
  <meta name='ocr-system' content='tesseract 3.04.00' />
  <meta name='ocr-capabilities' content='ocr_page ocr_carea ocr_par ocr_line ocrx_word'/>
</head>
<body>
  <div class='ocr_page' id='page_1' title='image "./diestatutenbche00leipgoog_0432.png"; bbox 0 0 3758 6072; ppageno 0'>
   <div class='ocr_carea' id='block_1_1' title="bbox 521 467 1554 538">
    <p class='ocr_par' dir='ltr' id='par_1_1' title="bbox 521 467 1554 538">
     <span class='ocr_line' id='line_1_1' title="bbox 521 467 1554 538; baseline 0.004 -8"><span class='ocrx_word' id='word_1_1' title='bbox 521 479 606 532; x_wconf 74' lang='lat' dir='ltr'><strong>usus</strong></span> <span class='ocrx_word' id='word_1_2' title='bbox 623 477 884 538; x_wconf 64' lang='lat' dir='ltr'><strong>mousson,</strong></span> <span class='ocrx_word' id='word_1_3' title='bbox 902 489 956 528; x_wconf 70' lang='lat' dir='ltr'><strong>vos</strong></span> <span class='ocrx_word' id='word_1_4' title='bbox 975 467 1162 528; x_wconf 68' lang='lat' dir='ltr'><strong>truh-1490.</strong></span> <span class='ocrx_word' id='word_1_5' title='bbox 1496 467 1554 534; x_wconf 79' lang='lat' dir='ltr'><strong>tlt</strong></span> 
     </span>
    </p>
   </div>
   <div class='ocr_carea' id='block_1_2' title="bbox 131 647 1556 852">
    <p class='ocr_par' dir='ltr' id='par_1_2' title="bbox 131 647 1556 852">
     <span class='ocr_line' id='line_1_2' title="bbox 131 647 1556 751; baseline -0.012 -22"><span class='ocrx_word' id='word_1_6' title='bbox 131 661 166 729; x_wconf 90' lang='lat' dir='ltr'><strong>in</strong></span> <span class='ocrx_word' id='word_1_7' title='bbox 192 661 389 751; x_wconf 88' lang='lat' dir='ltr'><strong>phisicorum</strong></span> <span class='ocrx_word' id='word_1_8' title='bbox 416 671 448 728; x_wconf 88' lang='lat' dir='ltr'><strong>et</strong></span> <span class='ocrx_word' id='word_1_9' title='bbox 473 660 571 728; x_wconf 86' lang='lat' dir='ltr'><strong>semel</strong></span> <span class='ocrx_word' id='word_1_10' title='bbox 599 663 633 728; x_wconf 91' lang='lat' dir='ltr'><strong>in</strong></span> <span class='ocrx_word' id='word_1_11' title='bbox 660 661 701 728; x_wconf 90' lang='lat' dir='ltr'><strong>de</strong></span> <span class='ocrx_word' id='word_1_12' title='bbox 728 663 845 728; x_wconf 85' lang='lat' dir='ltr'><strong>anima</strong></span> <span class='ocrx_word' id='word_1_13' title='bbox 886 661 931 727; x_wconf 84' lang='lat' dir='ltr'><strong>Et</strong></span> <span class='ocrx_word' id='word_1_14' title='bbox 958 681 1019 750; x_wconf 90' lang='lat' dir='ltr'><strong>pro</strong></span> <span class='ocrx_word' id='word_1_15' title='bbox 1046 669 1190 745; x_wconf 90' lang='lat' dir='ltr'><strong>tempore</strong></span> <span class='ocrx_word' id='word_1_16' title='bbox 1216 678 1280 721; x_wconf 90' lang='lat' dir='ltr'><strong>uon</strong></span> <span class='ocrx_word' id='word_1_17' title='bbox 1306 651 1440 719; x_wconf 90' lang='lat' dir='ltr'><strong>babebit</strong></span> <span class='ocrx_word' id='word_1_18' title='bbox 1461 647 1556 737; x_wconf 88' lang='lat' dir='ltr'><strong>plura</strong></span> 
     </span>
     <span class='ocr_line' id='line_1_3' title="bbox 131 750 1499 852; baseline -0.008 -23"><span class='ocrx_word' id='word_1_19' title='bbox 131 762 298 829; x_wconf 84' lang='lat' dir='ltr'><strong>exercicia</strong></span> <span class='ocrx_word' id='word_1_20' title='bbox 319 784 418 849; x_wconf 90' lang='lat' dir='ltr'><strong>quam</strong></span> <span class='ocrx_word' id='word_1_21' title='bbox 438 761 514 846; x_wconf 89' lang='lat' dir='ltr'><strong>duo,</strong></span> <span class='ocrx_word' id='word_1_22' title='bbox 534 773 673 852; x_wconf 86' lang='lat' dir='ltr'><strong>excepta</strong></span> <span class='ocrx_word' id='word_1_23' title='bbox 695 761 882 850; x_wconf 75' lang='lat' dir='ltr'><strong>sophistria,</strong></span> <span class='ocrx_word' id='word_1_24' title='bbox 905 784 1003 848; x_wconf 86' lang='lat' dir='ltr'><strong>quam</strong></span> <span class='ocrx_word' id='word_1_25' title='bbox 1024 782 1084 847; x_wconf 93' lang='lat' dir='ltr'><strong>pro</strong></span> <span class='ocrx_word' id='word_1_26' title='bbox 1106 758 1206 824; x_wconf 90' lang='lat' dir='ltr'><strong>tercio</strong></span> <span class='ocrx_word' id='word_1_27' title='bbox 1229 753 1350 822; x_wconf 85' lang='lat' dir='ltr'><strong>habere</strong></span> <span class='ocrx_word' id='word_1_28' title='bbox 1370 750 1499 841; x_wconf 86' lang='lat' dir='ltr'><strong>poterit.</strong></span> 
     </span>
    </p>
   </div>
   <div class='ocr_carea' id='block_1_3' title="bbox 504 969 1176 1164">
    <p class='ocr_par' dir='ltr' id='par_1_3' title="bbox 504 969 1176 1164">
     <span class='ocr_line' id='line_1_4' title="bbox 504 969 1176 1034; baseline -0.01 -4"><span class='ocrx_word' id='word_1_29' title='bbox 504 969 532 1030; x_wconf 82' lang='lat'><strong>4.</strong></span> <span class='ocrx_word' id='word_1_30' title='bbox 560 981 654 1034; x_wconf 73' lang='lat' dir='ltr'><strong>amru</strong></span> <span class='ocrx_word' id='word_1_31' title='bbox 675 981 843 1032; x_wconf 69' lang='lat' dir='ltr'><strong>tuomum</strong></span> <span class='ocrx_word' id='word_1_32' title='bbox 865 979 934 1028; x_wconf 82' lang='lat' dir='ltr'><strong>rao</strong></span> <span class='ocrx_word' id='word_1_33' title='bbox 956 976 1176 1027; x_wconf 73' lang='lat' dir='ltr'><strong>marsanam.</strong></span> 
     </span>
     <span class='ocr_line' id='line_1_5' title="bbox 760 1099 929 1164; baseline -0.006 -15"><span class='ocrx_word' id='word_1_34' title='bbox 760 1101 821 1164; x_wconf 81' lang='lat' dir='ltr'><strong>vgl.</strong></span> <span class='ocrx_word' id='word_1_35' title='bbox 840 1099 886 1163; x_wconf 88' lang='lat' dir='ltr'><strong>Vl,</strong></span> <span class='ocrx_word' id='word_1_36' title='bbox 906 1099 929 1150; x_wconf 83' lang='lat'><strong>2.</strong></span> 
     </span>
    </p>
   </div>
   <div class='ocr_carea' id='block_1_4' title="bbox 131 1198 1599 1800">
    <p class='ocr_par' dir='ltr' id='par_1_4' title="bbox 131 1198 1599 1800">
     <span class='ocr_line' id='line_1_6' title="bbox 218 1198 1597 1301; baseline -0.012 -21"><span class='ocrx_word' id='word_1_37' title='bbox 218 1215 299 1280; x_wconf 91' lang='lat' dir='ltr'><strong>Item</strong></span> <span class='ocrx_word' id='word_1_38' title='bbox 312 1211 354 1278; x_wconf 89' lang='lat' dir='ltr'><strong>ad</strong></span> <span class='ocrx_word' id='word_1_39' title='bbox 369 1214 509 1300; x_wconf 81' lang='lat' dir='ltr'><strong>gradum</strong></span> <span class='ocrx_word' id='word_1_40' title='bbox 523 1215 704 1301; x_wconf 75' lang='lat' dir='ltr'><strong>magisterii</strong></span> <span class='ocrx_word' id='word_1_41' title='bbox 726 1223 800 1279; x_wconf 89' lang='lat' dir='ltr'><strong>sunt</strong></span> <span class='ocrx_word' id='word_1_42' title='bbox 820 1213 896 1280; x_wconf 90' lang='lat' dir='ltr'><strong>libri</strong></span> <span class='ocrx_word' id='word_1_43' title='bbox 917 1214 985 1279; x_wconf 90' lang='lat' dir='ltr'><strong>isti:</strong></span> <span class='ocrx_word' id='word_1_44' title='bbox 1010 1211 1260 1297; x_wconf 73' lang='lat' dir='ltr'><strong>topicorum,</strong></span> <span class='ocrx_word' id='word_1_45' title='bbox 1283 1205 1330 1272; x_wconf 90' lang='lat' dir='ltr'><strong>de</strong></span> <span class='ocrx_word' id='word_1_46' title='bbox 1352 1201 1484 1283; x_wconf 89' lang='lat' dir='ltr'><strong>coelo,</strong></span> <span class='ocrx_word' id='word_1_47' title='bbox 1506 1198 1554 1265; x_wconf 90' lang='lat' dir='ltr'><strong>de</strong></span> <span class='ocrx_word' id='word_1_48' title='bbox 1580 1207 1597 1263; x_wconf 83' lang='lat'><strong>5</strong></span> 
     </span>
     <span class='ocr_line' id='line_1_7' title="bbox 131 1300 1557 1402; baseline -0.013 -21"><span class='ocrx_word' id='word_1_49' title='bbox 131 1313 426 1402; x_wconf 82' lang='lat' dir='ltr'><strong>generatione,</strong></span> <span class='ocrx_word' id='word_1_50' title='bbox 441 1313 752 1398; x_wconf 89' lang='lat' dir='ltr'><strong>metheororum,</strong></span> <span class='ocrx_word' id='word_1_51' title='bbox 769 1337 897 1401; x_wconf 86' lang='lat' dir='ltr'><strong>parva</strong></span> <span class='ocrx_word' id='word_1_52' title='bbox 916 1307 1402 1391; x_wconf 88' lang='lat' dir='ltr'><strong>naturalia,ethicorum,</strong></span> <span class='ocrx_word' id='word_1_53' title='bbox 1416 1300 1557 1390; x_wconf 90' lang='lat' dir='ltr'><strong>politi·</strong></span> 
     </span>
     <span class='ocr_line' id='line_1_8' title="bbox 133 1397 1555 1502; baseline -0.012 -22"><span class='ocrx_word' id='word_1_54' title='bbox 133 1435 290 1496; x_wconf 86' lang='lat' dir='ltr'><strong>corum,</strong></span> <span class='ocrx_word' id='word_1_55' title='bbox 311 1413 667 1500; x_wconf 85' lang='lat' dir='ltr'><strong>yconomicorum,</strong></span> <span class='ocrx_word' id='word_1_56' title='bbox 690 1414 954 1502; x_wconf 78' lang='lat' dir='ltr'><strong>perspectiva</strong></span> <span class='ocrx_word' id='word_1_57' title='bbox 976 1409 1224 1490; x_wconf 90' lang='lat' dir='ltr'><strong>communis,</strong></span> <span class='ocrx_word' id='word_1_58' title='bbox 1247 1403 1446 1471; x_wconf 87' lang='lat' dir='ltr'><strong>theorica</strong></span> <span class='ocrx_word' id='word_1_59' title='bbox 1467 1397 1555 1487; x_wconf 92' lang='lat' dir='ltr'><strong>pla-</strong></span> 
     </span>
     <span class='ocr_line' id='line_1_9' title="bbox 132 1502 1556 1601; baseline -0.012 -23"><span class='ocrx_word' id='word_1_60' title='bbox 132 1522 343 1594; x_wconf 90' lang='lat' dir='ltr'><strong>netarum,</strong></span> <span class='ocrx_word' id='word_1_61' title='bbox 374 1510 598 1596; x_wconf 82' lang='lat' dir='ltr'><strong>Euclides,</strong></span> <span class='ocrx_word' id='word_1_62' title='bbox 634 1511 756 1601; x_wconf 85' lang='lat' dir='ltr'><strong>loyca</strong></span> <span class='ocrx_word' id='word_1_63' title='bbox 792 1511 986 1578; x_wconf 89' lang='lat' dir='ltr'><strong>Heissbri</strong></span> <span class='ocrx_word' id='word_1_64' title='bbox 1024 1519 1094 1575; x_wconf 90' lang='lat' dir='ltr'><strong>autt</strong></span> <span class='ocrx_word' id='word_1_65' title='bbox 1131 1507 1214 1574; x_wconf 87' lang='lat' dir='ltr'><strong>liber</strong></span> <span class='ocrx_word' id='word_1_66' title='bbox 1251 1502 1556 1571; x_wconf 88' lang='lat' dir='ltr'><strong>rethoricorum</strong></span> 
     </span>
     <span class='ocr_line' id='line_1_10' title="bbox 133 1597 1556 1696; baseline -0.013 -18"><span class='ocrx_word' id='word_1_67' title='bbox 133 1608 403 1696; x_wconf 87' lang='lat' dir='ltr'><strong>Aristotelis,</strong></span> <span class='ocrx_word' id='word_1_68' title='bbox 434 1613 692 1680; x_wconf 87' lang='lat' dir='ltr'><strong>arismetrica</strong></span> <span class='ocrx_word' id='word_1_69' title='bbox 722 1613 957 1694; x_wconf 88' lang='lat' dir='ltr'><strong>eommunis,</strong></span> <span class='ocrx_word' id='word_1_70' title='bbox 989 1611 1140 1676; x_wconf 86' lang='lat' dir='ltr'><strong>musica</strong></span> <span class='ocrx_word' id='word_1_71' title='bbox 1171 1605 1302 1672; x_wconf 89' lang='lat' dir='ltr'><strong>Muris</strong></span> <span class='ocrx_word' id='word_1_72' title='bbox 1332 1611 1364 1670; x_wconf 86' lang='lat' dir='ltr'><strong>et</strong></span> <span class='ocrx_word' id='word_1_73' title='bbox 1394 1597 1556 1666; x_wconf 88' lang='lat' dir='ltr'><strong>metha·</strong></span> 
     </span>
     <span class='ocr_line' id='line_1_11' title="bbox 136 1703 1599 1800; baseline -0.025 -21"><span class='ocrx_word' id='word_1_74' title='bbox 136 1711 319 1800; x_wconf 90' lang='lat' dir='ltr'><strong>phisica.</strong></span> <span class='ocrx_word' id='word_1_75' title='bbox 1568 1703 1599 1760; x_wconf 74' lang='lat'><strong>10</strong></span> 
     </span>
    </p>
   </div>
   <div class='ocr_carea' id='block_1_5' title="bbox 518 1867 1275 2064">
    <p class='ocr_par' dir='ltr' id='par_1_5' title="bbox 518 1867 1275 2064">
     <span class='ocr_line' id='line_1_12' title="bbox 518 1867 1275 1955; baseline -0.001 -28"><span class='ocrx_word' id='word_1_76' title='bbox 518 1867 549 1927; x_wconf 80' lang='lat'><strong>5.</strong></span> <span class='ocrx_word' id='word_1_77' title='bbox 575 1879 623 1928; x_wconf 84' lang='lat' dir='ltr'><strong>nn</strong></span> <span class='ocrx_word' id='word_1_78' title='bbox 645 1879 839 1930; x_wconf 73' lang='lat' dir='ltr'><strong>exeremus</strong></span> <span class='ocrx_word' id='word_1_79' title='bbox 859 1879 929 1929; x_wconf 79' lang='lat' dir='ltr'><strong>ruo</strong></span> <span class='ocrx_word' id='word_1_80' title='bbox 951 1877 1171 1928; x_wconf 74' lang='lat' dir='ltr'><strong>massuetum</strong></span> <span class='ocrx_word' id='word_1_81' title='bbox 1273 1951 1275 1955; x_wconf 18' lang='grc' dir='ltr'>ι</span> 
     </span>
     <span class='ocr_line' id='line_1_13' title="bbox 760 2001 930 2064; baseline 0 -14"><span class='ocrx_word' id='word_1_82' title='bbox 760 2001 821 2064; x_wconf 72' lang='lat' dir='ltr'><strong>vgr.</strong></span> <span class='ocrx_word' id='word_1_83' title='bbox 840 2001 887 2060; x_wconf 84' lang='lat' dir='ltr'><strong>vr,</strong></span> <span class='ocrx_word' id='word_1_84' title='bbox 906 2001 930 2051; x_wconf 88' lang='lat' dir='ltr'><strong>a.</strong></span> 
     </span>
    </p>
   </div>
   <div class='ocr_carea' id='block_1_6' title="bbox 134 2101 1598 2798">
    <p class='ocr_par' dir='ltr' id='par_1_6' title="bbox 134 2101 1598 2798">
     <span class='ocr_line' id='line_1_14' title="bbox 218 2101 1555 2202; baseline -0.008 -24"><span class='ocrx_word' id='word_1_85' title='bbox 218 2111 301 2178; x_wconf 90' lang='lat' dir='ltr'><strong>Item</strong></span> <span class='ocrx_word' id='word_1_86' title='bbox 327 2108 434 2177; x_wconf 87' lang='lat' dir='ltr'><strong>nullus</strong></span> <span class='ocrx_word' id='word_1_87' title='bbox 463 2109 559 2176; x_wconf 86' lang='lat' dir='ltr'><strong>debet</strong></span> <span class='ocrx_word' id='word_1_88' title='bbox 586 2112 714 2180; x_wconf 78' lang='lat' dir='ltr'><strong>admitti</strong></span> <span class='ocrx_word' id='word_1_89' title='bbox 738 2115 782 2180; x_wconf 85' lang='lat' dir='ltr'><strong>ad</strong></span> <span class='ocrx_word' id='word_1_90' title='bbox 814 2123 1010 2202; x_wconf 88' lang='lat' dir='ltr'><strong>temptamen</strong></span> <span class='ocrx_word' id='word_1_91' title='bbox 1036 2135 1096 2201; x_wconf 93' lang='lat' dir='ltr'><strong>pro</strong></span> <span class='ocrx_word' id='word_1_92' title='bbox 1124 2109 1231 2198; x_wconf 85' lang='lat' dir='ltr'><strong>gradu</strong></span> <span class='ocrx_word' id='word_1_93' title='bbox 1258 2105 1456 2194; x_wconf 77' lang='lat' dir='ltr'><strong>magisterii,</strong></span> <span class='ocrx_word' id='word_1_94' title='bbox 1491 2101 1555 2168; x_wconf 90' lang='lat' dir='ltr'><strong>nisi</strong></span> 
     </span>
     <span class='ocr_line' id='line_1_15' title="bbox 137 2204 1556 2302; baseline -0.008 -24"><span class='ocrx_word' id='word_1_95' title='bbox 137 2211 230 2299; x_wconf 89' lang='lat' dir='ltr'><strong>prius</strong></span> <span class='ocrx_word' id='word_1_96' title='bbox 252 2211 376 2276; x_wconf 88' lang='lat' dir='ltr'><strong>steterit</strong></span> <span class='ocrx_word' id='word_1_97' title='bbox 396 2210 430 2274; x_wconf 93' lang='lat' dir='ltr'><strong>in</strong></span> <span class='ocrx_word' id='word_1_98' title='bbox 452 2211 623 2277; x_wconf 78' lang='lat' dir='ltr'><strong>exerciciis</strong></span> <span class='ocrx_word' id='word_1_99' title='bbox 651 2213 736 2279; x_wconf 82' lang='lat' dir='ltr'><strong>infra</strong></span> <span class='ocrx_word' id='word_1_100' title='bbox 764 2215 910 2302; x_wconf 90' lang='lat' dir='ltr'><strong>scriptis,</strong></span> <span class='ocrx_word' id='word_1_101' title='bbox 932 2213 1055 2278; x_wconf 85' lang='lat' dir='ltr'><strong>scilicet</strong></span> <span class='ocrx_word' id='word_1_102' title='bbox 1085 2208 1339 2298; x_wconf 86' lang='lat' dir='ltr'><strong>methaphisicae</strong></span> <span class='ocrx_word' id='word_1_103' title='bbox 1366 2228 1439 2271; x_wconf 91' lang='lat' dir='ltr'><strong>cum</strong></span> <span class='ocrx_word' id='word_1_104' title='bbox 1466 2204 1556 2269; x_wconf 85' lang='lat' dir='ltr'><strong>vice-</strong></span> 
     </span>
     <span class='ocr_line' id='line_1_16' title="bbox 134 2308 1598 2399; baseline -0.007 -25"><span class='ocrx_word' id='word_1_105' title='bbox 134 2309 346 2392; x_wconf 85' lang='lat' dir='ltr'><strong>cancellario,</strong></span> <span class='ocrx_word' id='word_1_106' title='bbox 377 2309 573 2393; x_wconf 88' lang='lat' dir='ltr'><strong>ethicorum,</strong></span> <span class='ocrx_word' id='word_1_107' title='bbox 603 2309 819 2399; x_wconf 88' lang='lat' dir='ltr'><strong>phisicorum,</strong></span> <span class='ocrx_word' id='word_1_108' title='bbox 845 2315 964 2378; x_wconf 86' lang='lat' dir='ltr'><strong>veteris</strong></span> <span class='ocrx_word' id='word_1_109' title='bbox 995 2314 1074 2378; x_wconf 89' lang='lat' dir='ltr'><strong>artis</strong></span> <span class='ocrx_word' id='word_1_110' title='bbox 1102 2334 1175 2378; x_wconf 89' lang='lat' dir='ltr'><strong>cum</strong></span> <span class='ocrx_word' id='word_1_111' title='bbox 1204 2310 1342 2392; x_wconf 87' lang='lat' dir='ltr'><strong>decano,</strong></span> <span class='ocrx_word' id='word_1_112' title='bbox 1370 2327 1453 2396; x_wconf 86' lang='lat' dir='ltr'><strong>quae</strong></span> <span class='ocrx_word' id='word_1_113' title='bbox 1482 2311 1556 2368; x_wconf 89' lang='lat' dir='ltr'><strong>sunt</strong></span> <span class='ocrx_word' id='word_1_114' title='bbox 1567 2308 1598 2365; x_wconf 83' lang='lat'><strong>15</strong></span> 
     </span>
     <span class='ocr_line' id='line_1_17' title="bbox 135 2402 1557 2499; baseline -0.006 -25"><span class='ocrx_word' id='word_1_115' title='bbox 135 2411 357 2492; x_wconf 71' lang='lat' dir='ltr'><strong>necessitatis,</strong></span> <span class='ocrx_word' id='word_1_116' title='bbox 384 2409 625 2476; x_wconf 89' lang='lat' dir='ltr'><strong>metheororum</strong></span> <span class='ocrx_word' id='word_1_117' title='bbox 648 2411 702 2476; x_wconf 90' lang='lat' dir='ltr'><strong>vel</strong></span> <span class='ocrx_word' id='word_1_118' title='bbox 732 2415 842 2499; x_wconf 84' lang='lat' dir='ltr'><strong>parvis</strong></span> <span class='ocrx_word' id='word_1_119' title='bbox 870 2411 1074 2479; x_wconf 86' lang='lat' dir='ltr'><strong>naturalibus</strong></span> <span class='ocrx_word' id='word_1_120' title='bbox 1103 2434 1163 2499; x_wconf 89' lang='lat' dir='ltr'><strong>pro</strong></span> <span class='ocrx_word' id='word_1_121' title='bbox 1192 2432 1272 2492; x_wconf 89' lang='lat' dir='ltr'><strong>uno,</strong></span> <span class='ocrx_word' id='word_1_122' title='bbox 1299 2410 1333 2473; x_wconf 88' lang='lat' dir='ltr'><strong>in</strong></span> <span class='ocrx_word' id='word_1_123' title='bbox 1354 2407 1394 2473; x_wconf 89' lang='lat' dir='ltr'><strong>de</strong></span> <span class='ocrx_word' id='word_1_124' title='bbox 1416 2402 1504 2472; x_wconf 92' lang='lat' dir='ltr'><strong>coelo</strong></span> <span class='ocrx_word' id='word_1_125' title='bbox 1526 2411 1557 2466; x_wconf 87' lang='lat' dir='ltr'><strong>et</strong></span> 
     </span>
     <span class='ocr_line' id='line_1_18' title="bbox 135 2500 1557 2600; baseline -0.006 -26"><span class='ocrx_word' id='word_1_126' title='bbox 135 2508 257 2575; x_wconf 89' lang='lat' dir='ltr'><strong>mundo</strong></span> <span class='ocrx_word' id='word_1_127' title='bbox 272 2507 325 2574; x_wconf 88' lang='lat' dir='ltr'><strong>vel</strong></span> <span class='ocrx_word' id='word_1_128' title='bbox 342 2506 384 2574; x_wconf 88' lang='lat' dir='ltr'><strong>de</strong></span> <span class='ocrx_word' id='word_1_129' title='bbox 404 2512 619 2596; x_wconf 87' lang='lat' dir='ltr'><strong>generacione</strong></span> <span class='ocrx_word' id='word_1_130' title='bbox 641 2533 701 2598; x_wconf 93' lang='lat' dir='ltr'><strong>pro</strong></span> <span class='ocrx_word' id='word_1_131' title='bbox 721 2534 795 2596; x_wconf 94' lang='lat' dir='ltr'><strong>uno,</strong></span> <span class='ocrx_word' id='word_1_132' title='bbox 816 2535 902 2579; x_wconf 89' lang='lat' dir='ltr'><strong>nova</strong></span> <span class='ocrx_word' id='word_1_133' title='bbox 922 2513 1019 2600; x_wconf 87' lang='lat' dir='ltr'><strong>loyca</strong></span> <span class='ocrx_word' id='word_1_134' title='bbox 1038 2510 1091 2575; x_wconf 89' lang='lat' dir='ltr'><strong>vel</strong></span> <span class='ocrx_word' id='word_1_135' title='bbox 1110 2512 1144 2576; x_wconf 89' lang='lat' dir='ltr'><strong>in</strong></span> <span class='ocrx_word' id='word_1_136' title='bbox 1165 2509 1356 2597; x_wconf 73' lang='lat' dir='ltr'><strong>sophistria,</strong></span> <span class='ocrx_word' id='word_1_137' title='bbox 1378 2505 1419 2570; x_wconf 88' lang='lat' dir='ltr'><strong>de</strong></span> <span class='ocrx_word' id='word_1_138' title='bbox 1440 2500 1557 2592; x_wconf 91' lang='lat' dir='ltr'><strong>quibus</strong></span> 
     </span>
     <span class='ocr_line' id='line_1_19' title="bbox 134 2601 1555 2700; baseline -0.006 -27"><span class='ocrx_word' id='word_1_139' title='bbox 134 2608 255 2674; x_wconf 86' lang='lat' dir='ltr'><strong>ultimis</strong></span> <span class='ocrx_word' id='word_1_140' title='bbox 278 2609 342 2674; x_wconf 90' lang='lat' dir='ltr'><strong>tria</strong></span> <span class='ocrx_word' id='word_1_141' title='bbox 363 2611 535 2695; x_wconf 75' lang='lat' dir='ltr'><strong>capiantuu</strong></span> <span class='ocrx_word' id='word_1_142' title='bbox 568 2609 744 2675; x_wconf 87' lang='lat' dir='ltr'><strong>secundum</strong></span> <span class='ocrx_word' id='word_1_143' title='bbox 769 2611 924 2700; x_wconf 89' lang='lat' dir='ltr'><strong>placitum</strong></span> <span class='ocrx_word' id='word_1_144' title='bbox 945 2610 997 2676; x_wconf 89' lang='lat' dir='ltr'><strong>vel</strong></span> <span class='ocrx_word' id='word_1_145' title='bbox 1026 2609 1202 2676; x_wconf 89' lang='lat' dir='ltr'><strong>secundum</strong></span> <span class='ocrx_word' id='word_1_146' title='bbox 1232 2609 1420 2674; x_wconf 88' lang='lat' dir='ltr'><strong>electionem</strong></span> <span class='ocrx_word' id='word_1_147' title='bbox 1446 2601 1555 2667; x_wconf 88' lang='lat' dir='ltr'><strong>volen-</strong></span> 
     </span>
     <span class='ocr_line' id='line_1_20' title="bbox 136 2706 1397 2798; baseline -0.002 -26"><span class='ocrx_word' id='word_1_148' title='bbox 136 2709 221 2773; x_wconf 91' lang='lat' dir='ltr'><strong>eium</strong></span> <span class='ocrx_word' id='word_1_149' title='bbox 241 2710 437 2796; x_wconf 85' lang='lat' dir='ltr'><strong>promoveri,</strong></span> <span class='ocrx_word' id='word_1_150' title='bbox 459 2709 518 2776; x_wconf 91' lang='lat' dir='ltr'><strong>sub</strong></span> <span class='ocrx_word' id='word_1_151' title='bbox 539 2731 645 2798; x_wconf 88' lang='lat' dir='ltr'><strong>poena</strong></span> <span class='ocrx_word' id='word_1_152' title='bbox 664 2733 730 2775; x_wconf 90' lang='lat' dir='ltr'><strong>non</strong></span> <span class='ocrx_word' id='word_1_153' title='bbox 753 2711 960 2776; x_wconf 83' lang='lat' dir='ltr'><strong>admissionis</strong></span> <span class='ocrx_word' id='word_1_154' title='bbox 982 2708 1026 2776; x_wconf 89' lang='lat' dir='ltr'><strong>ad</strong></span> <span class='ocrx_word' id='word_1_155' title='bbox 1046 2708 1186 2796; x_wconf 88' lang='lat' dir='ltr'><strong>gradum</strong></span> <span class='ocrx_word' id='word_1_156' title='bbox 1208 2706 1397 2794; x_wconf 88' lang='lat' dir='ltr'><strong>magisterii.</strong></span> 
     </span>
    </p>
   </div>
   <div class='ocr_carea' id='block_1_7' title="bbox 395 2905 1600 3114">
    <p class='ocr_par' dir='ltr' id='par_1_7' title="bbox 395 2905 1600 3114">
     <span class='ocr_line' id='line_1_21' title="bbox 395 2905 1600 2977; baseline -0.005 -1"><span class='ocrx_word' id='word_1_157' title='bbox 395 2915 423 2976; x_wconf 87' lang='grc'><strong>6.</strong></span> <span class='ocrx_word' id='word_1_158' title='bbox 451 2926 498 2976; x_wconf 84' lang='lat' dir='ltr'><strong>ou</strong></span> <span class='ocrx_word' id='word_1_159' title='bbox 521 2927 621 2976; x_wconf 83' lang='lat' dir='ltr'><strong>nono</strong></span> <span class='ocrx_word' id='word_1_160' title='bbox 641 2929 811 2977; x_wconf 65' lang='lat' dir='ltr'><strong>tuomum</strong></span> <span class='ocrx_word' id='word_1_161' title='bbox 832 2927 1017 2976; x_wconf 81' lang='lat' dir='ltr'><strong>nxanmcu</strong></span> <span class='ocrx_word' id='word_1_162' title='bbox 1034 2928 1079 2976; x_wconf 81' lang='lat' dir='ltr'><strong>ar</strong></span> <span class='ocrx_word' id='word_1_163' title='bbox 1100 2924 1302 2975; x_wconf 71' lang='lat' dir='ltr'><strong>caenosas.</strong></span> <span class='ocrx_word' id='word_1_164' title='bbox 1566 2905 1600 2964; x_wconf 83' lang='lat'><strong>20</strong></span> 
     </span>
     <span class='ocr_line' id='line_1_22' title="bbox 698 3046 1009 3114; baseline 0.013 -20"><span class='ocrx_word' id='word_1_165' title='bbox 698 3046 758 3109; x_wconf 70' lang='lat' dir='ltr'><strong>vgr.</strong></span> <span class='ocrx_word' id='word_1_166' title='bbox 777 3046 824 3114; x_wconf 85' lang='lat' dir='ltr'><strong>vr,</strong></span> <span class='ocrx_word' id='word_1_167' title='bbox 841 3047 866 3097; x_wconf 85' lang='lat'><strong>4.</strong></span> <span class='ocrx_word' id='word_1_168' title='bbox 889 3047 962 3108; x_wconf 85' lang='lat' dir='ltr'><strong>vm,</strong></span> <span class='ocrx_word' id='word_1_169' title='bbox 986 3047 1009 3098; x_wconf 81' lang='lat' dir='ltr'><strong>a.</strong></span> 
     </span>
    </p>
   </div>
   <div class='ocr_carea' id='block_1_8' title="bbox 132 3151 1600 5040">
    <p class='ocr_par' dir='ltr' id='par_1_8' title="bbox 132 3151 1600 5040">
     <span class='ocr_line' id='line_1_23' title="bbox 217 3151 1559 3249; baseline -0.007 -26"><span class='ocrx_word' id='word_1_170' title='bbox 217 3156 336 3224; x_wconf 89' lang='lat' dir='ltr'><strong>Modus</strong></span> <span class='ocrx_word' id='word_1_171' title='bbox 359 3168 466 3224; x_wconf 88' lang='lat' dir='ltr'><strong>autem</strong></span> <span class='ocrx_word' id='word_1_172' title='bbox 487 3160 642 3226; x_wconf 83' lang='lat' dir='ltr'><strong>audiendi</strong></span> <span class='ocrx_word' id='word_1_173' title='bbox 663 3161 724 3226; x_wconf 87' lang='lat' dir='ltr'><strong>erit</strong></span> <span class='ocrx_word' id='word_1_174' title='bbox 744 3160 834 3243; x_wconf 87' lang='lat' dir='ltr'><strong>talis,</strong></span> <span class='ocrx_word' id='word_1_175' title='bbox 854 3160 941 3246; x_wconf 92' lang='lat' dir='ltr'><strong>quod</strong></span> <span class='ocrx_word' id='word_1_176' title='bbox 963 3161 1099 3249; x_wconf 84' lang='lat' dir='ltr'><strong>quilibet</strong></span> <span class='ocrx_word' id='word_1_177' title='bbox 1119 3158 1255 3226; x_wconf 90' lang='lat' dir='ltr'><strong>audiena</strong></span> <span class='ocrx_word' id='word_1_178' title='bbox 1283 3157 1424 3243; x_wconf 89' lang='lat' dir='ltr'><strong>aliquam</strong></span> <span class='ocrx_word' id='word_1_179' title='bbox 1450 3151 1559 3217; x_wconf 88' lang='lat' dir='ltr'><strong>lectio·</strong></span> 
     </span>
     <span class='ocr_line' id='line_1_24' title="bbox 134 3249 1558 3346; baseline -0.009 -22"><span class='ocrx_word' id='word_1_180' title='bbox 134 3281 209 3324; x_wconf 88' lang='lat' dir='ltr'><strong>nem</strong></span> <span class='ocrx_word' id='word_1_181' title='bbox 240 3281 301 3346; x_wconf 90' lang='lat' dir='ltr'><strong>pro</strong></span> <span class='ocrx_word' id='word_1_182' title='bbox 329 3257 435 3344; x_wconf 88' lang='lat' dir='ltr'><strong>gradu</strong></span> <span class='ocrx_word' id='word_1_183' title='bbox 460 3261 494 3324; x_wconf 91' lang='lat' dir='ltr'><strong>in</strong></span> <span class='ocrx_word' id='word_1_184' title='bbox 522 3259 647 3325; x_wconf 88' lang='lat' dir='ltr'><strong>artibus</strong></span> <span class='ocrx_word' id='word_1_185' title='bbox 677 3261 823 3344; x_wconf 85' lang='lat' dir='ltr'><strong>exeeptis</strong></span> <span class='ocrx_word' id='word_1_186' title='bbox 851 3258 1181 3340; x_wconf 87' lang='lat' dir='ltr'><strong>mathematicalibus,</strong></span> <span class='ocrx_word' id='word_1_187' title='bbox 1209 3257 1304 3343; x_wconf 84' lang='lat' dir='ltr'><strong>loyce</strong></span> <span class='ocrx_word' id='word_1_188' title='bbox 1330 3249 1494 3338; x_wconf 83' lang='lat' dir='ltr'><strong>Heyssbri</strong></span> <span class='ocrx_word' id='word_1_189' title='bbox 1525 3256 1558 3312; x_wconf 90' lang='lat' dir='ltr'><strong>et</strong></span> 
     </span>
     <span class='ocr_line' id='line_1_25' title="bbox 134 3348 1558 3447; baseline -0.01 -23"><span class='ocrx_word' id='word_1_190' title='bbox 134 3357 355 3447; x_wconf 89' lang='lat' dir='ltr'><strong>politicorum,</strong></span> <span class='ocrx_word' id='word_1_191' title='bbox 377 3367 504 3424; x_wconf 76' lang='lat' dir='ltr'><strong>tenetur</strong></span> <span class='ocrx_word' id='word_1_192' title='bbox 530 3381 602 3424; x_wconf 90' lang='lat' dir='ltr'><strong>eam</strong></span> <span class='ocrx_word' id='word_1_193' title='bbox 629 3358 744 3424; x_wconf 90' lang='lat' dir='ltr'><strong>audire</strong></span> <span class='ocrx_word' id='word_1_194' title='bbox 769 3359 803 3422; x_wconf 89' lang='lat' dir='ltr'><strong>in</strong></span> <span class='ocrx_word' id='word_1_195' title='bbox 831 3357 931 3438; x_wconf 89' lang='lat' dir='ltr'><strong>libro,</strong></span> <span class='ocrx_word' id='word_1_196' title='bbox 954 3361 1009 3446; x_wconf 91' lang='lat' dir='ltr'><strong>qui</strong></span> <span class='ocrx_word' id='word_1_197' title='bbox 1036 3357 1171 3444; x_wconf 89' lang='lat' dir='ltr'><strong>legitur,</strong></span> <span class='ocrx_word' id='word_1_198' title='bbox 1192 3379 1265 3422; x_wconf 88' lang='lat' dir='ltr'><strong>cum</strong></span> <span class='ocrx_word' id='word_1_199' title='bbox 1295 3351 1489 3438; x_wconf 88' lang='lat' dir='ltr'><strong>diligencia,</strong></span> <span class='ocrx_word' id='word_1_200' title='bbox 1510 3348 1558 3411; x_wconf 89' lang='lat' dir='ltr'><strong>ita</strong></span> 
     </span>
     <span class='ocr_line' id='line_1_26' title="bbox 134 3453 1599 3548; baseline -0.009 -26"><span class='ocrx_word' id='word_1_201' title='bbox 134 3457 221 3542; x_wconf 91' lang='lat' dir='ltr'><strong>quod</strong></span> <span class='ocrx_word' id='word_1_202' title='bbox 258 3467 383 3524; x_wconf 88' lang='lat' dir='ltr'><strong>textum</strong></span> <span class='ocrx_word' id='word_1_203' title='bbox 415 3458 563 3526; x_wconf 89' lang='lat' dir='ltr'><strong>lectionis</strong></span> <span class='ocrx_word' id='word_1_204' title='bbox 597 3455 682 3548; x_wconf 77' lang='lat'>[18⁸]</span> <span class='ocrx_word' id='word_1_205' title='bbox 715 3457 884 3545; x_wconf 85' lang='lat' dir='ltr'><strong>proprium</strong></span> <span class='ocrx_word' id='word_1_206' title='bbox 912 3456 964 3521; x_wconf 88' lang='lat' dir='ltr'><strong>vel</strong></span> <span class='ocrx_word' id='word_1_207' title='bbox 996 3455 1239 3523; x_wconf 89' lang='lat' dir='ltr'><strong>accomodatum</strong></span> <span class='ocrx_word' id='word_1_208' title='bbox 1270 3473 1379 3520; x_wconf 91' lang='lat' dir='ltr'><strong>seeum</strong></span> <span class='ocrx_word' id='word_1_209' title='bbox 1412 3453 1599 3536; x_wconf 67' lang='lat' dir='ltr'><strong>temporalo</strong></span> 
     </span>
     <span class='ocr_line' id='line_1_27' title="bbox 134 3552 1558 3646; baseline -0.006 -26"><span class='ocrx_word' id='word_1_210' title='bbox 134 3555 283 3622; x_wconf 87' lang='lat' dir='ltr'><strong>lectionis</strong></span> <span class='ocrx_word' id='word_1_211' title='bbox 302 3557 424 3623; x_wconf 88' lang='lat' dir='ltr'><strong>habeat</strong></span> <span class='ocrx_word' id='word_1_212' title='bbox 446 3555 598 3646; x_wconf 87' lang='lat' dir='ltr'><strong>(possunt</strong></span> <span class='ocrx_word' id='word_1_213' title='bbox 612 3568 720 3623; x_wconf 86' lang='lat' dir='ltr'><strong>temen</strong></span> <span class='ocrx_word' id='word_1_214' title='bbox 737 3555 800 3622; x_wconf 93' lang='lat' dir='ltr'><strong>duo</strong></span> <span class='ocrx_word' id='word_1_215' title='bbox 822 3565 878 3622; x_wconf 92' lang='lat' dir='ltr'><strong>aut</strong></span> <span class='ocrx_word' id='word_1_216' title='bbox 901 3567 967 3622; x_wconf 89' lang='lat' dir='ltr'><strong>tres</strong></span> <span class='ocrx_word' id='word_1_217' title='bbox 989 3555 1031 3621; x_wconf 88' lang='lat' dir='ltr'><strong>ad</strong></span> <span class='ocrx_word' id='word_1_218' title='bbox 1052 3557 1230 3620; x_wconf 87' lang='lat' dir='ltr'><strong>maximum</strong></span> <span class='ocrx_word' id='word_1_219' title='bbox 1252 3552 1366 3619; x_wconf 89' lang='lat' dir='ltr'><strong>eodem</strong></span> <span class='ocrx_word' id='word_1_220' title='bbox 1386 3557 1478 3615; x_wconf 88' lang='lat' dir='ltr'><strong>textu</strong></span> <span class='ocrx_word' id='word_1_221' title='bbox 1498 3568 1558 3634; x_wconf 87' lang='lat' dir='ltr'><strong>pro</strong></span> 
     </span>
     <span class='ocr_line' id='line_1_28' title="bbox 135 3647 1558 3746; baseline -0.006 -26"><span class='ocrx_word' id='word_1_222' title='bbox 135 3665 281 3746; x_wconf 89' lang='lat' dir='ltr'><strong>tempore</strong></span> <span class='ocrx_word' id='word_1_223' title='bbox 309 3655 405 3722; x_wconf 92' lang='lat' dir='ltr'><strong>simul</strong></span> <span class='ocrx_word' id='word_1_224' title='bbox 425 3656 498 3744; x_wconf 89' lang='lat' dir='ltr'><strong>uti),</strong></span> <span class='ocrx_word' id='word_1_225' title='bbox 519 3667 551 3722; x_wconf 90' lang='lat' dir='ltr'><strong>et</strong></span> <span class='ocrx_word' id='word_1_226' title='bbox 572 3657 660 3746; x_wconf 91' lang='lat' dir='ltr'><strong>quod</strong></span> <span class='ocrx_word' id='word_1_227' title='bbox 687 3657 756 3722; x_wconf 90' lang='lat' dir='ltr'><strong>sine</strong></span> <span class='ocrx_word' id='word_1_228' title='bbox 782 3655 968 3722; x_wconf 82' lang='lat' dir='ltr'><strong>rationabili</strong></span> <span class='ocrx_word' id='word_1_229' title='bbox 998 3679 1113 3738; x_wconf 90' lang='lat' dir='ltr'><strong>cauea,</strong></span> <span class='ocrx_word' id='word_1_230' title='bbox 1141 3654 1298 3740; x_wconf 89' lang='lat' dir='ltr'><strong>legittimo</strong></span> <span class='ocrx_word' id='word_1_231' title='bbox 1327 3647 1558 3738; x_wconf 89' lang='lat' dir='ltr'><strong>impedimento</strong></span> 
     </span>
     <span class='ocr_line' id='line_1_29' title="bbox 136 3752 1559 3845; baseline -0.006 -26"><span class='ocrx_word' id='word_1_232' title='bbox 136 3764 293 3838; x_wconf 87' lang='lat' dir='ltr'><strong>cessante,</strong></span> <span class='ocrx_word' id='word_1_233' title='bbox 313 3755 435 3822; x_wconf 91' lang='lat' dir='ltr'><strong>nullam</strong></span> <span class='ocrx_word' id='word_1_234' title='bbox 449 3757 628 3840; x_wconf 88' lang='lat' dir='ltr'><strong>lectionem,</strong></span> <span class='ocrx_word' id='word_1_235' title='bbox 651 3780 748 3845; x_wconf 91' lang='lat' dir='ltr'><strong>quam</strong></span> <span class='ocrx_word' id='word_1_236' title='bbox 761 3755 874 3820; x_wconf 90' lang='lat' dir='ltr'><strong>audire</strong></span> <span class='ocrx_word' id='word_1_237' title='bbox 891 3755 1011 3838; x_wconf 88' lang='lat' dir='ltr'><strong>debuit,</strong></span> <span class='ocrx_word' id='word_1_238' title='bbox 1033 3765 1088 3820; x_wconf 89' lang='lat' dir='ltr'><strong>aut</strong></span> <span class='ocrx_word' id='word_1_239' title='bbox 1102 3755 1309 3834; x_wconf 84' lang='lat' dir='ltr'><strong>exercicium,</strong></span> <span class='ocrx_word' id='word_1_240' title='bbox 1331 3752 1365 3816; x_wconf 90' lang='lat' dir='ltr'><strong>in</strong></span> <span class='ocrx_word' id='word_1_241' title='bbox 1387 3772 1448 3836; x_wconf 91' lang='lat' dir='ltr'><strong>quo</strong></span> <span class='ocrx_word' id='word_1_242' title='bbox 1471 3755 1559 3812; x_wconf 86' lang='lat' dir='ltr'><strong>stare</strong></span> 
     </span>
     <span class='ocr_line' id='line_1_30' title="bbox 135 3851 1558 3941; baseline -0.006 -23"><span class='ocrx_word' id='word_1_243' title='bbox 135 3853 257 3936; x_wconf 86' lang='lat' dir='ltr'><strong>debuit,</strong></span> <span class='ocrx_word' id='word_1_244' title='bbox 272 3853 428 3940; x_wconf 87' lang='lat' dir='ltr'><strong>neglexit,</strong></span> <span class='ocrx_word' id='word_1_245' title='bbox 451 3879 471 3921; x_wconf 89' lang='lat' dir='ltr'><strong>a</strong></span> <span class='ocrx_word' id='word_1_246' title='bbox 491 3858 594 3922; x_wconf 90' lang='lat' dir='ltr'><strong>tercia</strong></span> <span class='ocrx_word' id='word_1_247' title='bbox 613 3856 750 3921; x_wconf 89' lang='lat' dir='ltr'><strong>lectione</strong></span> <span class='ocrx_word' id='word_1_248' title='bbox 770 3854 822 3920; x_wconf 88' lang='lat' dir='ltr'><strong>vel</strong></span> <span class='ocrx_word' id='word_1_249' title='bbox 842 3857 1003 3921; x_wconf 88' lang='lat' dir='ltr'><strong>exercicio</strong></span> <span class='ocrx_word' id='word_1_250' title='bbox 1026 3853 1067 3920; x_wconf 89' lang='lat' dir='ltr'><strong>ab</strong></span> <span class='ocrx_word' id='word_1_251' title='bbox 1089 3855 1271 3941; x_wconf 88' lang='lat' dir='ltr'><strong>inceptione</strong></span> <span class='ocrx_word' id='word_1_252' title='bbox 1291 3851 1449 3918; x_wconf 89' lang='lat' dir='ltr'><strong>librorum</strong></span> <span class='ocrx_word' id='word_1_253' title='bbox 1473 3867 1558 3912; x_wconf 92' lang='lat' dir='ltr'><strong>com-</strong></span> 
     </span>
     <span class='ocr_line' id='line_1_31' title="bbox 135 3952 1600 4044; baseline -0.008 -23"><span class='ocrx_word' id='word_1_254' title='bbox 135 3954 290 4042; x_wconf 90' lang='lat' dir='ltr'><strong>putando,</strong></span> <span class='ocrx_word' id='word_1_255' title='bbox 314 3965 359 4038; x_wconf 89' lang='lat' dir='ltr'><strong>et,</strong></span> <span class='ocrx_word' id='word_1_256' title='bbox 385 3964 668 4042; x_wconf 89' lang='lat' dir='ltr'><strong>quantumcunque</strong></span> <span class='ocrx_word' id='word_1_257' title='bbox 695 3956 816 4044; x_wconf 89' lang='lat' dir='ltr'><strong>potuit,</strong></span> <span class='ocrx_word' id='word_1_258' title='bbox 839 3956 909 4018; x_wconf 86' lang='lat' dir='ltr'><strong>sinc</strong></span> <span class='ocrx_word' id='word_1_259' title='bbox 937 3955 1011 4021; x_wconf 91' lang='lat' dir='ltr'><strong>dolo</strong></span> <span class='ocrx_word' id='word_1_260' title='bbox 1035 3965 1067 4019; x_wconf 93' lang='lat' dir='ltr'><strong>et</strong></span> <span class='ocrx_word' id='word_1_261' title='bbox 1088 3953 1202 4020; x_wconf 86' lang='lat' dir='ltr'><strong>fraude</strong></span> <span class='ocrx_word' id='word_1_262' title='bbox 1224 3977 1244 4018; x_wconf 87' lang='lat' dir='ltr'><strong>a</strong></span> <span class='ocrx_word' id='word_1_263' title='bbox 1265 3952 1426 4040; x_wconf 91' lang='lat' dir='ltr'><strong>principio</strong></span> <span class='ocrx_word' id='word_1_264' title='bbox 1455 3953 1600 4034; x_wconf 81' lang='lat' dir='ltr'><strong>usque30</strong></span> 
     </span>
     <span class='ocr_line' id='line_1_32' title="bbox 134 4048 1559 4142; baseline -0.006 -24"><span class='ocrx_word' id='word_1_265' title='bbox 134 4053 176 4118; x_wconf 92' lang='lat' dir='ltr'><strong>ad</strong></span> <span class='ocrx_word' id='word_1_266' title='bbox 197 4054 296 4120; x_wconf 89' lang='lat' dir='ltr'><strong>finem</strong></span> <span class='ocrx_word' id='word_1_267' title='bbox 320 4051 467 4122; x_wconf 87' lang='lat' dir='ltr'><strong>lectionis</strong></span> <span class='ocrx_word' id='word_1_268' title='bbox 490 4065 546 4121; x_wconf 93' lang='lat' dir='ltr'><strong>aut</strong></span> <span class='ocrx_word' id='word_1_269' title='bbox 568 4056 722 4121; x_wconf 85' lang='lat' dir='ltr'><strong>exercicii</strong></span> <span class='ocrx_word' id='word_1_270' title='bbox 740 4055 929 4142; x_wconf 87' lang='lat' dir='ltr'><strong>permansit,</strong></span> <span class='ocrx_word' id='word_1_271' title='bbox 951 4078 1011 4121; x_wconf 88' lang='lat' dir='ltr'><strong>nec</strong></span> <span class='ocrx_word' id='word_1_272' title='bbox 1033 4055 1093 4121; x_wconf 88' lang='lat' dir='ltr'><strong>sub</strong></span> <span class='ocrx_word' id='word_1_273' title='bbox 1114 4076 1179 4120; x_wconf 91' lang='lat' dir='ltr'><strong>una</strong></span> <span class='ocrx_word' id='word_1_274' title='bbox 1200 4053 1280 4118; x_wconf 88' lang='lat' dir='ltr'><strong>hora</strong></span> <span class='ocrx_word' id='word_1_275' title='bbox 1303 4050 1384 4116; x_wconf 91' lang='lat' dir='ltr'><strong>duas</strong></span> <span class='ocrx_word' id='word_1_276' title='bbox 1404 4048 1559 4114; x_wconf 88' lang='lat' dir='ltr'><strong>lectiones</strong></span> 
     </span>
     <span class='ocr_line' id='line_1_33' title="bbox 134 4147 1560 4236; baseline -0.006 -18"><span class='ocrx_word' id='word_1_277' title='bbox 134 4163 192 4218; x_wconf 91' lang='lat' dir='ltr'><strong>aut</strong></span> <span class='ocrx_word' id='word_1_278' title='bbox 211 4152 276 4218; x_wconf 89' lang='lat' dir='ltr'><strong>duo</strong></span> <span class='ocrx_word' id='word_1_279' title='bbox 299 4155 463 4219; x_wconf 85' lang='lat' dir='ltr'><strong>exercicia</strong></span> <span class='ocrx_word' id='word_1_280' title='bbox 484 4153 608 4220; x_wconf 83' lang='lat' dir='ltr'><strong>habuit</strong></span> <span class='ocrx_word' id='word_1_281' title='bbox 659 4155 822 4236; x_wconf 81' lang='lat' dir='ltr'><strong>Quociens</strong></span> <span class='ocrx_word' id='word_1_282' title='bbox 849 4163 958 4220; x_wconf 90' lang='lat' dir='ltr'><strong>autem</strong></span> <span class='ocrx_word' id='word_1_283' title='bbox 988 4155 1184 4220; x_wconf 87' lang='lat' dir='ltr'><strong>exercicium</strong></span> <span class='ocrx_word' id='word_1_284' title='bbox 1213 4160 1269 4216; x_wconf 89' lang='lat' dir='ltr'><strong>aut</strong></span> <span class='ocrx_word' id='word_1_285' title='bbox 1294 4148 1463 4214; x_wconf 90' lang='lat' dir='ltr'><strong>lectionem</strong></span> <span class='ocrx_word' id='word_1_286' title='bbox 1491 4147 1560 4210; x_wconf 84' lang='lat' dir='ltr'><strong>eive</strong></span> 
     </span>
     <span class='ocr_line' id='line_1_34' title="bbox 132 4251 1559 4342; baseline -0.007 -23"><span class='ocrx_word' id='word_1_287' title='bbox 132 4253 288 4319; x_wconf 90' lang='lat' dir='ltr'><strong>lectiones</strong></span> <span class='ocrx_word' id='word_1_288' title='bbox 310 4252 456 4340; x_wconf 87' lang='lat' dir='ltr'><strong>neglexit</strong></span> <span class='ocrx_word' id='word_1_289' title='bbox 475 4253 529 4319; x_wconf 86' lang='lat' dir='ltr'><strong>vel</strong></span> <span class='ocrx_word' id='word_1_290' title='bbox 551 4277 571 4320; x_wconf 90' lang='lat' dir='ltr'><strong>a</strong></span> <span class='ocrx_word' id='word_1_291' title='bbox 591 4255 753 4342; x_wconf 89' lang='lat' dir='ltr'><strong>principio</strong></span> <span class='ocrx_word' id='word_1_292' title='bbox 774 4275 876 4339; x_wconf 90' lang='lat' dir='ltr'><strong>usque</strong></span> <span class='ocrx_word' id='word_1_293' title='bbox 899 4253 942 4318; x_wconf 84' lang='lat' dir='ltr'><strong>ed</strong></span> <span class='ocrx_word' id='word_1_294' title='bbox 963 4254 1060 4319; x_wconf 89' lang='lat' dir='ltr'><strong>finem</strong></span> <span class='ocrx_word' id='word_1_295' title='bbox 1086 4277 1151 4318; x_wconf 87' lang='lat' dir='ltr'><strong>non</strong></span> <span class='ocrx_word' id='word_1_296' title='bbox 1182 4251 1362 4338; x_wconf 87' lang='lat' dir='ltr'><strong>permansit</strong></span> <span class='ocrx_word' id='word_1_297' title='bbox 1390 4257 1422 4314; x_wconf 88' lang='lat' dir='ltr'><strong>et</strong></span> <span class='ocrx_word' id='word_1_298' title='bbox 1448 4267 1559 4312; x_wconf 90' lang='lat' dir='ltr'><strong>omnes</strong></span> 
     </span>
     <span class='ocr_line' id='line_1_35' title="bbox 134 4347 1559 4438; baseline -0.006 -20"><span class='ocrx_word' id='word_1_299' title='bbox 134 4353 216 4419; x_wconf 88' lang='lat' dir='ltr'><strong>alios</strong></span> <span class='ocrx_word' id='word_1_300' title='bbox 241 4351 386 4418; x_wconf 84' lang='lat' dir='ltr'><strong>defectus</strong></span> <span class='ocrx_word' id='word_1_301' title='bbox 409 4375 485 4418; x_wconf 84' lang='lat' dir='ltr'><strong>suos</strong></span> <span class='ocrx_word' id='word_1_302' title='bbox 507 4353 604 4420; x_wconf 88' lang='lat' dir='ltr'><strong>debet</strong></span> <span class='ocrx_word' id='word_1_303' title='bbox 625 4356 659 4419; x_wconf 93' lang='lat' dir='ltr'><strong>in</strong></span> <span class='ocrx_word' id='word_1_304' title='bbox 680 4352 795 4418; x_wconf 90' lang='lat' dir='ltr'><strong>cedula</strong></span> <span class='ocrx_word' id='word_1_305' title='bbox 817 4374 949 4417; x_wconf 89' lang='lat' dir='ltr'><strong>suorum</strong></span> <span class='ocrx_word' id='word_1_306' title='bbox 970 4361 1116 4432; x_wconf 85' lang='lat' dir='ltr'><strong>actuum,</strong></span> <span class='ocrx_word' id='word_1_307' title='bbox 1137 4359 1283 4438; x_wconf 89' lang='lat' dir='ltr'><strong>tempore</strong></span> <span class='ocrx_word' id='word_1_308' title='bbox 1305 4347 1559 4436; x_wconf 86' lang='lat' dir='ltr'><strong>dispensationis</strong></span> 
     </span>
     <span class='ocr_line' id='line_1_36' title="bbox 133 4445 1600 4540; baseline -0.007 -22"><span class='ocrx_word' id='word_1_309' title='bbox 133 4449 389 4540; x_wconf 89' lang='lat' dir='ltr'><strong>praesentanda,</strong></span> <span class='ocrx_word' id='word_1_310' title='bbox 412 4474 484 4517; x_wconf 89' lang='lat' dir='ltr'><strong>cum</strong></span> <span class='ocrx_word' id='word_1_311' title='bbox 506 4475 622 4536; x_wconf 87' lang='lat' dir='ltr'><strong>causa,</strong></span> <span class='ocrx_word' id='word_1_312' title='bbox 645 4455 673 4518; x_wconf 88' lang='lat' dir='ltr'><strong>si</strong></span> <span class='ocrx_word' id='word_1_313' title='bbox 696 4475 793 4540; x_wconf 91' lang='lat' dir='ltr'><strong>quam</strong></span> <span class='ocrx_word' id='word_1_314' title='bbox 814 4450 928 4534; x_wconf 86' lang='lat' dir='ltr'><strong>habet,</strong></span> <span class='ocrx_word' id='word_1_315' title='bbox 950 4449 1154 4518; x_wconf 84' lang='lat' dir='ltr'><strong>conscribere</strong></span> <span class='ocrx_word' id='word_1_316' title='bbox 1182 4460 1215 4516; x_wconf 91' lang='lat' dir='ltr'><strong>et</strong></span> <span class='ocrx_word' id='word_1_317' title='bbox 1242 4449 1425 4536; x_wconf 88' lang='lat' dir='ltr'><strong>exprimere</strong></span> <span class='ocrx_word' id='word_1_318' title='bbox 1453 4455 1484 4512; x_wconf 86' lang='lat' dir='ltr'><strong>et</strong></span> <span class='ocrx_word' id='word_1_319' title='bbox 1503 4445 1600 4510; x_wconf 74' lang='lat' dir='ltr'><strong>dees</strong></span> 
     </span>
     <span class='ocr_line' id='line_1_37' title="bbox 134 4547 1559 4641; baseline -0.006 -25"><span class='ocrx_word' id='word_1_320' title='bbox 134 4575 232 4640; x_wconf 87' lang='lat' dir='ltr'><strong>super</strong></span> <span class='ocrx_word' id='word_1_321' title='bbox 266 4550 543 4638; x_wconf 90' lang='lat' dir='ltr'><strong>dispensationem</strong></span> <span class='ocrx_word' id='word_1_322' title='bbox 574 4562 703 4641; x_wconf 90' lang='lat' dir='ltr'><strong>petere,</strong></span> <span class='ocrx_word' id='word_1_323' title='bbox 737 4560 773 4616; x_wconf 90' lang='lat' dir='ltr'><strong>ut</strong></span> <span class='ocrx_word' id='word_1_324' title='bbox 800 4550 977 4616; x_wconf 89' lang='lat' dir='ltr'><strong>secundum</strong></span> <span class='ocrx_word' id='word_1_325' title='bbox 1005 4549 1242 4616; x_wconf 88' lang='lat' dir='ltr'><strong>multitudinem</strong></span> <span class='ocrx_word' id='word_1_326' title='bbox 1273 4557 1329 4615; x_wconf 88' lang='lat' dir='ltr'><strong>aut</strong></span> <span class='ocrx_word' id='word_1_327' title='bbox 1362 4547 1559 4635; x_wconf 82' lang='lat' dir='ltr'><strong>paucitatem</strong></span> 
     </span>
     <span class='ocr_line' id='line_1_38' title="bbox 133 4641 1559 4739; baseline -0.009 -21"><span class='ocrx_word' id='word_1_328' title='bbox 133 4651 409 4739; x_wconf 82' lang='lat' dir='ltr'><strong>negligenciamm</strong></span> <span class='ocrx_word' id='word_1_329' title='bbox 430 4661 462 4718; x_wconf 92' lang='lat' dir='ltr'><strong>et</strong></span> <span class='ocrx_word' id='word_1_330' title='bbox 481 4651 663 4717; x_wconf 84' lang='lat' dir='ltr'><strong>defectuum</strong></span> <span class='ocrx_word' id='word_1_331' title='bbox 686 4673 724 4716; x_wconf 89' lang='lat' dir='ltr'><strong>ac</strong></span> <span class='ocrx_word' id='word_1_332' title='bbox 745 4673 929 4733; x_wconf 89' lang='lat' dir='ltr'><strong>causarum,</strong></span> <span class='ocrx_word' id='word_1_333' title='bbox 952 4651 979 4715; x_wconf 94' lang='lat' dir='ltr'><strong>si</strong></span> <span class='ocrx_word' id='word_1_334' title='bbox 999 4649 1098 4736; x_wconf 88' lang='lat' dir='ltr'><strong>quas¹</strong></span> <span class='ocrx_word' id='word_1_335' title='bbox 1121 4647 1235 4732; x_wconf 88' lang='lat' dir='ltr'><strong>habet,</strong></span> <span class='ocrx_word' id='word_1_336' title='bbox 1263 4649 1411 4736; x_wconf 86' lang='lat' dir='ltr'><strong>magistri</strong></span> <span class='ocrx_word' id='word_1_337' title='bbox 1440 4641 1559 4708; x_wconf 81' lang='lat' dir='ltr'><strong>delibe-</strong></span> 
     </span>
     <span class='ocr_line' id='line_1_39' title="bbox 133 4748 1557 4838; baseline -0.009 -21"><span class='ocrx_word' id='word_1_338' title='bbox 133 4773 207 4817; x_wconf 87' lang='lat' dir='ltr'><strong>rare</strong></span> <span class='ocrx_word' id='word_1_339' title='bbox 228 4761 260 4816; x_wconf 91' lang='lat' dir='ltr'><strong>et</strong></span> <span class='ocrx_word' id='word_1_340' title='bbox 281 4748 393 4816; x_wconf 90' lang='lat' dir='ltr'><strong>videre</strong></span> <span class='ocrx_word' id='word_1_341' title='bbox 415 4751 552 4838; x_wconf 87' lang='lat' dir='ltr'><strong>possint,</strong></span> <span class='ocrx_word' id='word_1_342' title='bbox 574 4775 615 4817; x_wconf 89' lang='lat' dir='ltr'><strong>an</strong></span> <span class='ocrx_word' id='word_1_343' title='bbox 639 4753 681 4817; x_wconf 92' lang='lat' dir='ltr'><strong>sit</strong></span> <span class='ocrx_word' id='word_1_344' title='bbox 703 4774 812 4818; x_wconf 89' lang='lat' dir='ltr'><strong>secum</strong></span> <span class='ocrx_word' id='word_1_345' title='bbox 833 4751 948 4816; x_wconf 87' lang='lat' dir='ltr'><strong>merito</strong></span> <span class='ocrx_word' id='word_1_346' title='bbox 968 4748 1231 4836; x_wconf 88' lang='lat' dir='ltr'><strong>dispensandum.</strong></span> <span class='ocrx_word' id='word_1_347' title='bbox 1264 4748 1427 4835; x_wconf 88' lang='lat' dir='ltr'><strong>Reputant</strong></span> <span class='ocrx_word' id='word_1_348' title='bbox 1448 4751 1557 4808; x_wconf 87' lang='lat' dir='ltr'><strong>autem</strong></span> 
     </span>
     <span class='ocr_line' id='line_1_40' title="bbox 134 4842 1558 4938; baseline -0.008 -21"><span class='ocrx_word' id='word_1_349' title='bbox 134 4850 293 4938; x_wconf 87' lang='lat' dir='ltr'><strong>magistri,</strong></span> <span class='ocrx_word' id='word_1_350' title='bbox 315 4848 508 4935; x_wconf 88' lang='lat' dir='ltr'><strong>legittimum</strong></span> <span class='ocrx_word' id='word_1_351' title='bbox 530 4851 796 4938; x_wconf 88' lang='lat' dir='ltr'><strong>impedimentum</strong></span> <span class='ocrx_word' id='word_1_352' title='bbox 817 4851 887 4916; x_wconf 86' lang='lat' dir='ltr'><strong>fore</strong></span> <span class='ocrx_word' id='word_1_353' title='bbox 906 4849 1126 4914; x_wconf 88' lang='lat' dir='ltr'><strong>infirmitatem</strong></span> <span class='ocrx_word' id='word_1_354' title='bbox 1148 4856 1205 4914; x_wconf 89' lang='lat' dir='ltr'><strong>aut</strong></span> <span class='ocrx_word' id='word_1_355' title='bbox 1226 4847 1413 4913; x_wconf 89' lang='lat' dir='ltr'><strong>absenciam</strong></span> <span class='ocrx_word' id='word_1_356' title='bbox 1432 4842 1495 4909; x_wconf 90' lang='lat' dir='ltr'><strong>loci</strong></span> <span class='ocrx_word' id='word_1_357' title='bbox 1516 4863 1558 4906; x_wconf 88' lang='lat' dir='ltr'><strong>ex</strong></span> 
     </span>
     <span class='ocr_line' id='line_1_41' title="bbox 137 4945 1600 5040; baseline -0.003 -25"><span class='ocrx_word' id='word_1_358' title='bbox 137 4973 235 5017; x_wconf 77' lang='lat' dir='ltr'><strong>caraea</strong></span> <span class='ocrx_word' id='word_1_359' title='bbox 252 4947 450 5031; x_wconf 87' lang='lat' dir='ltr'><strong>rationabili,</strong></span> <span class='ocrx_word' id='word_1_360' title='bbox 472 4950 524 5016; x_wconf 86' lang='lat' dir='ltr'><strong>vel</strong></span> <span class='ocrx_word' id='word_1_361' title='bbox 546 4949 670 5038; x_wconf 84' lang='lat' dir='ltr'><strong>aliquid</strong></span> <span class='ocrx_word' id='word_1_362' title='bbox 692 4950 780 5016; x_wconf 90' lang='lat' dir='ltr'><strong>aliud</strong></span> <span class='ocrx_word' id='word_1_363' title='bbox 801 4973 861 5040; x_wconf 89' lang='lat' dir='ltr'><strong>per</strong></span> <span class='ocrx_word' id='word_1_364' title='bbox 882 4949 1066 5015; x_wconf 86' lang='lat' dir='ltr'><strong>facultatem</strong></span> <span class='ocrx_word' id='word_1_365' title='bbox 1087 4945 1346 5036; x_wconf 84' lang='lat' dir='ltr'><strong>approbandum.</strong></span> <span class='ocrx_word' id='word_1_366' title='bbox 1565 4951 1600 5010; x_wconf 78' lang='lat' dir='ltr'><strong>to</strong></span> 
     </span>
    </p>
   </div>
   <div class='ocr_carea' id='block_1_9' title="bbox 219 5163 594 5237">
    <p class='ocr_par' dir='ltr' id='par_1_9' title="bbox 219 5163 594 5237">
     <span class='ocr_line' id='line_1_42' title="bbox 219 5163 594 5237; baseline -0.021 -9"><span class='ocrx_word' id='word_1_367' title='bbox 219 5173 241 5228; x_wconf 84' lang='lat' dir='ltr'><strong>l.</strong></span> <span class='ocrx_word' id='word_1_368' title='bbox 259 5163 449 5224; x_wconf 76' lang='lat' dir='ltr'><strong>Geeuhriebeu</strong></span> <span class='ocrx_word' id='word_1_369' title='bbox 465 5165 502 5220; x_wconf 79' lang='lat' dir='ltr'><strong>iu</strong></span> <span class='ocrx_word' id='word_1_370' title='bbox 519 5183 594 5237; x_wconf 77' lang='lat' dir='ltr'><strong>quoa.</strong></span> 
     </span>
    </p>
   </div>
   <div class='ocr_carea' id='block_1_10' title="bbox 0 0 1888 6072">
    <p class='ocr_par' dir='ltr' id='par_1_10' title="bbox 0 0 1888 6072">
     <span class='ocr_line' id='line_1_43' title="bbox 0 0 1888 6072; baseline 0 0"><span class='ocrx_word' id='word_1_371' title='bbox 0 0 1888 6072; x_wconf 95' lang='lat' dir='ltr'><strong> </strong></span> 
     </span>
    </p>
   </div>
  </div>
 </body>
</html>
