3758 6072
346 447 406 514 362
836 445 888 495 Dis
912 444 1132 510 philosophiwhs
1151 443 1279 496 rernm

340 627 396 714 qni
419 624 480 692 sub
509 627 644 714 periurii
671 648 777 714 poena
805 625 928 692 nemini
948 635 1058 692 votum
1099 625 1236 691 alicuius
1268 625 1417 711 magistri
1448 623 1610 708 revelent3
1648 631 1681 688 et
1714 621 1769 688 sub

340 727 454 793 eadem
480 749 587 815 poena
606 728 672 816 ipsi
693 735 890 794 smutatores
922 748 995 792 cum
1016 727 1183 812 magistris
1203 723 1340 812 singulis
1364 723 1406 789 ad
1428 723 1598 790 celandum
1619 746 1679 789 sua
1698 733 1771 789 vota

340 827 404 892 sint
436 828 578 910 astricti3
609 835 641 892 et
677 826 705 892 si
727 827 924 892 conmarium
957 824 998 891 de
1030 825 1138 911 aliquo
1171 833 1336 912 repertum
1371 825 1486 908 fixerit,
1521 825 1564 890 sit
1583 822 1671 889 idem
1691 823 1772 890 ultra
1859 849 1860 858 ¹

340 935 466 993 reatum
493 927 629 1014 periurii
649 949 669 991 a
690 925 825 992 consilio
845 923 1008 991 facultatis
1030 924 1073 990 ad
1092 921 1258 990 biennium
1279 945 1467 1011 suspensus.

297 1035 314 1091 5
424 1033 452 1092 4.
473 1026 555 1092 Item
590 1025 715 1114 placet,
757 1035 794 1092 ut
824 1047 911 1092 nunc
941 1035 974 1091 et
1003 1027 1138 1090 inantea
1172 1032 1277 1090 cesset
1312 1023 1416 1090 omnis
1451 1023 1653 1112 dispensatio
1688 1022 1773 1110 apud

339 1134 476 1212 quatuor
496 1125 747 1215 dispensatores,
767 1135 799 1190 et
821 1125 849 1189 si
870 1124 980 1212 aliqua
997 1125 1082 1190 foret
1097 1124 1294 1205 necessaria,
1318 1121 1394 1188 talis
1416 1122 1460 1188 ad
1480 1132 1583 1189 totum
1606 1122 1773 1189 consilium

339 1225 503 1292 facultatis
532 1224 719 1291 deducatur.
755 1223 800 1289 Et
826 1245 868 1288 ne
889 1245 1052 1311 pauperes
1081 1233 1276 1310 graventur,
1310 1243 1377 1286 non
1402 1223 1581 1310 recipiatur
1603 1223 1647 1289 ab
1670 1222 1773 1310 aliquo

340 1325 426 1392 ultra
447 1325 529 1392 duos
551 1347 693 1412 grossos.

461 1462 517 1522 Am
535 1464 659 1523 Raude:
680 1465 810 1546 preater
833 1457 1022 1544 pecuniam,
1042 1477 1126 1543 quac
1147 1453 1282 1522 debetur
1302 1454 1461 1522 facultati.

304 1604 336 1658 1⁰
426 1599 456 1660 t.
476 1593 576 1674 Item,
612 1601 649 1657 nt
681 1593 871 1658 reverencia
908 1601 943 1657 et
977 1591 1131 1658 honestas
1166 1589 1271 1658 maior
1310 1587 1484 1654 scolarium
1517 1587 1562 1653 ad
1603 1589 1774 1676 magistros
1859 1643 1860 1648 ,

341 1691 515 1774 habeatur,
553 1713 636 1781 quae
670 1692 736 1756 ism
773 1689 909 1756 multum
940 1689 1104 1772 decrevit,
1143 1688 1270 1776 placet,
1310 1687 1399 1776 quod
1431 1686 1538 1754 nullus
1565 1689 1716 1756 mittatur
1735 1687 1774 1754 ad

339 1812 478 1858 examen
498 1792 567 1856 sive
591 1799 800 1878 temptamen,
820 1791 876 1878 qui
895 1791 930 1856 in
948 1789 1008 1854 tali
1027 1788 1135 1854 medio
1157 1809 1259 1873 anno,
1279 1790 1314 1854 in
1335 1810 1399 1876 quo
1421 1789 1609 1875 promoveri
1630 1787 1774 1871 intendit,

341 1891 446 1958 factus
460 1891 522 1956 tuit
535 1890 682 1977 poenalis
701 1892 795 1956 iuxta
813 1899 958 1956 tenorem
979 1889 1106 1977 antiqui
1127 1889 1250 1972 statuti,
1271 1887 1324 1954 vel
1345 1887 1402 1976 qui
1421 1888 1628 1954 meretricem
1649 1887 1774 1975 publice

339 1988 535 2074 introduxit,
556 1999 613 2056 aut
632 1990 730 2078 fregit
750 1991 897 2072 ianuam,
925 1999 983 2055 aut
1005 1989 1040 2054 vi
1061 1989 1198 2054 intravit
1219 1997 1294 2076 post
1312 1985 1462 2076 pulsum,
1490 1987 1544 2054 vel
1562 1989 1621 2073 qui
1649 1986 1775 2054 aliunde

300 2092 373 2157 ltin
394 2089 529 2176 collegio
550 2099 606 2155 aut
625 2088 742 2173 bursa,
763 2087 820 2155 ubi
838 2098 982 2155 moratur
1000 2087 1054 2154 val
1074 2087 1263 2154 morabatur
1277 2091 1306 2172 ¹,
1335 2085 1468 2174 aliquod
1489 2085 1670 2174 dampnum
1693 2109 1773 2154 com

341 2191 490 2256 munitati
511 2188 630 2254 intulit.
669 2188 713 2254 Et
743 2189 878 2279 quilibet
899 2190 1129 2276 magistrorum
1150 2196 1182 2252 et
1200 2189 1377 2275 praecipue
1397 2187 1463 2268 isti,
1484 2185 1603 2273 quibus
1630 2195 1775 2252 constant

338 2311 444 2356 mores
477 2297 509 2354 et
544 2290 805 2356 conversationes
834 2289 982 2376 ipsorum
1016 2285 1327 2375 promovendorum,
1361 2293 1488 2352 tenetur
1525 2286 1595 2352 sive
1629 2295 1775 2352 tenentur

339 2389 420 2455 tales
442 2386 502 2454 sub
524 2389 591 2454 arus
611 2389 802 2454 iuramentis
823 2387 947 2454 decano
967 2385 1173 2452 denunciare.

425 2525 655 2605 Einqcsrtaitet,
676 2523 1119 2603 drotwisderausyestrictea:
1137 2521 1165 2583 si
1182 2516 1324 2584 decanus
1343 2518 1537 2607 requisierit,
1561 2517 1647 2585 alias
1663 2541 1738 2586 non.

300 2637 386 2704 aoEt
405 2637 467 2702 erit
486 2637 562 2703 talia
573 2633 689 2701 modus
703 2634 929 2720 denunciandi,
951 2635 1037 2724 quod
1058 2634 1199 2700 decanus
1222 2632 1264 2699 ad
1285 2631 1369 2699 duos
1394 2632 1463 2699 dies
1485 2643 1561 2700 ante
1578 2636 1775 2722 apertionem

340 2737 500 2802 examinis
533 2737 586 2803 vel
620 2737 854 2823 temptaminis.
870 2758 981 2802 omnes
1016 2731 1256 2822 promovendos
1283 2754 1345 2821 pro
1370 2731 1428 2799 illa
1448 2735 1519 2800 vice
1539 2743 1727 2822 praesentet
1745 2737 1776 2801 in

342 2838 490 2925 scriptis,
512 2843 544 2902 et
566 2835 685 2924 singuli
707 2837 854 2922 magistri
875 2835 919 2901 ad
941 2835 1165 2923 praesenciam
1176 2831 1360 2899 huiusmodi
1387 2833 1687 2922 promovendorum
1708 2857 1776 2902 eon·

342 2943 508 3002 vocentur.
549 2935 594 3000 Et
627 2934 686 3000 sub
720 2935 928 3023 requisitione
960 2935 1045 3002 illius
1081 2935 1192 3000 statuti
1234 2935 1342 3021 quivis
1372 2933 1604 3020 magistrorum
1632 2933 1721 3002 dicat
1741 2935 1776 3001 de

343 3033 579 3102 conditionibus
601 3043 633 3100 et
654 3034 812 3122 regimine
833 3037 978 3122 ipsorum
1001 3031 1312 3122 promovendorum,
1332 3043 1369 3098 ut
1389 3034 1626 3120 praemittitur,
1658 3034 1776 3102 decano

213 3139 219 3156 ⁸
301 3137 381 3200 asin
402 3136 547 3222 privato,
577 3144 610 3201 et
637 3134 778 3204 decanus
798 3137 870 3204 istis
890 3136 938 3202 sic
960 3134 1163 3201 denuncietis
1185 3133 1281 3216 dicet,
1302 3141 1338 3198 ut
1359 3132 1447 3199 nullo
1468 3131 1565 3199 modo
1589 3157 1625 3199 se
1647 3134 1774 3201 submit·

342 3245 413 3302 tant
434 3237 577 3302 examini
599 3235 657 3302 ssd
678 3237 780 3302 vitam
802 3257 910 3319 suam,
948 3234 1063 3302 melius
1090 3255 1126 3300 se
1156 3230 1318 3320 regendo,
1349 3231 1538 3316 emendent,
1575 3232 1721 3322 alioquin
1744 3236 1775 3300 in

347 3343 516 3423 posterum
536 3358 601 3402 nou
622 3334 841 3403 admittentur.

424 3439 452 3504 6.
472 3435 555 3502 Item
576 3435 693 3523 placet,
712 3446 749 3502 ut
761 3436 869 3503 nullae
890 3435 970 3501 liant
991 3455 1157 3521 expensae
1176 3455 1197 3498 a
1227 3429 1459 3520 promovendis
1482 3440 1556 3496 ante
1578 3434 1777 3519 apertionem

342 3537 503 3604 examinis
527 3537 596 3601 sive
617 3537 838 3624 temptaminis
860 3557 920 3623 per
940 3536 1167 3601 invitationem
1184 3533 1419 3619 magistrorum
1438 3541 1472 3596 et
1492 3529 1642 3615 aliorum,
1665 3532 1779 3616 sedai

299 3635 508 3723 toplacuarit
530 3645 683 3722 poterunt
702 3635 817 3702 stando
832 3635 1020 3702 conventori
1038 3655 1111 3698 curn
1135 3631 1321 3700 borealibus
1342 3632 1409 3696 suis
1430 3651 1529 3696 unam
1550 3653 1778 3718 scopamcere·

340 3737 444 3802 visiae
455 3735 632 3822 propinare
643 3755 703 3821 pro
716 3733 913 3801 conductore
923 3731 969 3822 (i)
984 3743 1016 3798 et
1024 3755 1089 3799 non
1100 3733 1195 3816 ultra,
1218 3732 1278 3798 sub
1300 3752 1406 3819 poena
1425 3731 1519 3796 unius
1537 3729 1666 3814 floreni,
1687 3754 1779 3819 quarn

342 3855 482 3922 poenam
493 3832 630 3921 quilibet
648 3834 882 3901 contrafacicna
903 3834 1027 3900 tociens
1049 3835 1212 3920 quociens,
1234 3854 1293 3920 per
1314 3853 1350 3897 se
1368 3837 1424 3895 aut
1445 3828 1637 3918 paralium,
1661 3831 1778 3898 directe

343 3943 400 4000 ant
430 3932 587 3998 indirecte
621 3941 654 3999 et
687 3934 801 4022 quovis
835 3931 900 3999 alio
934 3934 1044 4016 modo,
1084 3936 1229 4000 incurret
1260 3934 1333 4020 ipso
1363 3931 1459 3997 facto.
1505 3928 1613 4012 Quam
1646 3953 1779 4019 poenam

343 4032 486 4099 decanus
508 4041 634 4100 tenetur
663 4032 706 4099 ab
733 4034 806 4121 ipso
836 4043 1049 4121 extorquere,
1083 4034 1191 4121 ipsum
1213 4031 1273 4099 sub
1295 4053 1353 4098 suo
1370 4033 1560 4112 ¹iuramento
1589 4029 1779 4118 inquirendo

302 4141 421 4199 atante
442 4133 660 4220 inceptionem
680 4133 841 4200 examinis
863 4134 932 4199 sive
953 4135 1190 4222 temptaminis,
1213 4141 1245 4198 et
1264 4131 1327 4198 sibi
1348 4130 1485 4198 eandem
1506 4129 1689 4196 inbursare.

425 4236 453 4299 7.
476 4232 560 4298 Item
591 4232 713 4321 placet,
749 4243 784 4300 ut
815 4233 921 4300 nullus
954 4232 1248 4321 promovendorum
1281 4229 1323 4298 de
1357 4239 1464 4296 cetero
1497 4228 1643 4318 aliquam
1684 4229 1779 4296 faciat

343 4331 517 4421 propinem
541 4333 622 4420 ipsis
651 4333 928 4400 examinatoribus
958 4332 1018 4399 snb
1047 4334 1198 4398 examine
1226 4340 1282 4397 aut
1308 4329 1538 4418 temptamina,
1574 4329 1708 4396 divisim
1729 4339 1780 4396 aut

344 4431 553 4514 coniunctim,
587 4455 646 4520 per
680 4456 716 4499 se
736 4441 795 4499 aut
824 4433 1019 4520 paralium,
1054 4443 1111 4498 aut
1143 4431 1242 4498 alicui
1270 4430 1505 4517 magistrorum
1525 4440 1583 4495 aut
1607 4429 1774 4497 doctorum

346 4532 460 4620 gracia
480 4529 576 4612 illius,
597 4540 634 4595 ut
653 4533 759 4619 ipsum
779 4541 961 4620 promotum
990 4531 1132 4598 habeant
1152 4530 1213 4597 sub
1235 4531 1384 4596 examine
1404 4537 1462 4594 aut
1482 4531 1704 4616 temptamina,
1723 4525 1778 4594 sub

304 4641 453 4721 topoena
474 4630 617 4718 periurii

430 4736 460 4801 8.
480 4729 563 4795 Item
584 4728 706 4815 placet,
741 4739 777 4797 ut
805 4732 1045 4798 examinatores
1074 4752 1160 4797 nunc
1181 4731 1269 4796 etin
1296 4737 1465 4816 posterum
1486 4725 1650 4815 allgantur
1672 4750 1777 4795 secun·

345 4831 422 4898 dum
451 4839 580 4896 sortem.
628 4827 667 4894 In
698 4853 762 4919 qua
793 4841 879 4898 sorte
912 4831 1032 4918 singuli
1060 4831 1210 4918 magistri
1242 4828 1284 4896 de
1313 4825 1483 4912 facultate,
1503 4827 1538 4892 in
1572 4831 1779 4896 universitate

345 4930 534 5014 residentes,
557 4938 643 4995 stare
663 4938 820 4999 tenentur.

373 5137 384 5186 1
404 5131 546 5188 Hieneben
564 5147 609 5186 arn
626 5129 736 5186 Raude:
752 5129 891 5201 disponat
900 5127 1040 5200 suasum,
1056 5129 1133 5200 quod
1146 5127 1268 5188 usam
1284 5127 1315 5182 ris
1332 5125 1424 5183 tarsis
1441 5124 1616 5198 approbatis.
