3794 6066
345 469 401 536 132
810 467 865 520 Des
885 471 1019 522 lebannes
1035 467 1114 522 Fabri
1132 473 1166 520 de
1182 469 1296 524 werden

340 653 416 718 binc
441 674 543 737 usque
572 649 616 717 ad
645 651 763 716 festum
793 651 897 716 sancti
928 649 1062 738 Georgii
1093 650 1160 728 (vel
1181 649 1283 731 Galli)
1305 652 1456 738 proxime
1478 650 1668 734 affuturum,
1696 659 1768 718 eta

341 751 426 816 datis
449 751 674 838 praesentibus
696 749 965 836 computandum,
991 749 1093 816 libere
1117 759 1204 816 stare
1224 751 1294 814 sive
1313 751 1436 815 morari
1456 749 1575 814 valeat.
1615 751 1654 816 In
1675 753 1767 816 cuius

339 853 388 916 rei
421 849 519 915 fidem
550 859 583 914 et
609 851 826 914 testimonium
852 851 956 914 nostri
981 859 1161 915 rectoratus
1191 848 1332 936 sigillum
1360 850 1526 936 praesenti
1551 851 1768 935 recognitioni

341 949 636 1036 subimpressimus.
677 947 786 1013 Datae
808 969 893 1012 anno
916 947 1039 1014 domini
1060 951 1142 1014 etc.¹
1211 963 1217 976 ¹

314 1127 330 1180 5
426 1123 491 1183 100.
523 1131 643 1180 rosus
662 1130 801 1178 a1arrnr1
821 1131 868 1177 na
889 1130 1043 1178 ormano
1064 1131 1221 1191 slennu
1241 1129 1371 1178 vinoun
1393 1129 1674 1180 corsnnvsronn

913 1229 1185 1278 umvnasmarrs.

420 1330 487 1396 Nos
507 1329 554 1395 .N.
575 1337 635 1394 etc.
656 1338 763 1394 rector
784 1338 894 1393 tenore
915 1328 1135 1414 praesentium
1165 1326 1296 1415 publice
1323 1329 1587 1413 recognoscimus
1614 1329 1767 1417 proliten-

338 1440 402 1511 tes,
424 1429 600 1494 discretum
621 1427 688 1509 (vel
709 1425 946 1506 honorabilem)
968 1426 1016 1492 .N.
1039 1426 1147 1492 dictae
1166 1437 1298 1493 nostrae
1317 1428 1540 1492 universitatis
1561 1431 1767 1516 suppositum

337 1538 369 1594 et
389 1528 571 1593 membrum
591 1549 663 1591 esse
684 1526 859 1592 admodum
879 1534 1026 1611 gratum,
1058 1528 1109 1590 cui
1131 1527 1166 1590 in
1187 1547 1286 1592 eausa
1307 1525 1371 1603 (vel
1394 1527 1532 1608 causis),
1556 1524 1643 1614 [48⁸]
1667 1550 1767 1612 quam

298 1637 330 1692 10
340 1626 404 1704 (vel
426 1633 519 1714 quas)
546 1647 677 1690 movere
706 1625 846 1692 intendit
866 1634 980 1689 contra
1002 1633 1034 1688 et
1054 1624 1211 1690 adversus
1233 1625 1282 1688 .N.
1304 1626 1338 1688 in
1358 1624 1481 1712 oppido
1504 1625 1552 1690 .N.
1574 1637 1766 1710 morantem,

337 1748 493 1812 praesens
520 1726 682 1810 signemm
709 1724 912 1789 decrevimus
939 1723 1190 1808 assignandum,
1220 1722 1264 1788 ad
1290 1723 1389 1788 aliam
1415 1725 1489 1800 (seu
1510 1723 1608 1805 alias)
1631 1747 1765 1791 causam

337 1824 401 1902 (vel
429 1829 557 1900 causas)
585 1823 725 1888 minime
746 1822 930 1887 valiturum.
973 1823 1012 1888 In
1042 1823 1133 1888 cuius
1159 1825 1207 1888 rei
1235 1821 1334 1886 fidem
1363 1833 1395 1887 et
1422 1824 1642 1888 testimonium
1664 1827 1767 1890 nostri

337 1932 519 1988 rectoratus
540 1921 681 2008 sigillum
701 1919 927 2009 praesentibus
950 1921 1245 2008 subimpressimus.
1281 1919 1390 1986 Datae
1411 1944 1496 1986 anno
1520 1922 1643 1987 domini
1666 1935 1728 1988 etc.

423 2095 491 2154 101.
524 2104 627 2153 coru
648 2105 880 2169 sparsurum,
910 2102 1049 2151 coarat
1070 2104 1237 2151 mansu
1258 2104 1406 2152 sarsana
1427 2105 1475 2152 nn
1496 2106 1682 2153 werrarum.

298 2197 329 2252 15
420 2205 666 2252 snvnassmnn
693 2203 819 2252 nomm
842 2201 1002 2250 serscorr
1021 2201 1328 2251 unssannsnnnsrs
1349 2203 1394 2250 nr
1417 2204 1683 2252 umvnnsrrs‘rrs

556 2305 593 2352 m
614 2304 704 2352 nnus
727 2303 795 2349 ran
816 2300 1014 2349 anemonas
1036 2300 1151 2348 nomn
1173 2303 1294 2349 aaran.
1339 2303 1433 2350 anno
1459 2291 1545 2351 1495.

421 2402 543 2468 Christi
570 2405 699 2467 nomine
723 2402 890 2481 invocato,
919 2421 979 2485 pro
1006 2398 1162 2464 tribunali
1189 2400 1338 2465 sedentes
1366 2411 1399 2464 et
1427 2399 1529 2466 solum
1561 2399 1660 2466 deum
1686 2424 1766 2488 prae

337 2501 439 2567 oeulis
460 2501 633 2582 habentes,
662 2523 721 2587 per
743 2500 827 2564 hanc
848 2507 993 2562 nostram
1015 2497 1221 2563 diffinitivam
1245 2503 1454 2582 sententiam,
1482 2500 1642 2586 quamde
1664 2501 1765 2566 domi·

337 2624 453 2666 norum
482 2599 706 2664 coauditorum
736 2610 921 2664 nostrorum
947 2597 1081 2662 consilio
1104 2608 1136 2662 et
1154 2619 1290 2662 assensu
1309 2599 1459 2682 ferimus,
1491 2599 1526 2662 in
1547 2599 1610 2664 biis
1633 2602 1765 2687 scriptis

295 2699 599 2788 20pronuntiamus,
629 2696 830 2761 decernimus
859 2706 890 2760 et
919 2694 1138 2760 declaramus:
1168 2697 1202 2760 in
1231 2720 1330 2762 causa
1350 2721 1407 2764 seu
1429 2701 1537 2763 causis
1558 2699 1644 2764 inter
1667 2721 1765 2786 quen·

338 2797 413 2862 dam
439 2797 606 2862 Andream
631 2796 787 2860 Frisaner
815 2794 856 2859 de
877 2793 1064 2877 Wunsidel,
1091 2805 1252 2860 assertum
1277 2796 1447 2879 clericum,
1475 2809 1617 2864 actorem
1639 2821 1683 2863 ex
1701 2821 1766 2863 nna

338 2907 370 2962 et
395 2895 610 2961 reverendum
636 2904 763 2983 patrem
790 2892 955 2959 dominum
977 2893 1134 2978 Tilonem,
1164 2897 1352 2982 episcopum
1373 2895 1694 2983 Merseburgensem,
1726 2897 1766 2962 de

338 3008 370 3063 et
399 3020 495 3084 super
517 3005 691 3084 praetensa
711 2994 984 3074 incarceratione,
1012 2994 1190 3058 sententiae
1215 2995 1364 3060 canonis:
1395 2999 1430 3056 Si
1457 2999 1523 3076 qais
1547 3002 1694 3058 madente
1719 2997 1765 3060 in-

337 3120 449 3179 cursu,
471 3096 617 3178 iniuriis,
639 3093 767 3158 damnis
790 3104 822 3158 et
842 3093 996 3178 expensis
1016 3091 1178 3180 rebusque
1200 3093 1289 3176 aliis,
1313 3096 1348 3158 in
1369 3096 1450 3158 actis
1471 3116 1589 3160 causae
1612 3119 1671 3160 seu
1692 3119 1764 3161 cau·

296 3206 451 3262 25sarum
469 3193 655 3261 huiusmodi
678 3193 855 3278 expressis,
878 3201 910 3254 et
929 3189 1057 3256 illorum
1082 3194 1251 3258 occasione
1274 3189 1359 3278 [48¹³]
1382 3215 1482 3273 reum,
1503 3216 1544 3259 ex
1565 3194 1671 3262 altera
1692 3219 1764 3283 par-

336 3295 439 3380 tibus,
466 3317 576 3360 coram
603 3291 698 3358 nobis
723 3295 757 3356 in
777 3292 885 3378 prima
904 3291 1062 3356 instantia
1082 3291 1299 3374 vertentibus,
1317 3281 1606 3378 molestationem,
1638 3305 1760 3382 pertur-

336 3395 514 3477 bationem,
545 3395 752 3458 vexationem
785 3400 816 3454 et
846 3389 1091 3476 impedimenta,
1128 3391 1276 3476 praefato
1310 3392 1438 3458 domino
1470 3393 1579 3458 Tiloni
1608 3395 1762 3480 episcopo

335 3519 394 3583 per
424 3491 547 3558 dietum
573 3490 739 3558 Andream
766 3499 908 3554 actorem
933 3489 1036 3554 factas
1063 3499 1094 3554 et
1123 3491 1314 3576 praestitas,
1348 3492 1501 3580 factaque
1533 3505 1565 3556 et
1594 3495 1762 3580 praestita,

335 3595 435 3659 fuisse
458 3602 489 3658 et
510 3615 582 3658 esse
603 3591 805 3669 temerarias,
830 3587 969 3669 illicitas,
998 3589 1135 3672 iniquas,
1155 3589 1319 3656 indebitas
1342 3600 1374 3656 et
1394 3591 1549 3675 iniustas,
1572 3595 1762 3658 temeraria·

293 3703 408 3781 30que,
427 3691 552 3772 illicita,
571 3692 693 3776 iniqua,
714 3686 860 3752 indebita
891 3696 922 3751 et
953 3688 1088 3770 iniusta,
1120 3709 1159 3752 ac
1186 3687 1227 3754 de
1254 3690 1340 3755 facto
1367 3701 1596 3778 praesumptas
1618 3702 1651 3756 et
1672 3714 1761 3779 prae

335 3799 480 3876 sumpta,
508 3789 659 3874 dictoque
687 3785 841 3852 Andreae
873 3784 1061 3851 adversario
1090 3785 1162 3852 illas
1189 3799 1221 3853 et
1246 3787 1304 3854 illa
1332 3789 1441 3855 facere
1467 3792 1601 3856 minime
1632 3791 1762 3858 licuisse

334 3913 439 3979 neque
458 3888 574 3971 licere,
601 3910 641 3952 ac
665 3886 771 3952 eidem
793 3883 944 3948 Andreae
965 3908 1061 3972 super
1083 3885 1146 3950 illis
1169 3909 1207 3952 ae
1229 3898 1403 3974 praetensa
1423 3891 1698 3974 incarceratione,
1718 3891 1761 3954 in-

335 4013 433 4056 cursu
453 4009 609 4054 censurae
637 3997 668 4051 et
690 3985 819 4050 iniuriis
840 3981 975 4068 aliisque
997 3987 1174 4071 praetactis
1194 3998 1388 4074 perpetuum
1410 3987 1572 4054 silentium
1594 3991 1760 4078 imponen-

335 4089 413 4156 dum
442 4087 512 4153 sore
544 4097 576 4152 et
607 4087 824 4172 imponimus,
856 4105 894 4147 ac
926 4082 1062 4148 eundem
1098 4083 1246 4150 Tilonenr
1276 4089 1464 4174 episcopum
1491 4088 1534 4152 ab
1561 4091 1761 4176 impetitione

293 4197 326 4254 35
337 4187 416 4254 dicti
441 4185 594 4252 Andreae
622 4182 858 4251 absolvendum
885 4181 954 4246 fore
981 4193 1012 4246 et
1039 4181 1253 4269 absolvimus,
1280 4187 1450 4273 ipsumque
1479 4199 1624 4253 actorem
1651 4191 1687 4253 in
1709 4212 1761 4254 ex·

334 4309 464 4377 pensas,
485 4287 519 4352 in
540 4309 639 4351 cansa
659 4281 843 4351 huiusmodi
863 4303 923 4368 pro
944 4291 1038 4368 parte
1060 4282 1140 4347 dicti
1158 4282 1282 4350 domini
1302 4284 1427 4350 Tilonis
1449 4289 1598 4375 episcopi
1619 4288 1762 4376 legitime

336 4389 450 4469 factas,
473 4383 754 4453 condemnandum
775 4383 844 4447 fore
865 4391 897 4446 et
919 4380 1179 4448 condemnamus.
1224 4383 1370 4464 Quarum
1392 4386 1522 4470 quidem
1544 4409 1761 4475 expensarum

335 4487 536 4553 taxationem
556 4485 652 4550 nobis
676 4486 709 4549 in
731 4492 897 4571 posterum
919 4503 1133 4546 reservamus.

667 4584 719 4649 Ita
742 4581 955 4668 pronunciavi
976 4601 1037 4665 ego
1061 4577 1253 4646 Grrillelmus
1275 4582 1316 4648 de
1337 4584 1496 4650 Perreriis
1517 4584 1656 4652 auditor.

292 4697 327 4754 40
992 4677 1088 4742 Anno
1107 4677 1229 4744 domini
1253 4687 1341 4750 1495.

403 4889 413 4938 t
434 4883 489 4936 Am
508 4881 605 4937 Raude
628 4880 665 4934 ist
682 4896 737 4933 von
756 4881 879 4947 spdterer
896 4874 981 4929 Hand
999 4874 1052 4928 anf
1065 4873 1116 4928 das
1135 4875 1251 4947 Copiola
1269 4879 1403 4948 Mapanrn
1413 4881 1474 4950 sol.
1495 4885 1526 4936 ιο
1535 4884 1601 4951 sac,
1616 4901 1635 4936 a
1654 4881 1762 4938 venie.

335 4985 396 5036 sen,
419 4985 461 5021 wo
488 4967 577 5020 dieses
598 4963 745 5018 Permular
770 4977 819 5014 ans
836 4961 886 5015 der
904 4957 1035 5014 Matrikel
1053 4957 1099 5012 A⁰
1119 4958 1336 5030 abgeschrieben
1354 4963 1406 5032 ist3
1429 4963 1556 5019 deneben
1579 4965 1616 5020 ist
1633 4983 1686 5022 ron
1701 4965 1762 5020 der-

335 5052 428 5106 selben
445 5049 528 5104 Hand
550 5048 601 5102 das
619 5047 725 5102 Datum
742 5063 815 5099 cano
836 5049 908 5100 1441.
931 5047 960 5098 18
977 5043 1056 5096 Mati
1074 5043 1182 5098 nofiert
1218 5045 1282 5114 vgl.
1302 5046 1437 5102 Urlmndl
1457 5047 1574 5112 Quellen
1593 5067 1644 5104 mr
1660 5047 1763 5106 (Μὴ,

335 5136 362 5190 d.
380 5135 461 5192 Univ,
479 5133 612 5204 Leipzig,
631 5130 658 5186 S.
678 5135 741 5198 alt,
759 5127 824 5184 Nro.
842 5135 865 5183 l.
