3748 6070
617 442 668 496 Dia
685 442 802 495 aaaron
821 456 874 492 von
895 437 1067 494 stoa-1⁴45.
1498 431 1558 499 315

131 626 211 695 loco
235 649 293 694 suo
316 623 481 693 ordinarie
501 635 576 714 post
595 627 835 714 promocionem
858 647 949 692 suam
971 623 1014 690 ad
1035 624 1141 690 miuus
1163 619 1205 685 ad
1227 619 1337 684 decem
1359 637 1470 695 annos,
1500 612 1560 680 sub

132 749 247 814 poena
275 727 472 815 privacionis
499 725 563 792 loci
589 727 624 792 in
652 725 747 792 scolis
773 737 805 791 et
833 724 1030 814 quibuslibet
1055 722 1127 788 aliis
1156 719 1290 786 actibus.
1334 716 1438 798 Quem
1460 715 1563 781 eciam

133 825 282 892 decanus
309 848 369 914 pro
397 836 543 914 tempore
570 827 712 892 existens
741 825 901 891 tenebitur
929 823 1087 912 repellere
1113 820 1153 886 de
1181 818 1277 885 scolis
1305 840 1363 905 per
1391 815 1562 880 nunccium

131 925 370 1008 universitatis,
392 927 456 990 nisi
477 926 628 991 fueritin
649 924 716 990 alia
735 925 890 990 facultate
913 936 1085 1012 promotus.

221 1031 251 1089 7.
280 1025 361 1090 Item
390 1024 526 1113 quilibet
553 1025 780 1105 admittendus,
811 1026 867 1114 qui
898 1025 1061 1088 annuatim
1090 1019 1175 1085 ultra
1203 1018 1305 1082 XXX
1334 1017 1475 1082 florenos
1504 1012 1559 1077 hic
1584 1019 1600 1076 6

133 1145 331 1190 consumere
360 1122 472 1206 habet,
502 1133 649 1212 tempore
680 1147 756 1190 suae
784 1124 990 1188 admissionis
1019 1119 1181 1186 tenebitur
1210 1117 1399 1205 promittere
1430 1113 1560 1179 domino

131 1223 272 1305 decano,
294 1233 330 1288 ut
350 1223 437 1288 infra
457 1223 599 1289 medium
618 1247 737 1289 annum
753 1223 832 1289 velit
852 1222 915 1288 sibi
937 1223 1102 1309 proprium
1125 1217 1270 1284 habitum
1292 1236 1478 1303 procurare,
1501 1211 1560 1276 sub

131 1345 246 1410 poena
265 1321 299 1388 X
318 1345 516 1409 grossorum,
545 1345 626 1409 quos
647 1323 788 1388 decanus
815 1321 977 1388 tenebitur
1005 1341 1078 1387 cum
1106 1319 1221 1384 effectu
1248 1317 1290 1382 ab
1319 1337 1357 1382 eo
1378 1315 1510 1399 exigere
1532 1323 1563 1376 et

135 1422 274 1488 eosdem
297 1421 359 1488 sibi
380 1444 558 1488 reservare.

526 1545 556 1608 8.
579 1536 640 1626 [Bl.
661 1537 734 1626 532]
756 1557 803 1603 na
826 1552 1020 1603 souocrorm
1042 1553 1182 1601 ruerus.
1573 1536 1604 1592 10

219 1655 302 1720 Item
323 1653 459 1744 quilibet
480 1654 615 1720 audiens
642 1655 817 1721 leccionem
838 1653 890 1719 vel
918 1653 1078 1718 lecciones
1099 1650 1152 1716 vel
1180 1649 1376 1715 exercicium
1403 1645 1564 1712 tenebitur

135 1755 229 1821 infra
250 1754 426 1820 leccionem
446 1764 575 1842 pastum
596 1753 749 1820 leccionis
773 1753 903 1819 realiter
924 1752 1109 1840 persolvere
1123 1749 1175 1816 vel
1196 1747 1277 1815 alias
1298 1747 1453 1832 magistro
1471 1746 1564 1810 satis·

130 1855 246 1920 facere
269 1852 329 1920 sub
350 1877 457 1942 poena
477 1853 578 1942 dupli,
600 1855 784 1920 exercitans
804 1875 883 1918 vero
906 1851 965 1917 sub
987 1875 1091 1939 poena
1113 1849 1201 1938 pleni
1222 1857 1345 1936 pastus,
1367 1855 1402 1909 ut
1424 1867 1444 1910 a
1464 1842 1563 1909 facul-

130 1963 202 2019 tate
228 1964 279 2020 est
300 1961 444 2018 taxatus.

220 2057 250 2119 9.
276 2052 358 2118 Item
379 2051 513 2139 quilibet
544 2055 698 2140 magister
719 2053 804 2118 infra
831 2073 974 2116 mensem
1005 2059 1078 2136 post
1107 2048 1203 2114 finem
1232 2069 1311 2112 suae
1338 2045 1489 2111 leccionis
1510 2041 1564 2108 vel
1576 2051 1606 2106 15

131 2153 292 2218 exercicii
320 2150 482 2217 tenebitur
511 2163 640 2240 pastum
671 2152 823 2218 leccionis
854 2172 927 2214 cum
956 2171 1016 2214 sua
1043 2169 1150 2235 poena
1178 2157 1209 2212 et
1240 2155 1369 2235 pastum
1402 2143 1565 2225 exercicii,

131 2250 229 2318 sicud
250 2273 272 2317 a
290 2250 445 2317 facultate
467 2261 517 2316 est
536 2261 677 2334 taxatus,
698 2253 845 2337 rigorose
859 2250 1000 2334 exigere,
1022 2247 1082 2312 sub
1103 2269 1208 2334 poena
1222 2247 1400 2312 carenciae.
1432 2243 1477 2309 Et
1489 2265 1565 2308 eun·

131 2351 210 2416 dem
232 2359 365 2439 pastum
386 2360 463 2416 tunc
483 2350 618 2416 audiens
639 2351 691 2416 vel
713 2351 896 2415 exercitans
919 2347 1080 2412 tenebitur
1102 2345 1228 2412 solvere
1249 2345 1405 2411 facultati.

221 2458 270 2519 to.
292 2449 375 2515 Item
398 2449 533 2536 quilibet
552 2472 613 2538 pro
635 2459 731 2538 pastu
750 2449 927 2536 praeterito
948 2449 1017 2512 sive
1038 2447 1189 2512 exercicii
1211 2448 1280 2511 sive
1301 2443 1453 2510 leccionis
1476 2452 1563 2507 tene·

130 2548 223 2615 bitur
243 2550 401 2635 magistro
421 2549 610 2616 safisfacere
631 2550 716 2616 infra
738 2549 813 2614 hinc
834 2559 866 2612 et
885 2547 1004 2612 festum
1017 2545 1198 2614 natiuitatis
1212 2543 1343 2628 christi,
1366 2540 1427 2607 sub
1449 2541 1605 2628 poenisto

130 2669 395 2736 praeexpresms.

681 2838 1014 2848 -—-—-—

662 2992 713 3053 2⁴1.
739 3006 819 3054 Vom
837 3006 944 3056 Jabrs
964 3004 1049 3056 1420.

219 3111 280 3202 [Bl.
302 3110 375 3202 53l]
398 3112 466 3181 Sub
489 3137 573 3182 anno
595 3116 716 3184 domiui
738 3116 798 3181 M0.
818 3117 1017 3186 ΟΟΟΟΧΧ0
1039 3116 1176 3182 sabbato
1197 3125 1272 3182 ante
1300 3117 1416 3180 festum
1445 3114 1565 3180 exalta·

133 3215 239 3280 cionis
269 3224 403 3280 sanctae
432 3217 539 3280 crucis
567 3221 663 3294 (1420
685 3223 713 3280 d.
733 3224 762 3282 7.
785 3221 968 3297 September)
995 3218 1029 3281 in
1054 3215 1213 3281 decanatu
1238 3217 1386 3302 magistri
1416 3207 1565 3301 [Nicolai]

130 3312 241 3378 Htitor
272 3310 327 3399 [dc
347 3311 552 3401 Kompnital,
581 3316 668 3380 facta
695 3314 792 3402 plena
820 3317 1075 3402 congregacione
1102 3316 1331 3400 magistrorum
1360 3314 1400 3378 de
1432 3310 1607 3378 oonsiliott

130 3411 310 3494 facultatis,
334 3419 457 3478 statuta
474 3413 684 3500 infrascripta
704 3415 918 3496 concorditer,
939 3413 1026 3479 nullo
1041 3413 1291 3496 contradicente,
1314 3423 1388 3478 sunt
1406 3411 1567 3478 conclusa.

349 3551 374 3611 1.
401 3563 439 3611 m
459 3562 530 3623 ouo
552 3563 646 3613 noco
670 3565 850 3613 caurorum
871 3564 1096 3613 rnrsrorsms
1117 3565 1211 3611 rmm
1231 3564 1359 3611 uranu.

217 3661 376 3743 Primum,
401 3661 575 3747 prandium
602 3663 875 3730 licenciandorum
896 3664 967 3729 fieri
989 3662 1085 3728 debet
1105 3665 1139 3726 in
1159 3661 1268 3751 aliquo
1291 3661 1511 3748 collegiorum,
1534 3670 1566 3725 et

129 3761 264 3826 interim
287 3759 375 3847 quod
398 3759 569 3848 collegium
585 3765 690 3829 minus
710 3775 840 3830 nonest
861 3763 904 3829 ad
924 3762 1064 3851 aliquem
1085 3761 1190 3827 locum
1208 3773 1439 3849 competentem
1461 3770 1564 3824 traus-

129 3859 245 3942 latum,
275 3858 335 3923 fiat
361 3860 396 3924 in
418 3859 554 3947 collegio
577 3865 702 3929 maiori.
742 3864 846 3928 Facta
866 3885 944 3928 vero
965 3861 1148 3927 huiusmodi
1169 3862 1396 3942 translacione,
1424 3859 1609 3924 decanusto

130 3968 294 4048 protunc
316 3960 459 4024 existens
481 3961 582 4026 habet
602 3985 725 4049 ponere
749 3962 792 4026 ad
812 3961 1025 4050 quodcunque
1047 3960 1253 4047 collegiorum
1275 3961 1338 4027 sibi
1360 3959 1476 4049 placet.

308 4095 337 4156 2.
359 4109 396 4157 m
417 4110 488 4170 Quo
507 4111 600 4161 uoco
622 4110 908 4162 CONVOOACIONES
929 4111 1143 4161 rrcmrurrs
1162 4112 1425 4160 ammonemur.

217 4208 301 4274 Item
330 4209 482 4274 examina
511 4211 805 4298 promovendorum
833 4213 867 4275 in
900 4210 1025 4276 artibus
1060 4223 1092 4276 et
1122 4211 1375 4277 convocaciones
1405 4211 1568 4278 facultatis

133 4309 263 4374 arcium
291 4306 371 4372 fiant
397 4310 431 4373 in
461 4311 597 4396 collegio
624 4311 740 4376 maiori
770 4311 804 4376 in
832 4307 928 4374 amba
957 4309 1130 4393 facultatis,
1159 4321 1191 4376 et
1216 4333 1275 4397 pro
1308 4311 1370 4376 isto
1399 4310 1567 4396 collegium

129 4407 240 4473 maius
269 4404 310 4470 de
333 4406 476 4494 quolibet
506 4410 730 4498 promovendo
758 4412 791 4476 in
821 4408 945 4474 artibus
971 4409 1105 4476 habebit
1132 4409 1212 4474 duos
1240 4432 1343 4476 novos
1369 4433 1510 4497 grossos,
1539 4417 1611 4472 etas

131 4509 217 4572 istos
245 4527 295 4592 gr.
318 4504 460 4572 decanus
482 4531 502 4574 a
523 4508 756 4596 promovendis
783 4508 883 4576 habet
904 4505 1065 4594 colligere.

219 4611 248 4674 3.
269 4605 353 4670 Item
377 4607 412 4670 in
436 4617 532 4673 antea
551 4607 658 4672 nullus
679 4609 911 4694 magistrorum
933 4605 1124 4672 admittatur
1145 4606 1188 4671 ad
1210 4607 1379 4674 consilium
1398 4607 1571 4689 facultatis,

129 4706 198 4770 nisi
226 4713 380 4794 quartum
403 4727 523 4771 annum
548 4708 598 4771 sui
618 4709 800 4796 magisterii
822 4707 966 4794 attigerit
992 4716 1024 4774 et
1048 4706 1214 4772 biennium
1242 4707 1452 4794 compleverit
1477 4707 1570 4771 iuxta

129 4814 255 4871 statuta
276 4801 450 4868 facultatis.

215 4912 244 4972 4.
274 4901 356 4967 Item
381 4903 601 4970 inscribantur
622 4903 868 4972 baccalariandi
890 4905 1068 4972 secundum
1089 4905 1245 4990 ordinem,
1273 4927 1368 4994 quem
1389 4903 1509 4968 habent
1532 4903 1608 4970 inco

130 5000 316 5072 maniculo.
332 5003 563 5070 universitatis.
1151 5005 1154 5014 '

214 5111 243 5172 5.
272 5102 355 5168 Item
381 5103 416 5168 in
445 5125 540 5191 yeme
568 5103 649 5168 fiant
678 5103 742 5170 duo
774 5106 941 5189 examina,
970 5127 1070 5171 unum
1096 5101 1394 5192 magistrandorum
1422 5111 1569 5190 tempore
