3748 6070
334 433 396 496 270
832 429 839 444 ·
912 424 969 474 Das
984 423 1185 488 anomaeos.

335 607 488 676 Iohannis
510 603 551 668 de
573 603 690 688 Brega,
718 603 807 668 facta
833 603 931 691 plena
960 605 1211 688 congregatione
1232 603 1461 689 magistrorum
1490 602 1621 691 collegii
1651 603 1765 670 beatae

335 708 473 794 virginis
494 702 555 769 sub
576 701 638 766 hae
659 702 780 767 forma:
811 702 1021 785 „Reverendo
1043 703 1209 788 magister,
1230 702 1302 768 sitis
1322 700 1419 767 hodie
1441 705 1550 768 statim
1572 711 1649 789 post
1670 725 1765 791 pran-

336 807 424 872 dium
453 809 487 868 in
514 800 609 866 stuba
635 801 866 887 magistrorum
893 801 937 867 ad
963 800 1103 866 finaliter
1128 799 1384 868 concludendum
1411 799 1452 866 de
1481 803 1611 867 statutis
1638 801 1766 888 collegii

336 906 380 972 ad
407 903 526 969 librum
556 921 806 986 pergamensem
834 899 1061 982 inscribendis,
1090 901 1174 964 sicut
1199 897 1334 984 diligitis
1356 898 1476 965 bonum
1500 899 1630 986 collegii
1652 909 1685 964 et
1706 900 1765 966 sab

294 1019 310 1072 5
338 1025 444 1092 poena
470 1022 533 1064 non
564 997 838 1064 contradicendi.“
879 998 995 1086 Ibique
1023 999 1086 1064 luit
1114 997 1300 1064 conclusum
1328 997 1532 1064 concorditer
1560 1021 1621 1087 per
1655 1021 1766 1065 omnes

334 1103 510 1188 magistros
533 1106 610 1162 tunc
630 1107 832 1184 praesentes,
853 1096 941 1164 nullo
957 1096 1208 1180 contradicente,
1229 1095 1317 1184 quod
1337 1105 1458 1163 statuta
1473 1097 1662 1186 subscripta
1674 1094 1764 1185 [adt]

334 1221 490 1291 praesens
517 1197 624 1260 iurata
651 1206 683 1260 et
709 1199 806 1261 etiam
827 1218 933 1282 pauca
960 1195 1025 1261 alia
1054 1194 1095 1260 de
1123 1218 1209 1261 novo
1238 1194 1351 1260 addita
1379 1192 1422 1259 ad
1445 1195 1566 1263 librum
1594 1219 1765 1284 pergame

332 1323 428 1368 neum
450 1297 555 1362 forent
576 1293 785 1360 inscribenda
811 1306 844 1360 et
868 1294 909 1360 de
931 1305 1059 1360 coetero
1078 1317 1139 1381 pro
1160 1291 1411 1360 rationabilibus
1437 1305 1470 1361 et
1494 1297 1612 1362 iuratis
1634 1296 1764 1362 statutis

328 1404 521 1467 inconcusse
543 1393 691 1458 tenenda.

292 1511 324 1568 ιο
417 1497 460 1561 t.¹
482 1493 627 1558 Ριίιιιιιιιι
649 1493 745 1576 quod,
774 1495 860 1557 sicut
881 1492 963 1558 alias
986 1491 1045 1557 sub
1072 1515 1156 1557 anno
1178 1491 1359 1558 nativitatis
1380 1491 1503 1558 domini
1527 1500 1606 1562 1423
1636 1493 1763 1560 conclu·

333 1621 403 1664 snm
424 1595 540 1675 fuerat,
570 1593 617 1656 sic
638 1601 671 1656 et
691 1591 787 1658 modo
809 1591 942 1678 placuit,
968 1591 1055 1678 quod
1083 1591 1176 1656 iuxta
1203 1591 1439 1656 ordinationem
1461 1601 1492 1656 et
1518 1592 1764 1679 dispositionem

328 1693 510 1764 fundatoris
532 1714 590 1756 sex
613 1693 678 1755 sint
698 1691 847 1775 magistri
869 1689 1040 1776 collegiati,
1063 1712 1198 1776 qnorum
1214 1691 1354 1776 quinque
1376 1687 1495 1756 debent
1515 1713 1586 1758 esse
1608 1692 1650 1757 de
1673 1688 1747 1778 [20⁸
1751 1687 1762 1777 ]

330 1795 445 1874 Slesia,
476 1800 588 1855 sextus
614 1789 655 1854 de
679 1788 824 1871 Prussia,
854 1791 882 1852 si
908 1788 1022 1854 haberi
1050 1789 1180 1874 poterit,
1209 1789 1258 1854 et'2
1284 1787 1461 1854 decedente
1489 1800 1547 1856 aut
1572 1793 1764 1878 resignante

332 1894 440 1982 aliquo
464 1888 705 1976 praedictorum
728 1886 973 1972 collegiatarum
996 1886 1119 1972 eligant
1145 1886 1231 1951 alii
1223 1910 1256 1950 ιιι
1287 1909 1379 1952 suum
1406 1886 1513 1953 locum
1538 1889 1641 1956 abum
1661 1891 1764 1975 magi·

291 2001 433 2061 roseum
454 1987 631 2054 decadem
652 1987 832 2073 provincia,
863 1985 904 2052 de
931 2007 996 2071 qua
1023 1987 1085 2052 tuit
1112 1985 1272 2050 decedens
1296 1995 1352 2050 aut
1379 1989 1560 2073 resignans,
1593 1991 1622 2053 si
1648 1987 1763 2054 haberi

330 2090 464 2179 poterit,
496 2109 590 2174 quern
619 2085 761 2150 viderint
792 2087 897 2171 magis
929 2085 1089 2150 idoneum.
1134 2083 1178 2148 Et
1213 2095 1340 2149 tenetur
1371 2083 1508 2172 quilibet
1540 2089 1700 2174 magister
1729 2090 1763 2151 in

329 2189 485 2256 electione
514 2185 556 2250 de
588 2186 745 2270 magistro
773 2184 939 2250 nominato
968 2183 1076 2250 dicere
1104 2205 1157 2264 ea,
1191 2205 1274 2269 quae
1307 2182 1371 2248 sibi
1400 2195 1560 2251 constant.
1604 2185 1650 2250 Et
1681 2209 1763 2252 unus

328 2289 484 2374 magister
506 2284 547 2348 de
568 2283 675 2350 Slesia
701 2282 918 2368 praesidebit3
947 2293 979 2346 et
1000 2283 1035 2346 in
1056 2280 1113 2346 tali
1137 2281 1293 2347 electione
1314 2285 1521 2368 praepositus
1544 2283 1676 2371 collegii
1697 2287 1761 2372 pri-

329 2411 416 2454 mam
443 2383 562 2451 babeat
583 2403 706 2462 vocem,
735 2383 789 2466 qui
816 2383 985 2467 promittat
1010 2380 1220 2467 praesidenti,
1248 2391 1282 2445 et
1308 2381 1500 2468 praesidens
1524 2405 1599 2448 cum
1622 2385 1761 2448 coeteris

286 2485 496 2572 lomagistris
525 2484 694 2548 vieevcrsa
723 2481 910 2567 praeposito
938 2501 1034 2544 voces
1066 2480 1294 2564 inagistrorum
1324 2479 1400 2545 hinc
1428 2480 1504 2545 inde
1533 2481 1641 2547 factas
1676 2481 1762 2548 nolle

328 2583 483 2651 revelare.

412 2687 441 2748 2.
472 2681 553 2744 Item
576 2676 714 2765 quilibet
735 2678 900 2762 magister,
922 2676 962 2742 de
986 2700 1070 2743 nevo
1092 2700 1151 2764 par
1173 2676 1361 2742 electionem
1382 2679 1518 2758 intrans,
1543 2677 1667 2744 habeat
1687 2679 1759 2745 ulti·

328 2805 414 2850 mam
436 2800 550 2844 vocem
573 2777 607 2840 in
629 2773 915 2842 convocationibus
938 2787 969 2842 et
990 2776 1169 2842 commodis
1190 2775 1411 2862 acceptandis,
1432 2779 1519 2842 etin
1541 2799 1657 2844 mensa
1676 2780 1762 2844 inter

331 2882 507 2966 magistros
527 2875 674 2940 ultimum
695 2874 817 2956 locum3
840 2886 1043 2962 assumetque
1068 2877 1307 2962 praepositum³
1330 2877 1460 2940 nomine
1479 2878 1713 2962 magistrorum
1729 2889 1762 2942 et

287 2992 389 3069 toper
413 2975 590 3066 quemlibet
616 2975 807 3058 magistrum
830 2973 1052 3057 nominalitcr3
1074 2985 1271 3060 voceturque
1300 2975 1347 3038 sic
1373 2983 1560 3060 assumptus
1580 2974 1684 3042 altero
1705 2977 1761 3042 die

328 3080 370 3146 ad
393 3071 477 3165 [201‘]
499 3095 644 3138 mensam
669 3083 701 3138 et
721 3083 796 3138 ante
816 3095 961 3137 mensam
982 3072 1130 3157 legantur
1152 3075 1181 3138 ei
1203 3081 1323 3138 statuta
1344 3071 1471 3158 collegii
1498 3075 1607 3161 ipsum
1629 3097 1759 3142 concer-

328 3179 438 3244 nentia
459 3185 491 3238 et
517 3173 564 3237 ibi
589 3174 732 3238 fraterne
755 3172 843 3238 dicat
871 3171 934 3236 sibi
959 3173 1167 3258 praepositus
1190 3171 1344 3254 defectam,
1375 3174 1402 3236 si
1432 3174 1486 3260 qui
1512 3174 1594 3238 moti
1624 3175 1760 3239 suntin

328 3278 494 3355 electione,
516 3272 602 3360 quod
624 3271 788 3353 emendet3
811 3269 980 3356 solvatque
1001 3272 1087 3336 intra
1109 3281 1175 3335 tros
1197 3293 1323 3336 menses
1346 3281 1481 3354 tantum,
1504 3283 1661 3358 quantum
1678 3271 1760 3338 sala·

329 3379 412 3444 rium
435 3371 665 3457 collegiaturae
687 3371 729 3436 ad
751 3369 898 3455 spriartale
921 3371 989 3434 eius
1011 3371 1087 3434 anni
1110 3393 1145 3434 sc
1168 3369 1326 3446 extendit,
1352 3370 1393 3434 do
1421 3393 1486 3456 qua
1507 3370 1640 3458 quidem
1662 3394 1758 3459 pecu·

284 3479 392 3558 aonia,
414 3476 441 3538 si
463 3471 634 3552 decedens,
655 3472 689 3535 in
711 3471 802 3534 cuius
823 3468 930 3534 locum
951 3468 1097 3554 eligetur,
1125 3490 1249 3555 pauper
1270 3468 1378 3549 fuerit,
1401 3491 1462 3555 pro
1482 3471 1588 3556 ipsius
1612 3472 1757 3557 exequiis

326 3570 523 3664 peragendis
554 3581 744 3654 exponetur.
788 3570 846 3632 nin
877 3579 1000 3648 autem,
1031 3579 1108 3632 tune
1138 3565 1181 3631 ad
1212 3567 1324 3630 fiscum
1347 3565 1474 3652 collegii
1501 3579 1691 3656 reponatur.
1722 3569 1756 3634 Si

326 3685 433 3741 autem
461 3671 494 3734 in
523 3667 628 3732 locnrn
657 3667 794 3732 alicuius
822 3667 1018 3751 rosignantis
1047 3665 1187 3750 eligitur,
1208 3667 1318 3729 veniat
1341 3665 1499 3731 medietas
1524 3669 1706 3754 resignanti
1726 3679 1755 3733 ct

326 3773 392 3840 alia
419 3767 576 3834 medietas
606 3765 765 3851 proliaco
789 3763 925 3850 collegii.
967 3765 1158 3852 Praeposito
1180 3788 1257 3830 vero
1282 3763 1458 3830 decedente
1480 3777 1539 3832 aut
1559 3770 1753 3853 resignante,

325 3868 483 3936 medietas
505 3863 693 3952 praedictae
714 3865 871 3951 pecuniae
899 3862 961 3928 sibi
984 3863 1035 3928 vel
1063 3865 1130 3928 ruis
1155 3865 1386 3929 commissariis
1415 3865 1519 3948 cedat,
1546 3865 1613 3932 alia
1637 3865 1752 3930 medie

283 3978 392 4037 ablate
414 3968 447 4031 in
469 3965 547 4030 fisco
569 3962 696 4048 collegii
718 3973 912 4028 remanente.
939 3962 1012 4028 Hoc
1033 3985 1145 4028 verum
1167 3963 1208 4027 dc
1229 3962 1303 4044 illis,
1326 3966 1382 4050 qui
1403 3965 1564 4030 intrantes
1586 3963 1752 4051 collegium

326 4065 525 4156 praedictum
555 4063 725 4150 pecuniam
751 4060 896 4126 totaliter
922 4061 1195 4147 effectualiterque
1223 4062 1390 4127 solverunt
1417 4075 1447 4127 ct
1476 4066 1666 4150 praeposito
1692 4084 1752 4150 pro

324 4179 470 4252 tempore
492 4163 668 4228 existente⁴
691 4162 724 4226 in
745 4160 859 4226 fiscum
881 4158 1094 4226 tradiderunt.

323 4331 454 4386 statieren
473 4329 584 4394 bonate,
603 4325 681 4381 nicht
698 4323 773 4394 aber,
797 4323 862 4378 dass
878 4325 953 4381 diosc
970 4325 1037 4381 oder
1051 4327 1117 4396 jane
1134 4325 1263 4382 Statnteo
1285 4324 1426 4382 wbkliebe
1443 4327 1754 4385 Universits'itsstatnten

324 4416 391 4472 oder
406 4413 668 4484 Collegiatstatuten
690 4409 773 4464 scien.
807 4408 862 4464 Am
881 4409 1102 4480 allerwcnigsten
1118 4408 1210 4465 durfte
1227 4409 1256 4464 in
1278 4409 1327 4464 der
1348 4409 1534 4481 angeflihrtcn
1552 4409 1655 4468 Sciniit
1673 4408 1698 4464 S.
1718 4413 1755 4463 1⁴

322 4504 423 4571 gesagt
444 4497 559 4564 werden,
581 4496 627 4550 dic
644 4494 814 4564 Gestaltnng
835 4493 883 4547 des
902 4493 1118 4562 Franeneollsgs
1140 4493 1178 4549 sei
1200 4499 1258 4549 erat
1278 4492 1367 4548 durch
1392 4493 1468 4551 disse
1484 4495 1668 4566 Besta'tigung
1685 4507 1753 4546 anm

321 4581 475 4640 Absehtuss
490 4579 612 4650 gelangt
632 4578 685 4632 Die
702 4580 826 4648 verrigen
844 4595 895 4632 ans
913 4593 1013 4633 nnsan
1032 4577 1162 4633 Statuten
1180 4577 1207 4632 in
1224 4578 1304 4646 jener
1316 4577 1451 4634 Urlnnde
1467 4595 1662 4653 angesogsnan
1678 4573 1755 4630 Stal-

321 4667 367 4722 len
384 4664 446 4720 sind
463 4669 549 4718 unten
567 4661 762 4716 ausdrucklicb
780 4661 950 4732 angegebon.

401 4754 413 4804 1
434 4747 488 4802 Die
504 4745 680 4816 Beaifferung
699 4745 736 4798 ist
753 4764 806 4801 von
824 4745 883 4800 mir.

400 4837 414 4888 2
434 4831 488 4886 Die
505 4829 603 4884 Worte
625 4836 651 4882 et
666 4829 807 4885 deame
828 4829 872 4885 bis
891 4830 1011 4901 priam
1028 4829 1126 4884 lubeat
1142 4845 1234 4884 vocem
1261 4827 1321 4884 sind
1342 4827 1370 4884 in
1391 4829 1442 4884 der
1458 4829 1595 4886 Urlrunde
1611 4843 1664 4882 ron
1681 4829 1756 4880 1465
