3758 6072
371 441 432 507 382
859 442 911 493 Dia
929 440 1292 508 philosophantem&

371 619 489 686 debent
509 618 571 685 duo
593 618 633 685 de
654 620 788 688 consilio
816 621 980 692 facultatis
1011 624 1051 690 de
1078 623 1204 692 duabus
1232 623 1417 692 nationibus
1446 621 1612 714 deputari,
1641 627 1694 715 qui
1721 650 1779 695 uua

371 742 443 785 cum
465 719 587 784 decano
610 717 781 786 sollicitam
802 722 978 789 adhibeant
997 723 1214 811 diligenciam,
1237 735 1273 790 ut
1291 724 1446 792 lectiones
1460 734 1493 790 et
1505 727 1668 793 exercicia
1678 727 1775 793 debite

371 819 451 884 fiant
479 840 604 884 necnon
632 818 697 884 alia
724 820 887 888 facultatis
917 831 1037 889 statuta
1064 835 1232 890 serventur
1261 847 1333 890 eum
1365 823 1497 908 effectu,
1525 824 1587 891 sub
1615 825 1778 892 eonmdem

370 920 567 984 iuramentis.
608 917 679 984 Non
706 929 815 986 tamen
836 931 962 988 tenetur
987 923 1129 988 decanus
1149 925 1400 1013 uniuscuiusque
1428 925 1635 1010 requisicioni
1662 927 1777 1012 aequis

328 1027 344 1082 5
371 1039 495 1182 scere,b
507 1017 569 1081 nisi
590 1027 667 1083 tunc
691 1019 767 1086 talis
789 1043 849 1108 per
877 1032 1067 1089 executores
1090 1033 1146 1089 aut
1171 1033 1309 1113 quatuor
1339 1024 1483 1090 seniores
1504 1023 1668 1091 facultatis
1693 1024 1779 1090 fuerit

369 1139 472 1205 appro
497 1126 559 1182 ata

830 1260 858 1323 3.
886 1273 935 1322 uu
958 1273 1125 1324 suaruurs
1144 1273 1326 1324 nnemnrs.

448 1388 549 1470 Item,
575 1409 616 1453 ne
643 1388 715 1474 quis
739 1389 772 1452 in
801 1397 898 1456 antea
926 1412 986 1476 per
1015 1391 1239 1477 ignoranoiam
1265 1399 1457 1459 statutorum
1484 1389 1594 1480 aliquo
1629 1389 1721 1458 modo
1749 1412 1779 1455 se

335 1481 339 1494 ’
371 1486 480 1553 valeat
500 1508 666 1570 excusare,
689 1486 831 1554 decanus
851 1511 912 1578 pro
933 1499 1079 1578 tempore
1100 1492 1243 1557 existens
1263 1491 1315 1556 bis
1336 1493 1371 1556 in
1390 1490 1552 1558 decanatu
1574 1513 1645 1574 suo,
1666 1488 1778 1555 scilicet

332 1587 407 1651 roin
436 1587 596 1673 principio
623 1597 656 1652 et
681 1589 715 1652 in
743 1587 807 1654 fine
831 1589 918 1654 infra
943 1611 1084 1655 mensem
1091 1639 1101 1672 ,
1138 1599 1260 1655 statuta
1285 1589 1449 1656 facultatis
1476 1591 1616 1674 arcium,
1646 1588 1778 1654 ciusdem

367 1685 530 1751 facultatis
544 1689 713 1773 supposita
722 1689 964 1771 concernencia,
977 1688 1037 1754 sub
1051 1710 1157 1776 poena
1169 1691 1267 1754 trium
1280 1689 1484 1772 florenorum,
1506 1689 1653 1756 facidtati
1666 1689 1777 1754 arcium

365 1784 632 1851 irremissibiliter
661 1785 970 1873 persolvendorum,
1005 1797 1131 1854 tenetur
1150 1789 1318 1875 publicare
1339 1799 1371 1854 et
1392 1789 1602 1854 excedentem
1622 1788 1675 1855 vel
1694 1811 1778 1854 exce

365 1885 476 1950 dentes
498 1894 613 1950 contra
632 1887 706 1972 ipsa
725 1895 854 1970 statuta,
876 1886 999 1972 dequo
1021 1886 1073 1954 vel
1094 1886 1136 1953 de
1158 1887 1273 1976 quibus
1296 1888 1358 1954 sibi
1380 1897 1517 1972 constat,
1540 1887 1601 1954 sub
1624 1911 1681 1954 suo
1696 1890 1774 1952 iura·

366 1993 473 2049 mento
498 1983 629 2050 realiter
651 1985 827 2052 secundum
847 1997 992 2052 tenorem
1020 1995 1212 2053 statutorum
1240 1988 1370 2075 punire;
1399 1989 1433 2053 in
1462 2009 1525 2077 quo
1551 1989 1655 2054 eciam
1683 1985 1774 2053 facul-

328 2092 417 2149 tttas
438 2083 562 2150 arcium
584 2081 647 2150 sibi
669 2085 821 2151 assistere
841 2095 967 2152 tenettn
989 2109 1063 2152 cum
1084 2085 1210 2152 effectu

801 2293 830 2352 4.
851 2303 898 2350 nu
921 2302 1111 2354 concursus
1133 2303 1347 2354 scarensem.

445 2431 526 2498 Item
546 2433 668 2522 placet,
699 2433 784 2520 quod
804 2432 938 2520 quilibet
957 2433 1151 2501 decanorum
1174 2434 1302 2522 singula
1324 2431 1475 2500 conclusa
1502 2439 1535 2497 et
1562 2441 1685 2500 statuta
1709 2455 1776 2500 con·

365 2531 508 2598 scribere
528 2532 706 2616 tenebitur,
732 2532 885 2599 conclusa
907 2532 950 2598 ad
978 2533 1096 2600 librum
1118 2537 1305 2622 papireurn,
1333 2541 1454 2598 statuta
1476 2531 1519 2598 ad
1540 2531 1660 2599 librum
1681 2541 1772 2600 statu

365 2639 471 2697 torum
493 2632 671 2714 facultatis,
694 2630 753 2696 sub
775 2653 832 2697 suo
852 2633 1041 2716 iuramento,
1062 2633 1149 2721 quod
1169 2635 1246 2701 fecit
1266 2632 1423 2700 facultati.

320 2837 354 2894 Ἄ)
819 2837 847 2898 5.
876 2849 923 2896 DE
945 2847 1045 2899 IIODO
1067 2849 1325 2902 coaetaneum.

445 2979 526 3045 Item
552 2981 587 3046 in
614 2980 927 3067 congregacionibus
953 2981 1116 3050 facultatis
1153 2983 1302 3051 concludi
1336 2983 1433 3050 debet
1470 2981 1647 3048 secundum
1676 2981 1774 3070 plura·

364 3077 487 3146 litatem
508 3103 634 3164 vocum,
656 3081 801 3167 exceptis
823 3080 1112 3167 praeiudicialibus
1135 3094 1166 3151 et
1185 3085 1354 3174 graciosie.

435 3287 464 3350 6.
485 3297 628 3360 QUANDO
649 3297 808 3347 Dacsnus
829 3299 993 3348 amous
1014 3299 1241 3368 COMPU'I'ARE,
1263 3303 1309 3350 ΕΤ
1331 3301 1378 3351 ΒΕ
1400 3301 1569 3352 summo
1592 3301 1658 3354 SUO
1679 3303 1721 3351 ΕΤ

870 3399 1020 3448 rucuma
1044 3400 1268 3450 FACULTA'I'IS.

317 3540 351 3597 25
443 3530 524 3596 Item
552 3528 674 3615 placet,
707 3529 795 3617 quod
820 3531 854 3595 in
884 3539 981 3596 antea
1010 3530 1151 3598 decanus
1186 3543 1261 3622 post
1288 3532 1384 3598 finem
1415 3533 1464 3599 sui
1492 3533 1671 3601 decanatus
1698 3533 1774 3598 infra

356 3653 500 3696 mensem
522 3628 582 3696 sub
603 3650 708 3716 poena
729 3630 824 3694 unius
846 3651 1029 3718 sexagenae
1049 3653 1154 3698 novae
1176 3635 1355 3700 successori
1377 3655 1435 3699 suo
1454 3642 1486 3698 et
1507 3633 1774 3722 computatoribus

356 3729 521 3794 facultatis
531 3724 593 3816 [tl]
605 3728 645 3792 de
658 3729 821 3816 perceptis
833 3737 866 3794 et
877 3731 1036 3818 expositis
1058 3753 1130 3796 cum
1152 3733 1266 3799 effectu
1286 3733 1563 3799 faciatrationem.
1582 3733 1629 3799 Et
1651 3733 1775 3822 quilibet

360 3829 501 3894 decanus
531 3826 572 3892 de
602 3827 707 3892 officio
730 3849 786 3894 suo
807 3849 868 3916 pro
888 3825 1055 3896 laboribus
1073 3833 1108 3897 in
1129 3851 1240 3898 xxxv1
1263 3831 1393 3898 florenis
1421 3832 1625 3916 rinensibus,
1658 3853 1772 3921 quosa

357 3925 588 4017 promovendis
614 3928 707 3992 iuxta
731 3937 894 3993 monetam
933 3941 1116 3996 currentem
1144 3932 1321 4020 percipiat,
1354 3933 1398 3997 sit
1421 3941 1600 3998 contentus.
1642 3932 1678 3998 Si
1706 3953 1774 3996 vero

318 4037 472 4116 topastus
492 4025 786 4114 promovendorum
808 4027 850 4092 ad
873 4037 997 4094 tantam
1020 4053 1180 4097 summam
1202 4055 1266 4098 non
1286 4030 1469 4100 extenderit
1480 4055 1525 4116 se,
1546 4031 1688 4098 facultas
1708 4053 1774 4118 sup·

358 4127 447 4215 pleat
464 4149 634 4192 numerum
655 4137 900 4213 praetaxatum
922 4132 950 4194 si
977 4141 1084 4196 autem
1105 4131 1227 4220 aliquid
1248 4133 1419 4220 supererit,
1442 4131 1705 4198 cedatfacultati.
1736 4130 1775 4195 Et

358 4225 670 4314 pecuniafacudtatis
683 4249 886 4314 nequaquam
901 4227 1109 4316 dilapidetur,
1132 4231 1190 4296 sed
1201 4255 1260 4320 pro
1281 4230 1375 4298 libris
1394 4230 1538 4298 emendis
1555 4231 1609 4297 vel
1631 4229 1774 4298 censibus

358 4325 587 4414 comparandis
613 4336 645 4392 et
666 4348 728 4415 pro
755 4330 1008 4396 conservacione
1037 4329 1272 4418 disputacionis
1291 4329 1477 4399 ordinariae
1495 4330 1635 4398 fideliter
1656 4353 1773 4400 conser-

359 4436 462 4493 venir.

313 4569 347 4626 ee
731 4567 760 4628 7.
789 4579 884 4640 quor
904 4579 1047 4628 nassau
1068 4579 1150 4629 usse
1171 4582 1208 4631 ns
1229 4581 1404 4632 cornuue.

437 4711 520 4777 Item
542 4709 659 4800 placet,
682 4710 768 4797 quod
788 4721 914 4778 tanturn
936 4735 996 4778 sex
1016 4735 1175 4800 personae
1195 4715 1259 4780 sint
1279 4715 1313 4780 in
1331 4723 1480 4801 computo
1497 4713 1673 4798 facultatis,
1695 4711 1771 4780 scili·

356 4821 406 4878 cet
428 4833 533 4878 novus
554 4809 697 4875 decanus
718 4819 751 4876 et
770 4812 923 4898 antiquus
944 4821 976 4876 et
997 4811 1038 4876 de
1058 4811 1203 4898 qualibet
1221 4815 1353 4881 natione
1371 4837 1472 4898 nnus,
1493 4815 1543 4880 sie
1562 4825 1671 4880 tamen
1692 4809 1771 4902 quod

356 4933 484 5001 semper
511 4911 614 4978 assint
641 4909 743 4998 aliqui
769 4910 810 4976 de
846 4908 1028 4977 senioribus
1059 4919 1091 4976 et
1118 4913 1262 5000 experti,
1294 4913 1350 4999 qui
1379 4911 1539 4980 calculum
1565 4915 1770 4980 strationem

353 5012 517 5080 faccdtatie
536 5019 704 5092 noverunt,
724 5032 766 5075 ne
787 5033 845 5096 per
867 5011 1143 5098 inexperienciam
1164 5022 1424 5101 computatorem
1445 5035 1572 5083 errores
1591 5013 1771 5102 contingant

311 5119 386 5178 loct
404 5112 543 5178 facultas
563 5110 819 5200 dampnificetur.
