3794 6066
724 419 843 470 Libellus
859 417 1018 470 formulario.
1522 424 1581 486 109

160 604 286 692 pulsnm
306 623 491 690 campanae
511 602 666 689 praetorii
687 623 746 688 pro
769 600 914 666 custodia
925 603 1170 684 circumeuntes,
1191 599 1407 684 irrisionibus,
1427 601 1580 670 inclama·

159 704 316 788 tionibus,
345 701 603 791 proiectionibus
633 709 689 764 aut
716 700 790 766 aliis
815 699 1013 788 quibuslibet
1038 701 1165 766 iniuriis
1188 700 1336 767 molestet
1353 700 1405 765 vel
1427 701 1578 785 offendat,

159 814 212 870 aut
232 803 315 869 alias
340 801 532 870 insolentias
562 801 630 866 sive
663 799 825 886 quaslibet
845 800 1086 869 exorbitancias
1108 801 1253 866 excitare
1272 810 1468 888 praesumat.
1512 801 1579 868 Sub

159 927 262 994 poena
281 903 380 970 tinius
402 923 586 989 sexagenas
607 921 728 982 novae,
754 901 959 966 universitati
979 899 1246 966 irremissibiliter
1270 909 1331 966 eto.

209 1126 257 1188 39.
290 1138 507 1202 mnenon,
528 1137 573 1184 un
594 1135 731 1196 mtoms
753 1134 990 1184 orrounumsn
1010 1137 1077 1184 vnn
1097 1133 1530 1186 numerumnunerum
1590 1129 1607 1186 5

550 1235 721 1285 susorum
741 1233 998 1284 nnrurmoun
1021 1235 1200 1284 muniar.

240 1370 378 1436 Mandat
405 1369 556 1435 omnibus
582 1378 613 1433 et
640 1367 775 1454 singulis
798 1369 989 1456 suppositis,
1019 1391 1175 1455 praesens
1196 1368 1369 1455 collegium
1388 1369 1441 1434 vel
1462 1372 1581 1461 paeda·

160 1474 291 1559 gogium
312 1469 564 1538 immorantibus
586 1469 637 1533 vel
657 1468 738 1534 illud
760 1467 859 1533 studii
881 1490 938 1532 seu
960 1467 1026 1534 alia
1046 1491 1237 1557 quacunque
1251 1491 1350 1534 causa
1363 1471 1582 1557 visitantibus,

160 1581 316 1659 quatenus
343 1569 469 1634 nullum
498 1569 643 1657 ipsorum
664 1571 698 1635 iu
720 1568 939 1656 disputatione
961 1571 1103 1634 serotina
1126 1579 1358 1658 opponentem,
1385 1571 1581 1657 responden-

162 1681 225 1736 tem
244 1669 298 1735 vel
321 1678 499 1756 arguentes
519 1668 772 1756 pulsationibus,
796 1665 1007 1751 clamoribus,
1030 1667 1410 1752 submurmurationibus,
1430 1669 1626 1739 censebo-10

160 1769 349 1853 lotionibus,
379 1769 587 1835 irrisionibus
614 1767 666 1833 vel
696 1767 810 1856 quovis
841 1767 904 1832 alio
926 1765 1021 1835 modo
1042 1767 1175 1834 turbare
1195 1791 1253 1834 seu
1271 1768 1429 1856 impedire
1451 1792 1583 1860 praesu-

162 1880 236 1953 mat,
254 1891 360 1956 neque
382 1867 483 1934 alium
503 1868 555 1933 vel
577 1867 658 1934 alios
683 1866 726 1933 ad
750 1866 854 1932 soleas
877 1867 975 1931 ducat
996 1881 1051 1932 aut
1072 1867 1146 1933 duci
1169 1869 1270 1935 faciat
1289 1869 1341 1934 vel
1364 1870 1411 1937 sic
1432 1869 1585 1938 ducentes

163 1967 404 2060 quomodolibet
425 1966 564 2032 adiuvet.
608 1966 677 2033 Sub
701 1964 786 2055 [19⁸]
811 1988 916 2054 poena
938 1989 1195 2052 ‚egressorum

228 2194 277 2256 40.
310 2202 507 2252 mansion
527 2202 595 2251 PRO
617 2203 714 2252 Missa
737 2201 1000 2250 UNIVERSITA'I'IS
1021 2201 1090 2250 PRO
1113 2203 1259 2253 SALUBRI
1281 2205 1392 2255 STATU
1415 2207 1522 2256 sunm

644 2301 839 2352 PONTIFICIS
862 2300 1098 2352 cohaeserint.
1595 2300 1626 2356 15

243 2435 383 2502 Mandat
407 2435 557 2502 omnibus
584 2446 616 2502 et
644 2434 780 2522 singulis
812 2436 978 2528 magistris
1002 2445 1077 2500 etc:
1109 2445 1268 2523 quatenus
1290 2459 1363 2503 cras
1384 2438 1467 2503 hora
1487 2461 1528 2504 m.
1549 2441 1584 2504 in

163 2539 299 2604 ecelesia
325 2538 430 2602 sancti
457 2537 507 2603 .N.
535 2538 727 2602 conveniant
751 2544 783 2600 et
802 2537 921 2601 missae
941 2537 1176 2620 universitatis,
1204 2547 1342 2625 protunc
1369 2539 1411 2604 ob
1433 2540 1583 2605 exhorta-

163 2641 280 2704 tionem
304 2639 501 2702 sanotissimi
522 2639 557 2701 in
578 2635 707 2704 Christo
729 2635 833 2722 patris
855 2645 886 2700 et
908 2633 1031 2701 domini
1051 2637 1165 2720 nostri,
1186 2635 1308 2703 domini
1327 2639 1449 2722 Innoa,
1472 2639 1584 2705 divina

164 2736 369 2825 providentia
390 2759 495 2823 papae
515 2737 640 2818 octavi,
670 2735 837 2822 praefatae
864 2737 1069 2801 universitati
1089 2737 1215 2801 nunciis
1238 2747 1270 2802 et
1289 2737 1407 2804 liberis
1431 2739 1582 2826 apostoli·

165 2840 210 2902 cis
231 2836 440 2923 singulariter
461 2836 581 2902 factam
603 2845 634 2900 et
656 2835 895 2918 transmissam,
921 2835 964 2900 ad
984 2836 1114 2901 laudem
1136 2845 1168 2902 et
1187 2835 1342 2902 honorem
1363 2841 1466 2903 sancti
1489 2840 1627 2925 spiri-2⁰

164 2947 229 3020 tus,
258 2946 418 3025 qnatenus
446 2935 621 3001 altissimus
643 2934 867 3022 gloriosusque
889 2934 968 3000 deus
988 2946 1244 3023 praememorato
1267 2938 1470 3004 sanctissimo
1491 2961 1584 3026 prae

166 3036 228 3102 suli
262 3035 446 3102 uberiorem
474 3037 614 3122 gratiam
641 3033 684 3100 ad
709 3034 886 3120 regendum
913 3035 1083 3101 ecclesiam
1114 3059 1205 3100 suam
1234 3046 1380 3103 sanctam
1411 3037 1584 3126 benignius

164 3137 336 3224 largiatur,
365 3134 486 3200 ibidem
512 3134 707 3200 sollemniter
734 3133 957 3199 decantandae
987 3145 1019 3200 et
1041 3137 1181 3201 sermoni
1201 3136 1282 3201 inibi
1302 3137 1409 3204 fiendo
1432 3137 1584 3204 decenter

166 3236 325 3302 habituati
352 3238 516 3317 intersint,
546 3234 743 3300 oblationem
769 3234 892 3300 iaciant
918 3235 1143 3319 orationesque
1169 3257 1244 3302 suas
1265 3259 1326 3322 pro
1348 3236 1472 3304 salubri
1491 3261 1585 3325 prae

167 3337 225 3402 isti
251 3337 449 3403 sanctissimi
478 3335 631 3400 antistitis
658 3343 745 3400 statu
773 3343 967 3422 sanctaeque
992 3335 1105 3398 matris
1136 3334 1308 3418 ecclesiae,
1334 3337 1492 3421 pastorali
1513 3341 1625 3404 eiusio

168 3434 242 3500 fidei
264 3433 419 3517 creditae,
440 3433 526 3499 felici
546 3434 744 3498 incremento
765 3431 928 3498 humiliter
952 3443 1049 3522 atque
1072 3432 1180 3499 devoti
1201 3433 1244 3500 ad
1256 3434 1460 3520 altissimum,
1485 3439 1584 3504 omni·

168 3557 220 3600 um
247 3535 407 3602 bonorum
436 3534 598 3617 datorem,
631 3534 818 3620 porrigant,
851 3542 882 3597 et
914 3530 990 3598 inde
1019 3555 1085 3598 non
1112 3533 1268 3601 recedant
1294 3537 1358 3602 nisi
1384 3536 1447 3602 biis
1476 3537 1584 3604 finitis.

169 3633 235 3702 Sub
255 3634 461 3702 obedientiae
482 3655 596 3721 poena.
638 3633 762 3700 Datum
783 3641 964 3700 rectoratus
986 3643 1046 3700 etc.

213 3861 261 3921 41.
294 3867 522 3918 smonrsmo
542 3869 668 3918 nonnul
689 3869 859 3918 secretus
880 3870 949 3920 sno
968 3871 1231 3920 munnnssnuno
1253 3872 1540 3924 rsonunosmoru

561 3970 835 4018 rurvmsomnun
853 3970 1013 4020 antemna
1036 3971 1183 4021 oannem.
1593 3967 1629 4025 ³0

250 4101 311 4192 [Bi.
337 4095 406 4188 19¹³]
438 4101 599 4183 Quoniam
628 4124 669 4166 ex
693 4101 894 4188 indulgentia
921 4113 952 4166 et
978 4107 1187 4170 concessione
1209 4104 1380 4171 reverendi
1400 4107 1434 4172 in
1455 4107 1586 4175 Christo

168 4207 271 4292 patris
300 4211 333 4267 et
359 4200 498 4284 domini,
527 4200 649 4267 domini
671 4201 796 4266 Tilonis
817 4203 963 4290 episcopi
984 4203 1281 4289 Merseburgensis,
1308 4205 1492 4273 antedictae
1517 4211 1586 4274 uni-

169 4305 335 4371 versitatis
365 4300 550 4367 cancellarii
581 4301 671 4366 unici
697 4310 729 4366 et
758 4299 957 4388 dignissimi,
994 4305 1125 4393 quidam
1153 4305 1290 4371 devotus
1296 4356 1306 4389 ,
1341 4317 1435 4394 pater
1464 4309 1588 4376 ordinis

168 4427 336 4472 servorum
358 4411 490 4468 sanotae
508 4400 652 4485 Mariae,
681 4402 811 4467 natione
830 4402 949 4487 Italus,
977 4427 1038 4492 per
1057 4405 1363 4474 reverendissimum
1384 4419 1511 4496 patrem
1532 4433 1586 4498 ge

167 4503 309 4570 neralem
328 4501 469 4591 praefati
490 4499 613 4566 ordinis
635 4523 803 4566 servorum
822 4510 882 4567 etc.
903 4503 938 4568 in
959 4513 990 4570 et
1012 4505 1056 4570 ad
1076 4505 1135 4571 has
1162 4506 1360 4572 Germaniae
1380 4519 1490 4596 partes
1510 4511 1628 4576 mis-3⁵

169 4627 237 4688 sus,
265 4606 300 4670 in
327 4603 390 4669 hac
420 4600 507 4668 alma
534 4602 761 4686 universitate,
788 4605 933 4668 oratione
965 4603 1007 4669 ad
1029 4604 1150 4670 clerum
1171 4607 1380 4694 praehabita,
1408 4609 1588 4697 supradicti

170 4705 292 4770 ordinis
324 4702 498 4790 privilegia
531 4700 739 4788 promulgare
772 4702 917 4768 decrevit
946 4726 985 4768 ac
1013 4703 1197 4792 publicare,
1233 4718 1406 4796 eapropter
1439 4707 1587 4773 hortatum

168 4803 253 4870 idem
274 4803 424 4870 dominus
445 4812 553 4868 rector
575 4803 684 4866 omnia
705 4812 737 4866 et
758 4803 887 4889 singula
908 4805 1130 4870 universitatis
1152 4807 1297 4873 eiusdem
1313 4809 1490 4895 supposita,
1511 4831 1587 4893 qua·

168 4913 260 4970 tenus
282 4903 381 4970 hodie
403 4903 485 4970 hora
506 4925 547 4970 .n.
570 4903 605 4966 in
625 4900 759 4967 lectorio
783 4902 1021 4968 ordinariorum
1042 4904 1298 4992 disputationum
1311 4906 1439 4993 collegii
1453 4907 1501 4972 .N.
1514 4931 1587 4974 con-

169 5006 298 5070 veniant
326 5002 369 5068 ad
397 5001 594 5067 audiendum
624 4999 688 5087 legi
710 5024 748 5066 ac
768 5001 929 5090 publicari
950 5025 1048 5091 saepe
1069 5009 1238 5072 memorati
1260 5006 1383 5072 ordinis
1405 5006 1632 5096 privilegiali)

172 5103 291 5170 Debrm
311 5113 491 5169 rectoratus
515 5113 575 5169 etc.
