3794 6060
520 482 567 530 mit
587 479 854 531 zur-atenstusssn
871 481 911 532 bis
930 495 989 531 anm
1007 481 1090 532 Jahre
1110 487 1183 533 1490.
1529 491 1565 550 51

139 686 179 728 ex
205 661 321 749 aliqua
350 662 436 726 iusta
463 681 564 725 causa
590 659 744 726 recedere
771 661 966 747 oportuerit,
996 661 1162 727 dlmittetis
1189 661 1397 728 fideiussores
1419 664 1565 752 ydoneos

139 783 247 827 coram
269 769 399 826 rectore
419 781 503 825 novo
526 759 578 824 vel
594 760 809 850 consiliariis,
840 761 868 824 si
890 769 997 827 rector
1019 759 1137 826 absens
1157 761 1270 844 fiterit,
1300 763 1355 847 qoi
1374 764 1567 849 promittant

138 883 195 948 pro
217 859 314 925 vobis
338 858 458 924 iudicio
481 859 551 950 sisti
573 869 604 923 et
624 857 804 924 iudicatum
826 857 909 922 solvi
931 858 991 924 sub
1013 861 1170 926 iuratoria
1194 861 1378 926 mucione.“

484 1063 512 1126 6.
542 1075 589 1122 ua
611 1074 725 1124 saona
746 1075 792 1122 ur
815 1073 926 1124 assus
949 1075 1223 1124 umvsaemarts.

220 1207 310 1272 Duo·
323 1215 398 1270 sunt
419 1203 577 1290 eligendi,
609 1206 663 1292 qui
684 1203 826 1269 habeant
847 1203 956 1268 claves
976 1203 1019 1269 ad
1041 1205 1172 1269 archam
1195 1228 1250 1270 seu
1273 1207 1388 1271 cistam
1409 1209 1592 1274 uniuersi-5

138 1309 230 1388 tatis,
259 1316 293 1370 et
323 1313 431 1369 rector
463 1302 595 1367 habebit
618 1305 752 1366 terciam
779 1302 903 1367 clavem
932 1301 975 1366 ad
1003 1301 1155 1385 eandem,
1186 1305 1221 1368 in
1243 1327 1307 1389 qua
1329 1301 1394 1390 [θ’]
1417 1306 1567 1392 sigillum,

140 1405 317 1493 privilegia
341 1413 376 1467 ct
395 1404 554 1490 pecuniae
576 1402 808 1482 universitatis,
831 1404 858 1466 si
879 1423 961 1488 quae
982 1402 1118 1484 fuerint,
1139 1413 1356 1489 reponantur,
1381 1415 1413 1468 et
1433 1405 1480 1470 illi
1503 1405 1568 1470 duo

139 1505 303 1590 eligantur
324 1501 368 1567 ab
390 1501 530 1582 eisdem,
560 1522 580 1564 a
602 1498 720 1587 quibus
742 1499 872 1585 eligitur
893 1509 1015 1582 rector,
1038 1499 1096 1564 snb
1118 1501 1231 1566 eadem
1253 1523 1360 1588 poena
1381 1513 1413 1566 et
1433 1502 1493 1568 sub
1516 1526 1567 1568 eo·

140 1604 213 1668 dem
232 1604 429 1682 iuramento,
454 1609 486 1664 et
507 1600 593 1664 infra
614 1599 750 1664 eandem
767 1598 856 1662 diem
878 1609 953 1662 aute
975 1619 1126 1664 occasum
1145 1598 1222 1664 solis
1234 1609 1383 1664 tenentur
1397 1611 1569 1690 acceptare

141 1701 249 1768 officia
279 1721 350 1765 sua.
392 1699 459 1764 Sed
487 1697 606 1763 debent
633 1719 704 1760 esse
733 1696 773 1761 de
802 1697 941 1762 diversis
966 1697 1174 1780 nacionibus,
1201 1701 1249 1763 sic
1275 1698 1361 1784 quod
1387 1721 1446 1786 per
1466 1723 1565 1766 unum
1577 1712 1609 1768 10

139 1801 281 1865 medium
308 1819 429 1862 annum
458 1798 523 1861 sint
550 1797 591 1861 de
622 1795 748 1861 duabus
775 1793 967 1860 nacionibus
995 1807 1027 1860 et
1053 1817 1113 1883 per
1143 1797 1241 1862 alium
1270 1798 1310 1862 de
1338 1798 1412 1863 aliis
1440 1800 1567 1866 duabus

139 1895 343 1964 damonibus.
393 1895 558 1962 Praedicti
586 1906 694 1960 autem
721 1893 878 1980 clavigeri
906 1904 1055 1960 tenentur
1079 1897 1204 1980 iurare,
1235 1896 1322 1982 quod
1349 1914 1477 1985 semper
1504 1901 1569 1964 sint

140 2005 346 2084 praesentes,
374 1995 504 2082 quando
534 1997 618 2060 cista
643 1993 865 2059 universitatis
893 1996 1048 2080 aperitur.
1096 1995 1141 2061 Et
1169 1995 1305 2081 quilibet
1333 2019 1443 2061 eorum
1472 1996 1569 2062 debet

141 2095 262 2162 habere
282 2115 337 2159 res
359 2096 394 2158 in
415 2096 499 2159 cista
520 2093 686 2179 depositae
708 2095 743 2156 in
765 2093 896 2179 scripto.

557 2297 587 2356 7.
618 2307 665 2356 sn
686 2307 778 2368 onas
800 2307 939 2356 meros
962 2307 1156 2356 caumana
1578 2305 1609 2360 ¹5

222 2425 346 2490 Rector
372 2430 502 2487 tenetur
528 2422 614 2487 inira
642 2423 783 2509 primum
816 2443 958 2486 mensem
981 2423 1031 2487 sui
1051 2431 1232 2488 rectoratus
1254 2425 1364 2489 omnitt
1384 2433 1504 2491 statuta
1524 2423 1567 2490 le-

140 2527 239 2612 gisse.
282 2523 365 2588 Item
387 2531 495 2586 rector
516 2522 668 2606 antiquus
688 2530 814 2584 tenetur
835 2543 919 2586 novo
941 2523 1059 2586 rectori
1080 2531 1259 2608 postauam
1275 2524 1567 2590 recommendacio-

142 2647 214 2688 nem
242 2623 351 2688 iacere
378 2619 571 2706 legittimam
599 2620 876 2706 computacioncm
898 2618 938 2683 de
958 2621 1097 2706 pecunia
1118 2622 1339 2686 universitatis
1362 2645 1472 2688 coram
1492 2648 1568 2696 ,con-

143 2723 291 2805 siliariis,
322 2719 366 2786 ad
393 2720 457 2786 boc
484 2719 663 2806 deputatis,
691 2727 723 2783 et
749 2719 797 2782 sic
828 2717 868 2782 de
896 2715 969 2783 aliis
998 2717 1095 2784 rebus
1116 2721 1358 2805 universitatis,
1387 2744 1470 2808 quae
1492 2747 1569 2790 suae

142 2820 307 2888 custodiae
328 2829 403 2884 sunt
425 2819 625 2884 commissae.
670 2817 751 2882 Item
772 2827 898 2883 tenetur
918 2827 1024 2884 rector
1044 2841 1149 2884 novus
1171 2822 1328 2906 pecunias
1351 2820 1414 2886 sibi
1435 2845 1495 2910 per
1512 2833 1611 2892 art-20

142 2921 267 3008 tiquum
288 2926 450 2984 rectorem
472 2926 696 3004 praesentatas
717 2927 793 3003 post
815 2919 1092 3003 computacioncm
1114 2914 1180 3004 [6¹³]
1203 2941 1275 2983 cum
1296 2917 1370 2984 aliis
1388 2919 1486 2987 rebus
1500 2924 1569 2988 uni·

142 3019 307 3084 versitatis
337 3015 400 3082 sibi
428 3017 645 3103 praesentatis
673 3036 794 3102 ponere
824 3018 859 3081 in
883 3016 1015 3081 archam
1045 3038 1101 3080 seu
1130 3017 1244 3082 cistam
1272 3019 1495 3086 universitatis
1517 3043 1569 3086 co·

142 3141 212 3182 ram
233 3115 430 3182 consiliariis
453 3109 483 3179 el
506 3113 578 3179 aliis
601 3114 726 3180 adhoc
747 3113 922 3200 deputatis,
944 3117 1123 3200 quamcito
1146 3111 1207 3180 hoc
1228 3115 1299 3180 lieri
1321 3119 1441 3202 poterit
1463 3141 1568 3186 como-

143 3216 228 3282 dose.
271 3215 354 3280 Item
373 3223 500 3279 tenetur
522 3223 629 3278 rector
648 3215 682 3278 in
704 3212 774 3278 loco
797 3235 929 3278 manere
950 3223 982 3278 et
1002 3237 1067 3278 non
1089 3235 1186 3300 posse
1208 3212 1322 3278 abesse
1339 3215 1425 3280 infra
1441 3225 1568 3305 tempus

143 3317 192 3379 sui
216 3315 387 3400 regiminis
414 3312 500 3378 ultra
528 3323 594 3377 tros
624 3312 693 3376 dies
721 3313 790 3374 sine
818 3310 953 3397 speciali
974 3311 1111 3376 licencia
1132 3313 1361 3377 universitatis.
1405 3313 1610 3395 Quocienstt

143 3437 219 3480 vero
252 3413 426 3499 contigerit
446 3412 554 3499 ipsum
576 3411 743 3476 absentem
765 3432 835 3474 csse
856 3410 909 3474 vel
930 3411 1068 3476 forsitan
1087 3409 1246 3475 infirmari
1263 3410 1316 3475 vel
1336 3408 1492 3497 legittime
1512 3417 1568 3479 im·

142 3512 266 3600 pediri,
289 3514 465 3576 constituat
483 3511 716 3576 vicerectorem
738 3532 798 3597 pro
821 3531 870 3592 sc,
893 3509 948 3595 qui
968 3508 1101 3574 babebit
1122 3508 1273 3597 supplere
1294 3509 1384 3574 vices
1406 3512 1485 3578 eius.

225 3717 375 3794 Rect0r¹
398 3726 485 3790 infra
509 3735 637 3812 tempus
661 3728 711 3790 sui
731 3733 912 3792 rectoratus
932 3733 1059 3790 tenetur
1079 3723 1131 3790 bis
1157 3747 1358 3812 congregare
1378 3725 1570 3790 universita-

143 3845 222 3918 tem,
254 3835 289 3898 in
318 3841 442 3897 aestate
464 3831 552 3896 circa
572 3831 690 3898 festum
711 3829 839 3898 Urbani
864 3841 897 3896 et
918 3832 1006 3898 circa
1025 3832 1143 3897 festum
1163 3833 1344 3898 nativitatis
1367 3830 1483 3898 beatae
1505 3832 1570 3898 vir-

143 3935 238 4020 ginis,
261 3933 296 3996 in
317 3931 434 4016 hyeme
455 3953 534 3995 vero
555 3932 644 3995 circa
664 3931 782 3996 festum
804 3941 936 3996 sanctae
957 3929 1160 3996 Katherinae
1182 3941 1215 3999 et
1233 3934 1320 3996 circa
1335 3931 1452 3996 festum
1467 3931 1613 3996 tauctito

145 4031 306 4118 Gregorii.
348 4031 386 4096 In
412 4051 476 4116 qua
497 4031 754 4115 congregacione
774 4039 881 4096 rector
901 4030 1001 4096 faciat
1021 4029 1154 4096 brevem
1169 4029 1432 4096 exhortacionem
1446 4029 1490 4094 ad
1502 4051 1571 4096 cor·

143 4134 327 4198 roccionem
356 4126 516 4195 malarum
543 4127 808 4194 consuetudinum
836 4129 1023 4212 scolarium,
1054 4129 1139 4194 sicut
1163 4130 1233 4194 fore
1263 4127 1384 4192 viderit
1411 4138 1489 4194 tunc
1516 4151 1571 4194 ne·

145 4253 241 4296 cessa
283 4227 335 4294 Ibi
356 4229 459 4292 eciam
478 4227 579 4291 saciat
599 4226 665 4312 legi
687 4235 808 4292 statuta
820 4223 913 4313 uni[7
920 4223 946 4314 ⁸]
954 4229 1130 4309 versitatis,
1153 4249 1236 4314 qnae
1247 4237 1445 4292 concernunt
1461 4229 1570 4292 omnia

145 4328 290 4396 eusdem
313 4328 484 4414 supposita
504 4325 736 4392 indifferenter.
772 4325 887 4412 Ibique
908 4325 1055 4408 mandet,
1079 4326 1167 4413 quod
1179 4325 1294 4392 ‘nullus
1314 4324 1494 4392 habitatin
1514 4325 1571 4392 ali·

145 4449 207 4516 quo
234 4426 300 4492 alio
329 4424 402 4493 loco
431 4447 527 4510 quam
557 4448 630 4491 cum
658 4426 825 4510 magistris
846 4433 878 4491 et
899 4423 1086 4490 doctoribus
1108 4425 1345 4507 universitatis,
1374 4426 1439 4490 nisi
1459 4423 1613 4491 babitatt

145 4525 281 4594 licencia
303 4527 440 4591 rectoris
462 4547 504 4593 ex
525 4547 625 4593 causa
646 4521 850 4607 racionabili,
881 4531 914 4588 et
942 4520 982 4586 de
1009 4523 1072 4590 hac
1091 4523 1230 4590 licencia
1249 4522 1386 4590 scolaris
1408 4525 1570 4609 signetum

146 4625 290 4691 obtineat
319 4647 341 4688 a
368 4631 500 4688 rectore.
546 4623 591 4688 Et
619 4625 674 4712 qui
702 4624 901 4689 contrarium
930 4621 1038 4686 facere
1066 4623 1339 4710 praesumpserit,
1367 4620 1502 4688 comodo
1530 4643 1570 4686 ac

146 4722 335 4790 defensione
357 4723 579 4788 universitatis
601 4730 712 4788 careat
731 4720 788 4788 illa
808 4723 889 4788 vice.

216 5043 227 5092 1
248 5035 389 5092 Hierttber
407 5037 480 5093 steht
498 5039 550 5094 mit
566 5037 660 5094 rother
677 5036 794 5092 Schrift:
825 5037 951 5092 Primam
967 5038 1086 5108 honum
1104 5037 1130 5091 d.
1149 5036 1175 5090 h.
1194 5036 1253 5092 hler
1271 5036 1389 5107 δεςίιιιιε
1407 5035 1457 5092 der
1470 5036 1575 5093 Rector

149 5121 317 5176 roraulesen.
353 5121 447 5192 Vergl.
469 5121 604 5179 Urkuudl
623 5121 739 5187 Quellsn
759 5122 789 5178 S.
807 5126 864 5177 tot.
1174 5129 1177 5136 '

1358 5205 1405 5271 4*
