3794 6066
295 465 353 533 142
544 509 551 516 -
802 461 858 516 Des
875 463 1010 521 Iohanne·
1026 463 1107 516 Fabrl
1125 466 1159 517 do
1177 461 1292 518 Werdea

333 646 442 712 diosos
464 644 683 710 adolescentes
704 647 827 730 passim
848 643 959 729 boare,
986 656 1030 728 ut,
1053 645 1323 732 quemadmodum
1347 640 1433 731 [66⁸]
1456 589 1630 730 aitpoeta,
1659 643 1762 710 Arca-

335 746 408 811 diae
438 745 593 831 pecuaria
621 742 738 808 rudere
769 743 894 827 credas,
926 747 1165 832 praecipueque
1193 745 1365 828 edicimus,
1396 765 1438 808 ne
1466 743 1537 828 quis
1565 753 1622 806 aut
1651 741 1762 806 felium

334 844 489 909 eiulatum
510 844 546 906 in
572 841 745 928 pellionum
772 843 997 908 contumeliam
1025 855 1082 908 aut
1106 843 1251 909 balatum
1273 863 1447 930 caprarum
1471 841 1629 906 imitando
1651 843 1761 928 expri-

334 953 416 1024 mat,
444 963 520 1005 nam
545 963 643 1026 super
664 940 726 1005 hac
752 963 788 1005 re
814 947 953 1027 magnae
982 942 1025 1006 ad
1053 964 1111 1008 nos
1133 941 1285 1030 querelae
1303 963 1409 1029 nuper
1429 939 1557 1005 delatae
1578 950 1670 1022 sunt,
1701 940 1762 1005 sub

307 1044 428 1106 5unius
450 1061 555 1105 novae
577 1060 761 1124 sexagenas
782 1040 911 1105 mulcta.
934 1040 1012 1106 Dat.
1034 1051 1092 1108 etc
1117 1044 1205 1110 15³3.

557 1227 624 1289 124.
659 1239 854 1286 usunaruu
874 1240 921 1286 nn
944 1240 1219 1290 surrmcamoun
1238 1241 1275 1288 m
1295 1239 1357 1287 nm
1378 1239 1493 1291 mci.

414 1351 579 1419 Arnoldus
591 1351 644 1418 W.
666 1375 693 1416 r.
714 1353 848 1418 mandat
869 1354 1018 1420 omnibus
1030 1378 1070 1421 ac
1084 1355 1220 1443 singulis
1241 1355 1417 1440 magistris,
1440 1351 1640 1435 doctoribus,
1661 1352 1761 1417 licen·

333 1457 421 1521 tiatis
443 1463 475 1518 et
498 1454 718 1537 cuiuscunque
741 1453 864 1518 ordinis
888 1452 1100 1538 scholasticis,
1125 1465 1161 1520 ut
1181 1454 1277 1519 hodie
1298 1463 1373 1518 ante
1394 1453 1509 1518 horam
1529 1455 1704 1540 septimam
1727 1453 1761 1516 in

334 1553 414 1620 aede
427 1551 494 1616 divi
510 1550 637 1616 Nicolai
654 1553 847 1615 conveniant
866 1553 899 1615 in
920 1550 991 1635 boo,
1012 1562 1048 1617 ut
1069 1551 1300 1641 supplicationi
1320 1548 1480 1640 publicae,
1506 1573 1590 1638 quae
1603 1573 1645 1615 ex
1669 1573 1760 1615 more

295 1650 420 1741 10[66⁵]
444 1650 617 1716 adomnia
639 1648 789 1714 divorum
817 1649 939 1737 templa
966 1650 1031 1733 fiet,
1059 1651 1186 1717 decenti
1206 1662 1298 1718 veste
1325 1651 1437 1715 amicti
1462 1649 1636 1736 diligenter
1663 1653 1762 1715 inter·

333 1754 398 1818 sint
425 1770 464 1815 ao
491 1748 588 1816 deum
612 1749 769 1834 optimum
799 1750 976 1814 maximum
1004 1773 1069 1816 una
1097 1773 1170 1816 cum
1199 1748 1324 1836 reliquo
1348 1749 1468 1837 populo
1490 1747 1678 1815 Christiano
1701 1771 1763 1835 pro

333 1847 565 1939 tranquillitate
587 1846 745 1912 ecclesiae
766 1847 945 1914 catholicae
967 1859 1000 1914 et
1019 1851 1116 1914 totius
1138 1849 1338 1938 reipublicae
1351 1847 1490 1914 utilitate
1510 1846 1664 1933 religiose
1688 1869 1762 1934 pre-

334 1961 457 2032 centur,
484 1969 589 2034 neque
609 1969 651 2011 ex
680 1946 916 2034 supplicatione
936 1947 1100 2032 recedant,
1128 1951 1192 2014 nisi
1214 1947 1363 2015 omnibus
1391 1949 1453 2013 rite
1480 1949 1633 2035 peractis,
1661 1945 1764 2012 subl

335 2057 459 2136 argent
480 2045 611 2111 mulcta.
632 2044 709 2111 Dat.
735 2051 823 2114 1533.

294 2243 327 2300 15
789 2232 855 2295 125.
883 2245 1023 2306 ouanrs
1044 2245 1301 2296 rnurncosrns.

416 2359 605 2428 Fridericus
619 2358 752 2446 Peypus
767 2359 988 2444 Forobemius,
1009 2370 1125 2444 rector,
1146 2359 1281 2426 mandat
1302 2360 1451 2426 omnibus
1473 2384 1513 2427 ac
1535 2361 1672 2448 singulis
1692 2373 1764 2446 etc,

332 2473 368 2532 ut
381 2485 454 2528 cras
468 2459 549 2525 hora
569 2459 709 2544 septima
724 2460 757 2522 in
772 2457 852 2522 aede
873 2459 941 2523 divi
963 2459 1089 2525 Nicolai
1111 2462 1307 2526 conveniant
1326 2461 1361 2524 in
1375 2460 1445 2545 hoo,
1467 2471 1503 2526 ut
1525 2460 1664 2527 solemni
1687 2485 1764 2550 sup·

335 2560 511 2650 plicationi,
538 2579 621 2645 quae
647 2579 689 2620 ex
709 2579 798 2622 more
820 2567 852 2621 et
872 2559 1019 2623 instituto
1041 2558 1196 2624 ecclesiae
1218 2559 1397 2624 catholicae
1417 2581 1477 2647 pro
1499 2559 1607 2626 foelici
1629 2561 1764 2646 frugum

334 2669 495 2749 proventu
526 2679 565 2721 ac
597 2657 769 2720 universae
802 2654 1000 2741 reipublicae
1031 2666 1118 2721 statu
1141 2653 1225 2746 [67¹]
1252 2656 1479 2742 celebrabitur,
1512 2658 1639 2724 decenti
1669 2671 1763 2725 veste

292 2760 446 2828 20amicti
473 2755 646 2841 diligenter
672 2754 831 2836 intersint,
860 2775 899 2818 ac
922 2754 1017 2820 deum
1040 2765 1104 2842 opt
1126 2778 1214 2820 max.
1240 2756 1352 2823 sedulo
1379 2781 1439 2844 pro
1461 2757 1601 2822 utilitate
1621 2761 1765 2822 omniurn

335 2869 367 2925 et
389 2857 549 2923 communi
571 2853 674 2918 salute
695 2862 877 2939 precentur,
898 2875 959 2918 nec
976 2875 1018 2918 ex
1040 2854 1275 2942 supplicatione
1296 2856 1460 2941 recedant,
1481 2867 1517 2922 ut
1539 2879 1649 2944 supra.
1675 2863 1764 2925 1534.

809 3041 875 3101 126.
906 3050 1076 3101 corrosus
1098 3053 1245 3104 cumam.

417 3169 582 3236 Arnoldus
594 3167 646 3233 W.
658 3191 684 3234 r.
704 3165 839 3232 mandat
860 3166 1059 3233 omnibusac
1079 3169 1215 3256 singulis
1234 3179 1305 3254 etc,
1325 3179 1361 3236 ut
1372 3171 1515 3235 crastina
1526 3169 1579 3236 die
1590 3172 1635 3236 ad
1643 3171 1763 3239 horam

336 3283 410 3340 ante
430 3268 600 3336 meridiem
627 3267 799 3353 septimam
826 3268 1020 3333 conveniant
1047 3271 1082 3333 in
1109 3267 1190 3333 aede
1216 3269 1245 3333 d.
1266 3269 1395 3336 Nicolai
1421 3271 1455 3335 in
1481 3269 1552 3354 hoc,
1580 3280 1615 3337 ut
1638 3273 1764 3360 suppli·

293 3371 455 3442 25cationi
478 3367 613 3450 solenni,
641 3388 724 3454 quae
746 3388 787 3431 ex
813 3365 1046 3432 consuetudine
1076 3376 1108 3432 et
1135 3381 1310 3458 praecepto
1338 3368 1493 3434 ecclesiae
1522 3370 1703 3436 catholicae
1731 3375 1765 3436 in

335 3473 490 3538 bonorem
512 3466 711 3533 sacrosancti
733 3467 880 3552 eorporis
901 3464 1023 3531 Christi
1045 3489 1103 3552 per
1125 3489 1235 3532 omnes
1262 3467 1357 3533 huius
1383 3468 1475 3534 urbis
1502 3471 1654 3556 regiones
1683 3470 1764 3536 cele-

334 3570 494 3651 brabitur,
516 3566 642 3631 decenti
662 3576 753 3628 veste
779 3565 890 3628 amicti
918 3587 975 3629 suo
1003 3567 1138 3651 quisque
1165 3565 1235 3631 loeo
1262 3576 1294 3631 et
1321 3567 1434 3634 ordine
1462 3565 1544 3654 [bib]
1574 3581 1765 3636 reverenter

335 3671 494 3751 intersint,
520 3664 579 3730 sub
601 3663 722 3728 mulcta
748 3664 842 3727 unius
869 3685 975 3727 novae
1003 3686 1196 3750 sexagenas,
1225 3688 1264 3730 ac
1284 3664 1379 3732 deum
1401 3669 1655 3755 omnipotentem
1679 3692 1764 3735 com·

336 3771 426 3836 muni
461 3766 605 3831 omniurn
638 3783 719 3826 voce
752 3769 808 3824 aut
838 3761 929 3825 taciti
961 3784 1069 3826 secum
1103 3785 1163 3850 pro
1195 3767 1347 3832 maximis
1378 3767 1413 3830 in
1446 3789 1548 3852 genus
1581 3767 1762 3834 humanum

294 3865 502 3936 30beneficiis
523 3859 714 3941 collaudent,
742 3857 828 3946 quod
855 3861 963 3944 gratia
985 3883 1044 3926 sua
1066 3875 1243 3948 praeeunte
1266 3865 1381 3952 dignos
1404 3887 1464 3930 nos
1484 3864 1608 3952 fecerit,
1637 3878 1762 3934 utnon

335 3975 460 4033 tantum
489 3960 640 4026 sublimia
668 3960 732 4022 ista
759 3958 926 4044 mysteria,
956 3982 1039 4046 quae
1058 3963 1115 4026 vix
1144 3964 1225 4050 ipsis
1255 3974 1331 4029 sunt
1358 3963 1483 4051 angelis
1508 3968 1588 4030 satis
1621 3971 1763 4054 cognita,

338 4082 596 4152 agnosceremus,
630 4056 688 4122 sed
718 4057 816 4121 etiam
846 4065 883 4121 ut
913 4057 1077 4124 dominum
1107 4059 1241 4146 gloriae,
1274 4063 1318 4128 ad
1349 4067 1439 4130 cuius
1471 4075 1586 4131 nutum
1617 4067 1701 4131 coeli
1734 4081 1766 4132 ct

337 4175 445 4230 terrae
467 4158 727 4240 contremiscunt,
754 4156 788 4220 in
807 4155 938 4222 mortali
959 4157 1021 4222 hoc
1043 4181 1180 4247 corpore
1201 4163 1449 4250 susciperemus,
1470 4175 1505 4230 ut
1526 4167 1574 4230 ita
1593 4167 1766 4253 praeclaro

336 4264 399 4329 hoc
426 4259 498 4353 cibo
520 4257 654 4323 stabiliti
676 4280 715 4322 ac
737 4255 917 4322 confirmati
938 4252 1107 4345 intrepide
1121 4259 1280 4325 adversus
1300 4263 1482 4349 principem
1503 4264 1715 4331 tenebrarum
1736 4277 1768 4331 et

296 4373 450 4428 soomnes
478 4357 572 4438 buius
602 4356 715 4422 mundi
747 4355 885 4432 insidias
917 4356 965 4422 sic
992 4379 1148 4444 queamus
1176 4357 1361 4426 dimicando
1391 4365 1575 4446 consistere,
1603 4373 1641 4428 ut
1668 4363 1765 4429 huius

337 4456 421 4548 [68⁸]
444 4457 565 4524 auxilio
594 4467 627 4522 et
657 4455 821 4544 praesidio
849 4455 964 4543 procul
993 4455 1092 4522 dubio
1119 4457 1260 4524 victores
1288 4459 1331 4524 ad
1363 4471 1544 4528 extremum
1573 4461 1765 4528 evadamus.

335 4559 414 4624 Dat
436 4556 497 4624 sub
520 4555 626 4644 sigillo
648 4566 707 4622 etc.

694 4744 761 4808 127.
792 4749 1140 4804 mv1u1n1n1osums
1162 4759 1364 4808 anemoria.

418 4890 572 4959 Crastina
597 4888 649 4954 die
679 4889 905 4955 solennitatem
931 4886 1175 4954 celeberrimam
1203 4892 1342 4956 instituit
1368 4891 1506 4958 ecclesia
1533 4893 1602 4960 divi
1629 4896 1763 4965 Ioannis

297 4993 513 5080 lobaptistae,
535 4992 587 5055 eui
607 4989 758 5056 Christus
779 4989 852 5075 ipse
871 4983 933 5050 hoc
956 4985 1046 5050 dedit
1066 4989 1295 5073 testimonium,
1321 4991 1408 5078 quod
1428 4993 1513 5058 inter
1532 5004 1627 5060 natos
1651 4997 1765 5063 mulie-

337 5113 410 5156 rum
432 5113 528 5156 nemo
548 5088 604 5155 illo
624 5091 727 5154 maior
749 5084 938 5168 surrexerit,
958 5087 1013 5171 qui
1035 5093 1067 5149 et
1088 5087 1322 5174 prophetarum
1343 5093 1505 5158 maximus
1530 5092 1571 5159 de
1589 5094 1765 5164 salvatoris
