3794 6066
735 492 854 544 niseus·
871 494 1029 544 remersus.
1534 489 1592 558 107

176 677 262 740 etin
288 675 433 738 tntumm
461 674 495 738 ln
525 683 633 742 metro
660 677 840 764 praesentis
862 675 976 764 oppidi
998 699 1089 741 suam
1110 697 1233 740 moram
1255 683 1287 738 et
1307 673 1515 738 residentiam
1536 669 1593 734 ha·

175 775 248 840 bere
270 781 462 856 statuerunt,
482 772 629 863 ideoque,
651 785 686 842 ut
707 777 799 842 iuxta
820 776 1016 842 desiderium
1038 775 1278 863 praedictorum
1299 773 1590 839 illustrissimorum

176 874 290 940 ducum
311 874 414 939 variis
429 875 671 961 suppositorum
690 875 877 958 insultibus,
900 874 1196 958 molestationibus,
1216 874 1414 957 insolentiis,
1435 872 1591 956 inquieta·

173 973 311 1040 tionibus
334 972 451 1038 aliisve
471 973 668 1060 quibuslibet
687 975 890 1058 excessibus,
918 975 1002 1040 unde
1029 978 1117 1063 ipsos
1138 975 1248 1040 autin
1269 995 1406 1060 corpore
1426 970 1513 1038 laedi
1535 977 1590 1034 aut

176 1073 271 1140 rebus
291 1072 496 1138 damnificari
524 1076 831 1163 universitatemque
852 1076 958 1163 ipsam
983 1075 1084 1163 (quod
1100 1074 1200 1156 absit)
1221 1073 1395 1162 inquietari
1415 1068 1618 1136 verendum5

174 1182 236 1255 est,
256 1171 434 1254 mandatis,
456 1175 583 1240 statutis
606 1168 675 1240 sive
696 1175 810 1242 edictis
831 1197 1072 1263 poenarumque
1094 1173 1395 1240 comminationibus
1418 1195 1457 1236 ac
1479 1190 1593 1234 execu-

173 1272 314 1338 tionibus
336 1271 523 1359 diligentius
548 1273 710 1358 obvietur,
732 1273 866 1340 mandat
885 1275 973 1340 idem
995 1275 1143 1340 dominus
1165 1284 1285 1356 rector,
1308 1272 1486 1338 districtius
1509 1267 1591 1334 inhi-

173 1372 277 1438 bendo
301 1372 453 1438 omnibus
475 1382 506 1439 et
527 1373 663 1460 singulis
684 1375 904 1440 universitatis
926 1372 1071 1440 eiusdem
1088 1376 1274 1462 suppositis,
1297 1381 1454 1460 quatenus
1469 1368 1593 1435 nullum

172 1475 316 1560 ipsorum
343 1470 498 1560 deinceps
519 1475 660 1540 serotino
682 1483 827 1561 tempore
848 1484 923 1563 post
942 1474 1072 1562 pulsum
1095 1495 1274 1561 campanae
1296 1472 1451 1561 praetorii
1470 1471 1505 1534 in
1524 1467 1592 1555 pla-

172 1572 247 1654 teis,
279 1572 362 1639 vicis
397 1579 455 1638 aut
486 1569 572 1662 [16¹³]
607 1573 770 1640 suburbiis
799 1575 979 1661 praesentis
1002 1574 1115 1661 oppidi
1136 1573 1254 1659 gladiis
1275 1575 1344 1638 sive
1365 1571 1438 1636 aliis
1459 1567 1636 1657 quibus-10

173 1693 296 1759 cunque
324 1672 427 1738 armis
456 1671 607 1759 vagando
635 1673 798 1740 discurrat
824 1674 876 1739 vel
902 1675 1080 1761 spaciatur,
1110 1697 1213 1760 neque
1242 1673 1399 1739 clamores
1421 1665 1593 1735 horribiles

173 1793 228 1838 seu
256 1780 372 1836 canum
402 1769 601 1838 clamorosos
628 1783 661 1838 et
686 1773 833 1840 insolitos
863 1775 897 1838 in
919 1773 1041 1839 eisdem
1063 1775 1209 1857 suscitet,
1237 1785 1293 1838 aut
1314 1771 1454 1856 aliquem
1475 1791 1516 1834 ex
1537 1788 1593 1829 va-

174 1869 270 1952 sallis,
294 1869 467 1936 clientibus
487 1870 540 1936 vel
558 1871 773 1938 familiaribus
786 1875 1005 1961 praefatorum
1021 1873 1223 1939 dominorum
1237 1873 1355 1938 ducum
1367 1868 1504 1934 ubilibet
1520 1888 1593 1930 con·

174 1971 292 2036 stitutis
318 1969 430 2057 palam
457 1969 508 2036 vel
533 1971 658 2037 occulte
682 1974 809 2038 iniuriis
836 1996 892 2040 seu
914 1973 1114 2038 coutumeliis
1136 1975 1258 2038 afficiat
1278 1980 1334 2037 aut
1355 1965 1594 2058 quomodolibet

173 2069 271 2136 verbo
294 2069 349 2134 vel
368 2069 456 2138 sacto
478 2069 634 2154 offendat,
656 2095 759 2160 neque
781 2073 990 2139 circulatores
1011 2074 1153 2138 civitatis
1175 2072 1280 2154 huius,
1303 2095 1344 2138 ex
1365 2068 1590 2134 commissione
1604 2075 1633 2128 15

174 2178 505 2256 praememoratorum
532 2169 734 2238 dominorum
763 2173 880 2238 ducum
909 2172 997 2238 circa
1023 2170 1074 2236 vel
1103 2179 1178 2258 post
1205 2171 1444 2259 praescriptum
1464 2178 1591 2253 tempus

176 2267 353 2336 custodiam
375 2292 434 2334 seu
454 2269 598 2356 vigiliam
620 2272 708 2335 eirca
730 2271 874 2359 collegia,
896 2271 1013 2336 bursas
1035 2280 1090 2336 aut
1103 2271 1181 2336 alibi
1195 2267 1424 2336 circumeundo
1439 2277 1592 2347 tenentes,

174 2369 419 2456 quibuscunque
440 2369 670 2435 offensionibus
691 2369 848 2436 molestet.
890 2369 958 2436 Sub
979 2393 1084 2458 poena
1108 2369 1372 2436 incarcerationis
1394 2378 1450 2432 aut
1470 2365 1593 2452 relega-

174 2469 268 2534 tionis
288 2468 383 2533 iuxta
406 2468 532 2534 consilii
554 2478 586 2534 et
607 2492 808 2536 assessorum
830 2469 1071 2553 diffinitionem,
1092 2469 1177 2535 ultra
1199 2492 1321 2558 poenas
1344 2469 1378 2532 in
1400 2467 1528 2532 statutis
1553 2465 1594 2530 de

176 2577 206 2632 et
226 2591 323 2655 super
343 2567 528 2634 huiusmodi
548 2568 735 2636 excessibus
756 2573 846 2657 prius
868 2570 1054 2636 fulminatas
1074 2581 1105 2636 et
1124 2591 1307 2658 expressas.
1348 2567 1471 2632 Datum
1491 2575 1637 2632 recto-au

175 2659 263 2734 ratus
285 2667 346 2734 sub
370 2667 486 2755 sigillo.
526 2668 622 2736 Anno
643 2678 702 2737 etc.

261 2957 310 3021 33.
345 2971 540 3020 munerun
561 2973 609 3020 na
630 2973 702 3022 nou
724 2971 955 3022 sscrnnsuno
978 2973 1137 3023 cssruuu
1160 2971 1398 3034 rsnmrssqus
1420 2973 1497 3020 aros

710 3071 783 3120 uon
803 3073 1051 3121 nnrnnrsuoo.

254 3218 393 3285 Mandat
414 3219 561 3286 omnibus
583 3230 655 3286 ete:
683 3231 840 3310 quatenus
865 3221 988 3286 nullum
1018 3225 1163 3309 ipsorum
1187 3222 1340 3308 deinceps
1363 3223 1432 3286 sine
1453 3221 1592 3286 rationa-

175 3319 229 3386 bili
257 3329 289 3386 et
314 3319 463 3406 legitima
489 3343 589 3386 causa
615 3331 757 3387 castrum
786 3323 967 3408 praesentis
996 3321 1124 3409 oppidi,
1151 3321 1208 3386 ubi
1229 3320 1360 3386 iamiam
1383 3319 1633 3385 illustrissimi25

176 3419 270 3488 duces
293 3419 458 3485 Senoniae
478 3419 623 3486 resident
642 3433 739 3508 atque
759 3431 936 3502 morantur,
964 3421 1119 3486 ascendat
1142 3442 1247 3508 neque
1268 3421 1409 3508 parietes
1431 3420 1592 3500 domuum,

175 3517 255 3608 [¹7⁸]
286 3541 450 3586 murorum
482 3521 551 3585 sive
581 3520 817 3587 habitationum
849 3519 986 3608 praefati
1020 3523 1119 3586 castri
1144 3522 1232 3584 iutra
1252 3520 1304 3585 vel
1332 3529 1426 3586 extra
1454 3519 1593 3606 figuran-

175 3621 230 3704 do,
257 3617 431 3686 scribendo
457 3618 509 3686 vel
531 3623 646 3708 quovis
667 3620 765 3687 modo
785 3609 950 3709 pingendo
971 3619 1104 3687 foedare
1126 3643 1183 3686 seu
1204 3619 1378 3708 deturpare
1397 3627 1591 3707 praesumat.

176 3719 240 3786 Sub
259 3741 367 3808 poena
390 3719 483 3784 unius
504 3717 636 3803 floreni,
656 3721 861 3786 universitati
882 3729 941 3788 etc.

239 4011 287 4074 34.
322 4021 516 4070 uanosruu
536 4022 584 4070 on
606 4022 678 4071 non
699 4022 901 4071 mensurno
923 4023 1082 4070 nsnvsrs
1104 4023 1203 4070 racia
1226 4021 1515 4083 maneamusque
1555 4055 1562 4078 .
1604 4013 1638 4069 3ο

720 4121 793 4170 uon
819 4121 1037 4170 uxcrrsnnrs,

254 4268 392 4336 Mandat
418 4268 567 4334 omnibus
596 4278 654 4335 ete.
686 4267 866 4335 districtius
892 4269 1085 4354 inhibendo,
1111 4279 1269 4358 quatenus
1299 4267 1420 4336 nullum
1450 4273 1595 4358 ipsorum

176 4371 327 4457 deinceps
350 4367 403 4434 die
425 4368 476 4434 vel
497 4379 593 4435 nocte
615 4369 730 4435 habitu
751 4379 884 4452 mutato,
904 4369 988 4434 facie
1008 4370 1116 4435 velata
1139 4393 1196 4434 seu
1212 4369 1340 4436 larvata
1362 4371 1504 4436 ostiatim
1526 4370 1592 4457 pla·

174 4472 327 4536 teatimve
349 4466 528 4551 discurrat,
550 4477 606 4534 aut
627 4491 719 4534 arma
741 4468 881 4551 deferat,
906 4469 975 4533 sive
997 4469 1155 4534 clamores
1177 4467 1348 4534 horribiles
1371 4472 1499 4552 excitet,
1521 4491 1594 4556 pro-

175 4581 244 4657 pter
264 4567 419 4656 pericula,
441 4590 524 4656 quae
543 4569 606 4634 hiis
625 4567 824 4655 temporibus
847 4590 867 4631 a
888 4568 1049 4633 nonnullis
1071 4566 1233 4633 dissolutis
1256 4591 1295 4633 ac
1314 4569 1502 4634 scurrilibus
1518 4578 1634 4655 per-35

176 4671 261 4736 sonis
289 4670 324 4732 in
356 4689 529 4754 corporum
556 4679 612 4733 aut
638 4691 745 4734 rerum
775 4665 982 4754 dispendium
1010 4675 1143 4754 possent
1171 4667 1298 4733 facilius
1320 4671 1481 4734 attentari.
1525 4667 1593 4732 Sub

176 4791 278 4856 poena
297 4768 396 4832 trium
418 4765 622 4850 florenorum,
644 4768 729 4833 ultra
749 4767 1016 4833 incarcerationis
1037 4789 1190 4853 poenam,
1213 4789 1271 4854 per
1293 4768 1483 4832 decuriones
1499 4766 1594 4831 huius

177 4867 287 4956 oppidi
317 4875 431 4931 contra
457 4865 564 4932 taliter
589 4867 775 4934 incedentes
804 4865 1054 4933 rationabilibus
1080 4868 1140 4938 <uti
1161 4867 1392 4953 praesumitur)
1422 4888 1464 4930 ex
1486 4867 1594 4932 causis

176 4967 291 5032 nudius
311 4964 517 5031 hilminatam
537 4973 569 5033 et
591 4966 761 5049 indictam,
782 4967 987 5032 universitati
1008 4965 1274 5031 irremissibiliter
1294 4964 1593 5053 persolvendorum·

176 5066 298 5132 Datum
318 5073 380 5130 etc.
1603 5075 1637 5131 to
