3794 6066
346 479 406 540 144
815 477 869 527 Des
888 475 1024 528 Iohannes
1040 477 1119 528 Fabri
1137 479 1171 528 de
1187 477 1302 529 Werdea

344 667 472 722 vestrae
494 655 651 744 obsequia
677 667 790 721 nostra
817 647 857 741 in¹
881 661 996 745 quovis
1025 659 1096 725 loco
1122 669 1249 745 parata
1293 657 1375 724 Cum
1396 659 1431 722 in
1460 656 1610 724 omnibus
1631 657 1775 722 necessi·

341 755 462 821 tatibus
486 764 518 820 et
540 755 691 842 periculis
712 777 843 840 semper
868 757 972 823 soleat
997 761 1194 824 universitas
1223 768 1335 824 nostra
1362 757 1405 822 ad
1432 756 1542 822 sedem
1566 755 1773 856 celsitudinis

343 865 471 921 vestrae
499 863 664 939 tamquam
695 854 738 919 ad
767 878 952 942 supremam
983 857 1228 943 privilegiorum
1261 865 1447 923 nostrorum
1479 879 1632 922 ancoram
1661 855 1774 920 confu-

342 976 420 1042 gere
447 963 479 1018 et
504 953 582 1018 inde
609 952 706 1018 rebus
736 957 856 1019 nostris
884 955 992 1020 dubiis
1024 956 1193 1022 consilium
1222 969 1319 1044 atque
1347 956 1504 1021 auxilium
1532 965 1652 1041 petere,
1681 977 1775 1018 reve

315 1054 442 1122 trende
469 1056 504 1117 in
525 1051 655 1119 Christo
678 1061 772 1139 pater
801 1077 840 1119 ac
865 1055 994 1120 domine
1023 1058 1175 1142 gratiose,
1204 1066 1237 1121 et
1264 1055 1327 1122 boc
1352 1067 1500 1142 tempore
1524 1063 1654 1119 senemr
1682 1052 1775 1139 Lyp

343 1155 446 1220 sensis
479 1151 652 1240 privilegia
693 1162 805 1218 nostra
841 1177 902 1240 per
939 1155 1148 1241 collegiorum
1185 1156 1398 1241 irruptionem
1435 1163 1566 1241 praeter
1598 1155 1664 1235 ius,
1707 1152 1774 1232 fas,

342 1261 533 1338 aequumst
554 1251 674 1316 bonum
702 1251 900 1318 labefactare
923 1267 1063 1337 consen,
1094 1253 1364 1343 quemadmodum
1387 1277 1428 1319 ex
1450 1254 1532 1318 actis
1553 1254 1588 1316 in
1609 1274 1648 1316 ea
1670 1273 1774 1315 causa

341 1374 450 1418 coram
471 1349 682 1415 illustrissimi
709 1353 866 1438 principis
894 1356 997 1419 nostri
1026 1354 1229 1436 consiliariis,
1259 1375 1396 1438 quorum
1424 1353 1553 1439 copiam
1580 1351 1635 1415 hic
1663 1359 1774 1414 trans·

340 1453 505 1531 mittimus,
533 1449 715 1514 reverenda
743 1453 922 1535 paternitas
945 1463 1055 1518 vestra
1086 1453 1182 1519 facile
1208 1462 1315 1540 potest
1342 1451 1504 1537 colligere,
1533 1449 1577 1515 ad
1606 1450 1771 1515 neminem

303 1550 403 1616 10boo
424 1559 571 1634 tempore
595 1549 715 1613 rectius
738 1551 988 1636 conlirgiendum
1011 1553 1244 1634 existimamus,
1265 1573 1364 1639 quam
1385 1551 1428 1616 ad
1451 1572 1534 1632 eum,
1558 1545 1644 1636 [71¹³]
1670 1569 1769 1635 quem

343 1660 376 1714 et
405 1670 548 1713 summus
577 1647 725 1735 pontifex
752 1652 975 1716 universitatis
998 1661 1128 1717 nostrae
1158 1650 1387 1716 cancellarium
1416 1650 1584 1715 constituit
1609 1657 1642 1714 et
1669 1649 1774 1734 privi-

341 1748 500 1835 legiorum
520 1757 706 1811 nostrorum
734 1759 994 1815 conservatorem
1022 1751 1113 1832 fecit,
1142 1751 1232 1815 cuius
1262 1752 1359 1814 etiam
1386 1752 1513 1814 animus
1541 1747 1717 1834 singularis
1738 1755 1774 1811 et

343 1845 544 1913 incredibilis
573 1845 792 1911 benivolentia
813 1870 892 1933 erga
915 1849 1000 1915 hanc
1019 1860 1162 1914 nostram
1185 1851 1430 1914 universitatem
1452 1871 1550 1935 saepe
1570 1849 1654 1913 alias
1674 1845 1774 1910 nobis

342 1955 516 2035 perspecta
549 1957 598 2012 est
631 1956 664 2011 et
697 1948 837 2032 cognita.
878 1947 1091 2036 Quapropter
1123 1948 1336 2014 reverendam
1370 1949 1598 2036 paternitatem
1628 1955 1775 2012 vestram

303 2057 333 2113 ts
342 2045 507 2113 humiliter
534 2067 674 2128 oramus,
702 2056 739 2110 ut
765 2044 843 2110 velit
873 2047 968 2112 nobis
999 2050 1033 2112 in
1064 2047 1115 2112 his
1145 2047 1389 2113 difficultatibus
1419 2047 1553 2113 oonsilio
1583 2056 1618 2112 et
1646 2043 1773 2110 auxilio

343 2165 541 2226 succurrere,
567 2165 631 2230 quo
653 2144 827 2231 privilegia
848 2155 961 2211 nostra
982 2169 1115 2212 servare
1144 2148 1274 2233 integra
1295 2169 1335 2211 ac
1361 2147 1488 2213 illibata
1514 2159 1546 2212 et
1570 2145 1668 2232 plena
1699 2167 1774 2208 cum

342 2245 493 2311 libertate
520 2246 693 2330 possimus.
736 2244 775 2309 Id
804 2245 890 2332 quod
919 2245 1073 2331 precibus
1105 2247 1234 2329 nostris,
1262 2246 1305 2311 ad
1332 2245 1526 2311 altissimum
1553 2267 1614 2332 pro
1640 2253 1773 2308 vestrae

341 2345 467 2431 gratiae
493 2342 714 2409 incolumitate
734 2353 766 2408 et
787 2343 938 2408 diuturno
967 2366 1006 2408 ac
1032 2343 1140 2409 foelici
1167 2367 1319 2410 successu
1346 2345 1436 2422 susis,
1461 2355 1493 2410 et
1519 2345 1641 2410 nostris
1666 2341 1772 2408 fideli-

341 2443 402 2508 bus
434 2441 598 2528 obsequiis
627 2445 713 2508 omni
740 2441 811 2508 loco
837 2453 868 2506 et
895 2453 1041 2530 tempore
1067 2465 1195 2530 semper
1220 2447 1400 2530 promereri
1429 2443 1640 2510 studebimus.
1686 2442 1772 2508 Con·

298 2551 451 2608 wservet
479 2539 629 2606 dominus
653 2537 705 2628 [72
713 2541 738 2630 ⁸]
764 2543 966 2607 clementiam
995 2553 1136 2607 vestram
1163 2566 1223 2629 pro
1250 2543 1389 2608 utilitate
1422 2543 1579 2608 ecclesiae
1609 2565 1687 2608 suae
1717 2541 1774 2604 diu

340 2661 379 2704 ac
397 2640 496 2724 longo
517 2648 662 2726 tempore
682 2641 883 2708 incolumem.

423 2737 633 2804 Reverendae
653 2741 843 2826 paternitati
865 2749 993 2804 vestrae

591 2837 807 2906 addictissimi

1026 2939 1156 3023 Rector,
1177 2963 1264 3027 mag.
1285 2951 1318 3004 et
1336 2940 1485 3006 doctores
1507 2941 1732 3006 universitatis

299 3046 333 3103 25
1284 3040 1475 3126 Lypsensis.

342 3195 407 3256 130.
428 3205 475 3252 sn
496 3205 828 3256 anvnanamssnrun
847 3205 1071 3254 caanmsnnu
1091 3207 1289 3272 macaron,
1311 3205 1612 3256 samnnrrsooron
1632 3207 1772 3256 nocua-

527 3305 638 3352 rnunr
659 3307 704 3354 nr
727 3305 1069 3372 mennauaosnsnn,
1091 3307 1272 3354 rumaren
1293 3305 1493 3354 naumann
1516 3298 1573 3353 etc.

421 3419 703 3484 Reverendissime
723 3423 759 3486 in
780 3421 911 3487 Christo
933 3430 1087 3507 paterae
1109 3423 1261 3509 princeps
1288 3420 1522 3487 illustrissime!
1556 3421 1639 3488 Post
1666 3422 1772 3487 bumi-

337 3519 412 3583 liter
433 3517 561 3584 oblatas
582 3541 697 3606 preces
719 3529 860 3601 nostras,
879 3542 962 3604 quas
984 3519 1095 3585 sedulo
1117 3519 1159 3584 ad
1182 3543 1238 3586 coe
1252 3517 1336 3608 [72¹³]
1348 3521 1453 3587 lorum
1481 3543 1591 3607 regem
1614 3532 1647 3586 et
1668 3522 1772 3588 domi-

296 3628 330 3685 to
340 3641 417 3683 num
428 3640 487 3703 pro
499 3627 629 3682 vestrae
644 3618 845 3684 celsitudinis
866 3617 951 3683 laeto
974 3640 1126 3684 successu
1141 3619 1316 3703 fundimus,
1334 3622 1509 3687 cumomni
1530 3621 1772 3707 gratificatione

338 3726 371 3783 et
403 3715 603 3802 obsequendi
630 3718 737 3782 studio
767 3719 973 3800 coniunctas,
1017 3719 1236 3799 significamus
1261 3721 1552 3785 reverendissimae
1579 3723 1772 3806 paternitati

339 3837 379 3880 ac
405 3813 645 3879 illustrissimae
674 3815 801 3900 gratiae
828 3825 968 3898 vestrae,
998 3817 1085 3905 quod
1111 3819 1248 3882 loannes
1276 3841 1296 3882 a
1323 3818 1473 3903 Diskaw,
1499 3819 1664 3884 studiosus
1693 3843 1772 3886 sane

339 3937 378 3978 ac
400 3912 505 3977 bonus
526 3911 724 3996 adolescens,
752 3913 893 4000 supplex
920 3938 941 3980 a
960 3917 1055 3982 nobis
1083 3916 1235 4002 precibus
1258 3917 1468 4001 contenderit,
1496 3919 1771 4007 quemadmodum

339 4037 382 4078 ex
402 4011 529 4076 inclusa
551 4009 614 4076 hac
634 4011 788 4078 schedula
807 4023 897 4100 patet
918 4014 1025 4098 latius,
1047 4037 1110 4102 quo
1131 4039 1192 4101 pro
1214 4039 1249 4080 se
1271 4015 1494 4082 celsitudinem
1509 4028 1651 4083 vestram
1672 4021 1771 4084 inter-

295 4110 544 4200 repelleremus,
572 4120 607 4174 ut
627 4113 682 4198 qui
710 4123 904 4199 agnatorum
927 4137 1058 4180 suorum
1079 4137 1180 4201 opera
1208 4118 1251 4180 sit
1279 4115 1500 4202 superioribus
1527 4117 1643 4184 dicbus
1674 4117 1770 4184 bene-

337 4211 447 4276 ficium
476 4209 638 4294 quoddam
666 4223 868 4294 consecutus,
896 4213 983 4301 quod
1011 4216 1080 4279 sine
1110 4237 1170 4279 sua
1191 4216 1288 4302 crdpa
1317 4217 1419 4282 sitin
1447 4215 1546 4281 alium
1573 4218 1769 4282 translatum

337 4319 468 4398 postea,
494 4319 531 4373 ut
557 4307 776 4376 illustrissima
803 4314 912 4398 gratia
943 4324 1054 4378 vestra
1081 4313 1254 4380 clementer
1285 4314 1349 4380 boc
1379 4315 1477 4381 vellet
1505 4315 1568 4382 sibi
1596 4317 1769 4403 indulgere

338 4419 371 4474 et
401 4406 588 4492 concedere,
620 4432 681 4496 quo
711 4412 855 4498 inopiam
883 4435 974 4477 suam
1002 4411 1054 4477 hic
1082 4421 1264 4478 sustentare
1285 4425 1317 4479 et
1339 4414 1498 4480 bonarum
1519 4418 1638 4482 artium
1662 4417 1770 4482 studia

337 4531 375 4574 eo
398 4507 586 4594 diligentius
608 4511 698 4596 sequi
722 4520 843 4598 posset.
885 4510 925 4575 Id
954 4511 1042 4599 quod
1067 4533 1132 4577 non
1153 4511 1301 4578 volumus
1322 4513 1370 4579 illi
1391 4515 1563 4601 denegare,
1586 4519 1688 4582 immo
1710 4539 1771 4582 nee

294 4607 418 4674 sosatii
447 4608 501 4694 pie
529 4628 590 4670 nos
615 4607 722 4674 iacere
750 4631 847 4696 posse
875 4614 1071 4697 putavimus,
1104 4613 1297 4696 praesertim
1325 4636 1397 4678 eum
1427 4614 1658 4680 miserabiliter
1683 4613 1769 4704 [73⁸]

336 4716 527 4794 quereretur
554 4714 663 4769 actum
692 4706 732 4772 de
760 4710 826 4774 suis
850 4709 965 4774 studiis
986 4732 1057 4774 esse
1083 4720 1219 4796 propter
1239 4715 1427 4778 tenuitatem
1453 4724 1626 4799 parentum
1647 4725 1681 4780 et
1702 4716 1769 4781 ino-

335 4808 434 4894 piam,
464 4806 492 4868 si
520 4805 582 4870 hoo
603 4803 704 4869 veluti
726 4807 923 4874 adminiculo
945 4808 1183 4874 destitueretur.
1226 4808 1435 4900 Quapropter
1461 4815 1769 4882 reverendissimam

335 4905 565 4992 paternitatem
588 4916 792 4971 vestramne
819 4909 962 4992 gratiam
984 4907 1234 4974 illustrissimam
1260 4911 1422 4998 supplices
1444 4913 1655 5000 obtestamur,
1683 4915 1769 5003 quod

334 5005 449 5069 Ioanni
471 5028 491 5070 a
513 5002 653 5069 Dislraw
674 5002 865 5070 beneficium
888 5008 931 5072 ab
953 5009 1081 5093 agnatis
1104 5005 1253 5074 collatum
1275 5009 1414 5098 benigne
1436 5013 1614 5079 concedere
1636 5025 1669 5080 et
1696 5037 1768 5102 gra-

297 5105 423 5168 lttiose
456 5103 650 5169 confirmare
686 5101 847 5190 dignetur,
881 5117 917 5171 ut
948 5105 1149 5172 celsitudinis
1180 5119 1309 5174 vestrae
1340 5109 1553 5178 beneficentia
1586 5116 1769 5181 institutum
