3788 6078
352 466 414 534 594
862 461 913 516 oa
932 461 1117 516 meream
1135 461 1263 516 rmum

458 684 488 746 6.
511 696 558 744 DE
581 696 684 744 vo'rls
705 696 904 745 Puuffl'rrvls
926 697 972 744 ΕΤ
994 693 1272 744 ΟΟΝΤΙΙΜΕΗΟΒῙΒ
1294 693 1330 740 ll(
1351 691 1676 742 corvocsmortmos

787 795 981 844 Docrouurt
1003 796 1049 842 ΕΤ
1071 795 1107 844 m
1128 791 1349 843 summus

437 911 476 978 lu
490 910 782 977 couvooacionibus
803 910 980 994 doctorum,
1000 909 1205 976 examinibus
1225 907 1519 998 promovendorum
1540 909 1649 976 nullus
1670 909 1763 976 docto·

358 1035 430 1076 rum
448 1011 536 1076 dicat
551 1008 644 1076 alteri
657 1009 760 1076 verba
776 1009 1017 1094 contumeliosa,
1037 1009 1271 1092 maledictoris,
1292 1008 1509 1094 opprobriosa
1531 1021 1588 1074 aut
1609 1010 1765 1096 pungitiva

314 1121 333 1176 5
360 1111 420 1176 sub
448 1133 552 1198 poena
580 1111 675 1176 unius
703 1109 818 1176 floreui
845 1110 990 1174 reuenais
1017 1107 1164 1174 facultati
1189 1107 1412 1196 persolvendi3
1443 1107 1673 1174 nichilominus
1698 1129 1764 1194 pars

357 1209 522 1276 offendens
544 1211 630 1296 parti
652 1208 760 1274 laesae
780 1208 866 1274 ultra
887 1207 1007 1274 dictam
1029 1231 1167 1296 poenam
1193 1217 1320 1274 tenetur
1349 1209 1537 1274 satisfacere
1564 1210 1658 1272 iuxta
1678 1207 1765 1272 dicta·

359 1332 432 1376 men
451 1310 556 1374 tocius
575 1307 738 1373 facultatis
760 1307 811 1373 vel
832 1309 965 1372 maioris
991 1309 1111 1394 partis,
1141 1310 1169 1373 si
1192 1307 1274 1372 alias
1296 1309 1381 1372 inter
1402 1329 1457 1374 eos
1479 1306 1693 1374 amicabiliter
1713 1329 1768 1372 nou

359 1409 480 1498 poterit
501 1408 698 1474 intervenire
719 1409 927 1496 composicio.

432 1615 459 1676 7·
488 1623 584 1672 Narro
605 1624 801 1674 Doctorum
823 1625 979 1673 SECBE'I'A
1001 1623 1152 1674 consulu
1173 1623 1291 1670 Dsnsr
1315 1623 1362 1670 AD
1383 1622 1501 1670 EXTRA
1522 1623 1709 1674 usvunsffl

320 1753 353 1808 to
445 1738 592 1820 Quilibet
611 1739 777 1805 doctorum
799 1739 840 1804 de
861 1739 995 1806 oonsilio
1020 1738 1185 1805 facultatis
1216 1745 1347 1804 nostrae
1379 1739 1522 1804 existens
1550 1738 1709 1804 tenebitur
1729 1763 1769 1804 sc·

362 1849 453 1907 oreta
472 1838 598 1906 consilii
618 1839 707 1928 apud
729 1861 764 1904 se
785 1861 918 1904 servare
939 1848 972 1904 et
996 1839 1039 1906 ad
1060 1849 1154 1905 extra
1174 1860 1240 1904 nou
1260 1837 1421 1920 revelare,
1451 1839 1629 1926 praecipue
1655 1839 1771 1926 quando

361 1940 423 2006 hoc
444 1938 507 2005 sibi
528 1961 587 2027 per
609 1937 768 2004 decanum
789 1938 849 2005 sub
872 1949 964 2005 certa
984 1961 1089 2026 poena
1109 1939 1171 2004 fuit
1189 1939 1376 2006 iniunctum.

454 2145 482 2208 8·
512 2157 560 2204 DE
584 2155 955 2206 Vlcucsncanusutsru
977 2157 1084 2204 mrsu
1104 2153 1289 2204 bostonus
1311 2153 1459 2202 vlclssm
1481 2153 1695 2202 onrmmo.

444 2271 510 2338 Pro
545 2271 718 2337 concordia
746 2273 863 2338 maiori
897 2270 1059 2337 facultatis
1091 2267 1273 2336 medicinae
1302 2268 1509 2335 observanda
1543 2269 1670 2356 placet,
1700 2269 1774 2358 quod

323 2383 352 2438 1⁵
365 2372 515 2438 decetero
538 2370 840 2436 vicecancellarium
870 2373 904 2437 iu
932 2371 1102 2436 medicinis
1129 2368 1272 2435 habeant
1297 2368 1446 2434 doctores
1468 2369 1616 2435 vicissim
1645 2369 1686 2435 de
1712 2393 1774 2435 con·

364 2471 436 2538 silio
459 2470 623 2536 facultatis
644 2472 737 2536 iuxta
759 2469 904 2536 ordinem
928 2471 1009 2536 senii
1029 2492 1149 2536 eorum.
1190 2469 1236 2536 Et
1256 2470 1317 2536 lroc
1337 2471 1446 2558 ipsum
1467 2468 1608 2534 facrrltas
1630 2492 1688 2536 suo
1709 2481 1777 2536 tem·

363 2594 460 2658 pore,
484 2593 547 2657 quo
570 2569 687 2654 aliquis
707 2570 947 2658 promovendus
968 2569 1012 2637 ad
1033 2569 1204 2635 licenciam
1234 2568 1395 2635 admissus
1424 2569 1536 2652 fuerit,
1566 2569 1695 2634 domino
1721 2573 1776 2656 epi·

364 2693 463 2757 scopo
476 2668 736 2754 Merssburgensi
751 2670 817 2734 auis
838 2669 954 2734 litteris
975 2668 1162 2757 patentibus
1184 2669 1350 2734 insinuare
1371 2667 1477 2752 debet,
1499 2668 1667 2734 doctorem
1689 2671 1777 2734 nomi·

365 2768 488 2850 nando,
509 2768 562 2832 cui
591 2791 651 2832 sua
676 2770 790 2855 gracia
811 2767 853 2832 ad
875 2769 1068 2856 peticionem
1089 2778 1121 2832 et
1143 2767 1340 2834 desiderium
1365 2768 1531 2834 facultatis
1553 2767 1705 2855 dignetur
1725 2769 1776 2832 bac

321 2863 498 2954 aovi[3¹›]ee
527 2868 560 2932 in
588 2866 759 2932 medicinis
788 2869 988 2934 committere
1013 2865 1361 2935 vicecancellariatum.
1412 2867 1457 2933 Et
1486 2869 1514 2933 si
1541 2867 1653 2955 plures
1682 2867 1778 2955 aliquo

366 2965 718 3053 temporelioenciandi
738 2967 866 3050 fuerint,
888 2977 964 3032 tunc
984 2967 1271 3033 vicecancellarius
1294 2972 1340 3032 sic
1362 2965 1458 3032 datus
1479 2969 1620 3055 recipiet
1642 2990 1700 3055 pro
1721 2967 1778 3032 suis

365 3064 534 3132 laboribus
556 3066 729 3132 dumtaxat
751 3067 832 3132 duos
864 3066 1002 3133 florenos
1029 3069 1063 3132 in
1091 3089 1181 3132 auro.
1223 3067 1316 3132 Alios
1342 3067 1483 3134 florenos
1509 3065 1686 3133 distribuat
1706 3069 1780 3132 inter

364 3165 513 3232 doctores
534 3167 711 3232 inmediate
732 3175 917 3254 sequentes,
939 3169 986 3232 ita
1008 3165 1095 3254 quod
1116 3165 1253 3254 quilibet
1274 3165 1354 3232 duos
1375 3166 1515 3234 florenos
1543 3167 1672 3233 babeat
1712 3166 1779 3230 Pari

364 3266 459 3332 modo
480 3265 544 3333 alio
565 3276 712 3354 tempore
733 3266 797 3332 flet.
839 3265 896 3332 Sic
923 3265 1103 3354 aequalitas
1131 3265 1278 3332 laborum
1306 3276 1338 3330 et
1363 3267 1656 3332 emolumentorum
1684 3287 1780 3332 serva

323 3365 455 3431 tabitur
478 3366 561 3432 inter
583 3367 748 3448 doctores,
769 3387 853 3452 quae
875 3389 1020 3432 amorem
1041 3367 1259 3454 dubitatque
1280 3365 1496 3432 concordiam.

406 3571 436 3632 9.
466 3583 585 3631 Postlla
611 3583 804 3632 EPISTOLAE
827 3583 1032 3631 muranum:
1054 3583 1100 3632 AD
1122 3581 1319 3632 urlscorust
1338 3582 1661 3632 HEBBBBURGENSEH
1683 3581 1747 3632 PRO

763 3682 1131 3731 vrcncaucnnusalsru
1160 3681 1395 3731 musculum.

454 3797 537 3864 Oum
562 3797 775 3863 reverenciali
803 3797 1060 3886 promptitudine
1088 3799 1123 3864 in
1150 3796 1285 3884 singidis
1316 3796 1551 3884 complacendi.
1602 3795 1783 3864 Reverendo

367 3898 399 3962 in
423 3897 530 3963 Oristo
552 3907 656 3984 pater,
687 3897 816 3964 domine
843 3897 1009 3984 graciose!
1053 3897 1191 3964 Vestrae
1216 3899 1405 3986 paternitati
1432 3899 1609 3966 affectuose
1633 3919 1782 3964 commen·

325 3995 485 4062 meamus
508 3996 727 4064 venerabilem
748 3999 853 4062 virum
875 3999 946 4080 (aut
967 3997 1171 4063 venerabiles
1192 3999 1297 4072 viros)
1319 3997 1377 4080 .N.‚
1399 3999 1432 4062 in
1453 3997 1582 4063 artibus
1604 3996 1784 4064 liberalibus

368 4096 559 4182 magistrum
585 4099 654 4178 (aut
675 4095 864 4182 magistros)
886 4105 919 4161 et
945 4097 978 4162 in
1004 4095 1166 4162 medicina
1192 4095 1430 4162 licenciandum
1451 4107 1526 4176 (aut
1544 4096 1783 4175 licenciaudos),

368 4194 533 4261 humiliter
557 4195 788 4283 supplicantes,
809 4207 968 4284 quatenus
988 4203 1099 4262 vestra
1121 4195 1302 4262 reverenda
1325 4199 1505 4284 paternitas
1525 4196 1673 4262 medicae
1693 4193 1785 4260 facul·

367 4295 444 4359 tatis
474 4295 592 4360 intuitu
620 4293 871 4362 commendabili
897 4305 995 4382 atque
1020 4297 1152 4382 egregio
1173 4296 1245 4361 viro
1267 4296 1333 4379 .N.,
1362 4297 1486 4362 arcium
1512 4297 1673 4384 magistro
1701 4295 1786 4360 etin

369 4391 532 4458 medicina
564 4393 706 4478 doctori,
742 4395 948 4460 autoritatem
977 4394 1155 4460 concedere
1181 4393 1333 4482 dignetur
1362 4395 1509 4484 praefato
1543 4397 1701 4482 magistro
1724 4391 1785 4472 (vel

326 4493 527 4580 repraestatis
548 4494 729 4579 magistris)
751 4493 793 4559 ad
821 4516 978 4582 praesens
1005 4493 1206 4560 licenciando
1228 4495 1295 4576 (vel
1316 4493 1542 4574 licenciandis)
1571 4497 1607 4560 in
1626 4493 1786 4560 medicinis

369 4593 538 4659 licenciam
565 4593 762 4658 conferendi.
805 4593 901 4675 Quod
928 4595 1014 4658 votis
1043 4592 1190 4660 omnibus
1218 4594 1308 4681 apud
1331 4595 1467 4662 eandem
1487 4605 1632 4660 vestram
1654 4593 1786 4684 paterni·

368 4704 483 4776 tatem,
505 4691 614 4782 quoad
634 4715 823 4780 possumus,
845 4693 1025 4780 promereri
1048 4691 1258 4763 studebimus.
1305 4695 1429 4762 Datum
1450 4693 1624 4782 Leyptzck
1649 4695 1722 4780 ipsa
1740 4690 1787 4756 die

371 4791 420 4858 .N.
442 4791 605 4858 facultatis
627 4801 738 4858 nostro
761 4791 822 4857 sub
845 4791 962 4878 sigillo.

1129 4925 1268 4992 Vestrae
1289 4927 1493 5014 paternitatis

327 5033 361 5090 ⁴0
876 5023 1011 5090 humiles
1040 5033 1203 5108 oratores,
1232 5023 1376 5092 decanus
1402 5027 1564 5114 ceterique
1590 5027 1750 5094 facultatis

913 5124 1058 5190 medicae
1080 5123 1231 5192 doctores
1253 5125 1351 5194 studii
1373 5127 1512 5214 insignia
1532 5127 1712 5216 Lipaeuaia
