3748 6070
577 432 629 484 Dio
647 431 769 486 Statuten
784 447 847 486 vom
865 433 949 486 Jahre
968 431 1041 486 tots
1466 435 1528 498 287

94 623 206 700 gutum
228 623 263 679 et
284 611 441 678 mundum
465 613 654 678 conservari
676 623 813 701 oportet,
839 614 900 680 snb
922 635 1030 700 poena
1048 615 1144 680 unius
1164 611 1359 678 ioachimici.
1394 611 1529 678 Minime

95 715 191 778 etiam
215 711 312 778 decet
332 721 364 776 et
384 732 443 797 per
466 733 500 776 se
521 710 725 778 intolerabile
748 723 806 795 est,
835 723 872 778 ut
893 715 965 800 quis
986 714 1112 778 urinam
1138 721 1195 776 aut
1220 720 1345 776 stercus
1374 733 1416 776 cx
1437 710 1527 778 habi·

94 811 216 876 tatione
237 813 273 876 in
295 809 424 876 hortum
444 818 503 874 aut
522 832 634 876 aream
655 811 783 896 collegii
805 812 954 878 omnibus
977 811 1187 898 conspicuam
1207 808 1358 874 effimdat
1384 809 1527 876 Proinde

95 907 157 998 [25]
181 911 284 976 etiam
306 909 360 974 hic
383 929 443 994 pro
466 907 593 995 collegii
621 909 779 996 dignitate
808 923 840 975 et
870 909 1100 998 inquilinorum
1126 907 1346 974 incolumitate
1375 906 1528 974 decorum

94 1007 329 1091 observabunt,
357 1017 514 1094 quotquot
535 1008 666 1073 student
691 1007 852 1073 honestati
881 1018 913 1074 et
941 1009 1124 1074 mundiciei.
1168 1007 1268 1073 Secus
1297 1006 1421 1070 faciens
1450 1029 1526 1094 qua·
1553 1018 1570 1071 5

94 1108 219 1174 drantis
242 1103 430 1172 ioachimici
454 1106 608 1172 mulctam
628 1091 694 1173 luet
713 1109 820 1190 toties,
849 1110 976 1196 quoties
999 1106 1179 1192 deliquerit,
1206 1117 1302 1192 atque
1323 1110 1357 1170 in
1379 1104 1429 1169 his
1452 1127 1527 1170 cun·

96 1209 153 1272 ctis
180 1203 381 1270 famulorum
407 1203 525 1271 delicta
552 1205 701 1272 dominos
730 1207 813 1272 scire
840 1206 989 1273 volumus
1018 1207 1114 1293 ipsis,
1142 1227 1278 1292 quorum
1303 1203 1417 1269 famuli
1444 1212 1528 1288 sunt,

95 1303 213 1372 luenda
234 1324 317 1370 esse.

561 1438 608 1486 DE
628 1439 674 1504 VI,
694 1439 818 1487 DffllO
839 1440 886 1488 ΕΤ
907 1438 1057 1488 miurus,

688 1557 859 1606 Statutum
878 1557 945 1610 v11.
1539 1563 1570 1620 [ο

177 1667 261 1733 Cum
288 1667 487 1732 universitas
515 1678 628 1733 nostra
650 1665 714 1757 [26]
735 1669 961 1735 laudatissima
990 1673 1105 1757 cuique
1132 1667 1269 1755 collegio
1299 1689 1389 1733 suam
1417 1669 1452 1732 in
1480 1669 1528 1732 in·

99 1765 235 1853 quilinos
257 1764 516 1831 iurisdictionem
537 1766 684 1850 liberam,
706 1768 737 1834 h.
757 1791 784 1833 e.
804 1771 967 1854 integrum
987 1771 1038 1834 ius
1053 1765 1241 1832 vindicandi
1263 1768 1400 1831 iniurias
1421 1767 1529 1832 dome·

99 1868 204 1948 sticas,
227 1863 270 1929 ab
291 1866 426 1951 antiquo
441 1863 617 1952 reliquerit,
640 1867 668 1931 si
690 1869 781 1952 prius
803 1866 845 1932 ab
867 1866 1055 1932 academiae
1075 1876 1201 1930 rectore
1220 1886 1286 1930 non
1306 1866 1420 1930 flasset
1442 1875 1529 1930 anta·

97 1985 236 2046 versum,
268 1986 331 2049 par
353 1971 410 2046 cst,
435 1973 469 2028 ut
490 1965 540 2028 ius
560 1974 716 2046 nostrum,
744 1967 827 2032 sicut
855 1967 1026 2054 quondam,
1056 1968 1102 2030 ita
1128 1986 1214 2029 nunc
1241 1985 1368 2051 quoquc
1396 1987 1529 2052 usurpe-

96 2085 175 2128 mus.
218 2060 370 2126 Verhera
402 2063 511 2150 itaque
542 2065 576 2128 in
609 2062 745 2149 collegio
776 2067 926 2151 cuiqnam
959 2065 1143 2151 impingens
1176 2062 1228 2128 vel
1262 2063 1377 2150 quavis
1409 2064 1529 2130 iniuria
1540 2071 1571 2127 15

98 2161 241 2226 efficiens
262 2161 350 2246 parti
371 2159 481 2226 laesae
503 2163 682 2228 satisfaciat
703 2171 735 2227 et
756 2186 895 2250 poenam
910 2167 1003 2229 iuxta
1021 2162 1149 2248 collegii
1165 2161 1331 2227 decretum
1353 2162 1528 2248 persolvat,

98 2259 136 2324 de
162 2255 354 2346 iniu[2¹l]ria
375 2259 501 2324 verbali
524 2260 726 2347 imperialem
750 2285 865 2346 unum3
898 2263 925 2328 si
954 2272 1052 2330 atrox
1076 2261 1252 2326 verborum
1272 2261 1394 2325 iniuria
1419 2261 1528 2344 frierit,

97 2357 280 2446 duplicetur
307 2357 359 2422 vel
390 2359 488 2424 etiam
515 2359 694 2446 triplicetur
721 2360 859 2445 mulcta,
902 2361 942 2427 de
975 2361 1183 2448 percussione
1211 2361 1279 2426 sine
1307 2362 1528 2425 cruentatione

98 2457 176 2522 duos
203 2455 410 2544 imperialem
440 2458 467 2521 si
490 2461 710 2524 cruentaverit
740 2462 809 2526 aine
830 2459 973 2542 vulnere,
1000 2470 1067 2524 tres
1095 2457 1296 2545 imperiales3
1324 2459 1353 2522 si
1380 2457 1528 2524 vulnera-

97 2558 189 2638 verit,
210 2557 353 2644 quinque
373 2557 574 2644 imperialem
604 2558 633 2621 si
660 2559 868 2642 mutilaverit,
898 2559 1009 2625 decem
1031 2557 1226 2645 imperiales.
1266 2556 1393 2637 Quodsi
1413 2557 1572 2624 horumne

98 2655 271 2742 quicquam
294 2656 328 2718 in
356 2665 537 2720 curatorem
567 2655 694 2722 illiusve
717 2660 900 2724 ministrum
922 2658 973 2724 vel
998 2657 1097 2723 alium
1124 2659 1222 2721 etiam
1251 2655 1409 2742 collegam
1434 2655 1530 2721 huius

98 2753 225 2840 collegii
256 2757 328 2843 quis
358 2754 564 2837 commiserit,
591 2778 652 2843 pro
681 2759 800 2822 iniuria
826 2758 962 2840 verbali,
986 2753 1049 2844 [28]
1072 2757 1137 2820 nisi
1166 2766 1261 2820 :rhox
1283 2755 1390 2836 fuerit,
1418 2755 1530 2820 decem

97 2853 300 2940 imperiales,
331 2855 358 2918 si
384 2853 523 2919 verbera
552 2855 727 2942 impegerit
755 2863 824 2920 sine
854 2859 1075 2922 cruentatione
1104 2864 1136 2918 et
1163 2853 1365 2936 vulneribus,
1395 2855 1530 2938 triginta

99 2951 287 3040 imperiales
309 2953 434 3018 solvito.
466 2951 518 3016 De
539 2952 727 3020 vulneribus
750 2976 827 3019 vero
847 2965 880 3019 et
900 2955 1122 3018 cruentatione
1144 2975 1250 3040 poena
1270 2951 1432 3038 condigna
1455 2973 1529 3016 con·

101 3053 252 3116 stituetur
283 3053 444 3117 sententia
473 3051 613 3138 collegii.
656 3051 700 3118 Et
730 3055 851 3140 poterit
879 3050 1048 3138 collegium
1078 3053 1113 3116 in
1142 3053 1193 3116 his
1223 3051 1372 3116 omnibus
1401 3049 1570 3116 delictis25

100 3151 201 3214 etiam
223 3152 364 3216 maiores
391 3172 516 3238 poenas
538 3149 646 3216 dicere
667 3173 728 3238 pro
750 3173 960 3238 personarum
984 3160 1016 3215 et
1037 3149 1146 3216 delicti
1169 3149 1334 3238 qualitate.
1373 3149 1528 3215 Gladium

97 3251 152 3336 qui
180 3251 351 3314 strinxerit
377 3250 412 3314 in
439 3247 569 3335 collegii
595 3259 689 3335 parte
717 3249 862 3338 qualibet
888 3259 944 3315 aut
968 3247 1065 3314 telum
1094 3249 1309 3336 quodcunque
1335 3249 1543 3337 expedierit,

99 3345 320 3436 quam[29]vis
340 3371 405 3415 non
431 3351 638 3435 percusserit,
665 3349 767 3432 icerit,
795 3349 947 3431 emiserit,
973 3347 1117 3434 gladium
1145 3357 1201 3412 aut
1221 3345 1435 3413 bombardam
1462 3357 1527 3412 tra-

99 3449 166 3514 dito
189 3458 222 3514 et
244 3447 473 3513 ioachimioum
494 3470 593 3512 unum
617 3446 743 3513 solvito.

307 3630 353 3678 DE
374 3630 581 3680 floruerunt:
603 3630 784 3679 SERVANDA
804 3631 850 3678 ΕΤ
871 3629 1050 3679 ruentum
1071 3627 1318 3679 TURPITUDINE·
1536 3623 1571 3684 30

673 3767 849 3818 Statutnm
871 3767 959 3817 Vlll.

181 3879 236 3946 Ad
264 3876 475 3964 collegiorum
502 3877 703 3944 honestatem
731 3880 986 3946 conservandam
1011 3879 1211 3968 magnopere
1237 3882 1350 3967 refert,
1379 3904 1399 3947 a
1427 3885 1542 3949 sacris»

99 3977 272 4046 Musarum
305 3977 441 4043 aedibus
470 4000 604 4064 prorsus
637 3981 742 4045 arceri
774 4002 885 4045 omnes
916 3981 1053 4046 infames
1087 3990 1119 4044 et
1151 3991 1322 4068 suspectae
1352 3982 1530 4069 pudicitiae

98 4073 333 4168 mu[30]lieres.
364 4077 515 4164 Ideoque,
536 4099 576 4142 ne
599 4079 632 4141 in
654 4079 735 4166 ipsis
757 4076 979 4144 doctrinarum
1000 4079 1135 4145 aedibus
1157 4079 1218 4146 deo
1238 4082 1446 4164 consecratis,
1472 4081 1530 4146 uhi

97 4180 203 4243 omnis
228 4177 375 4261 virtutis,
407 4176 586 4242 honestatis
615 4186 648 4241 et
677 4177 872 4243 christianae
902 4179 1032 4265 pietatis
1058 4179 1217 4244 institutio
1246 4199 1311 4243 non
1342 4178 1445 4243 solum
1473 4188 1571 4246 oreti

97 4277 195 4360 tradi,
223 4274 283 4342 sed
306 4277 378 4363 ipso
399 4297 527 4364 quoque
554 4275 639 4341 facto
662 4279 809 4342 exerceri
831 4275 941 4360 dehet,
973 4276 1112 4343 dedecus
1139 4276 1271 4364 aliquod
1299 4279 1528 4360 committatur,

97 4376 256 4458 volumus,
285 4397 394 4442 omnes
416 4377 510 4440 huius
533 4373 661 4461 collegii
681 4375 855 4464 inquilinos
882 4376 1013 4464 pietatis
1042 4375 1284 4462 honestatisque
1303 4399 1461 4442 memores
1483 4378 1526 4443 ab

97 4477 159 4542 hoc
182 4473 368 4540 detestabili
389 4475 534 4539 facinore
557 4476 686 4540 omnino
714 4475 886 4542 abstinere.
930 4475 966 4540 Si
995 4475 1104 4561 itaque
1133 4483 1334 4560 compertum
1361 4477 1467 4557 fuerit,
1494 4477 1528 4540 in

97 4575 230 4664 aliquod
254 4569 319 4662 [31]
343 4573 497 4639 conclave
523 4573 761 4641 habitationum
787 4574 902 4640 harmn
927 4571 1055 4638 aedium
1076 4571 1293 4638 introductam
1321 4598 1392 4640 esse
1418 4574 1528 4640 mulie-

97 4699 166 4740 rem
189 4681 360 4761 suspectae
380 4673 558 4762 pudicitiac
581 4675 650 4739 sive
676 4675 711 4738 in
739 4673 806 4741 ulla
832 4682 926 4761 parte
953 4671 1081 4738 aedium
1109 4692 1182 4736 cum
1209 4673 1368 4740 eiusmodi
1394 4672 1571 4740 mulia-ero

98 4774 294 4840 collocutum
316 4783 522 4838 versatumve
549 4774 733 4861 quempiam
764 4796 845 4857 csse,
873 4773 1010 4856 denique
1038 4769 1253 4857 quodcunque
1279 4771 1374 4838 huius
1401 4773 1530 4858 generis

97 4873 259 4961 flagitium
290 4873 389 4938 fuerit
417 4870 668 4958 deprehensum,
697 4871 738 4938 ob
764 4873 798 4936 id
827 4874 862 4936 in
887 4871 1048 4936 indicatos
1076 4871 1306 4958 convictosque
1333 4879 1455 4936 statrrta
1481 4879 1530 4934 est

96 4973 220 5039 mulcta
248 4970 448 5037 thalerorum
480 4971 679 5058 integrorum
712 4979 865 5057 quatu0r3
899 4969 1017 5058 quodsi
1048 4990 1126 5034 vero
1160 4968 1201 5036 de
1232 4979 1325 5036 nocte
1355 4967 1420 5034 tale
1452 4969 1531 5055 quid

98 5073 318 5155 commissum,
346 5069 544 5136 thalerorum
574 5070 703 5153 decem;
732 5071 761 5135 si
781 5071 898 5136 iterum
920 5069 1061 5136 dedecus
1081 5067 1170 5134 istud
1191 5067 1389 5152 admittatur,
1412 5061 1476 5156 [32]
1500 5077 1532 5136 et
