3762 6074
323 431 384 496 47ss
815 437 865 488 Dic
883 437 1102 502 philosophische
1123 439 1251 488 Facultit

323 613 380 678 riis
398 615 627 702 magistrorum
644 619 841 686 interfuerit¹
862 629 930 686 tam
945 620 1010 703 diu,
1033 620 1136 687 donee
1151 619 1300 686 adminus
1314 620 1454 708 quinque
1468 621 1619 708 magistri
1635 643 1741 708 argue·

322 712 412 798 bant,
434 715 462 780 si
484 717 597 782 saltem
619 727 666 783 tot
686 719 734 785 ibi
755 721 874 786 fuerint
893 722 1043 808 magistri
1064 731 1247 808 arguentes.

391 919 437 981 13.
461 935 634 994 enormes
656 937 890 989 numeratam
912 939 1038 987 Danaus
1060 937 1240 988 Domlcla
1261 937 1471 986 Tmunrua
1493 937 1683 986 oanmaata

528 1033 530 1042 '
944 1039 1120 1087 saamssa.

279 1172 296 1228 5
927 1175 986 1238 Vgl.
1005 1174 1083 1234 XIII,
1104 1175 1142 1226 18.

405 1301 518 1367 Nullus
538 1303 780 1390 magistrandus
805 1307 838 1370 in
860 1305 984 1370 artibus
1004 1303 1100 1372 debet
1120 1303 1247 1369 admitti
1270 1303 1313 1369 ad
1339 1313 1538 1392 temptamen
1561 1327 1623 1392 pro
1645 1304 1745 1390 gradu

323 1401 512 1486 magisterii,
538 1403 602 1466 nisi
626 1404 660 1468 in
680 1405 883 1470 consciencia
906 1429 965 1469 sua
986 1404 1083 1486 dieat,
1111 1403 1199 1492 quod
1225 1405 1318 1491 prius
1340 1405 1374 1468 in
1396 1405 1531 1490 triginta
1553 1404 1745 1492 disputacio-

321 1498 417 1564 nibus
438 1501 612 1567 ordinariis
634 1502 889 1570 baccalariorum
910 1506 1068 1592 arguebat
1078 1505 1100 1588 ²,
1129 1504 1157 1569 si
1179 1503 1292 1568 saltem
1319 1502 1424 1570 locum
1448 1504 1609 1590 arguendi
1630 1504 1745 1570 habere

319 1601 468 1685 potuerit.

283 1773 314 1828 ¹⁰
552 1776 599 1837 14.
621 1789 668 1836 na
686 1788 943 1840 nnrorsrmnn
966 1789 1154 1838 onnmsnu
1174 1786 1478 1837 nsccsnseroann.

922 1927 982 1990 vgt.
1001 1926 1077 1992 xm,
1095 1925 1136 1976 ne.

402 2050 523 2135 Placet,
553 2053 640 2142 quod
668 2055 803 2143 quilibet
828 2055 1033 2122 baccalarius
1059 2064 1206 2120 teneatur
1227 2055 1262 2118 in
1283 2051 1398 2118 ordine
1428 2075 1486 2118 sue
1509 2051 1564 2117 die
1586 2051 1745 2119 dominico

320 2149 486 2237 disputare
505 2163 538 2217 et
559 2176 631 2219 cum
648 2154 857 2222 intimacione
878 2155 1011 2244 publica
1031 2177 1095 2220 non
1123 2154 1228 2219 solum
1254 2152 1295 2217 ad
1318 2150 1432 2216 valvas
1455 2149 1669 2237 collegiorum
1690 2153 1743 2218 sed

319 2252 422 2316 eciam
444 2251 488 2318 ad
508 2252 641 2320 bursam
661 2255 833 2337 facultatis,
855 2279 938 2344 quae
960 2265 1010 2320 est
1030 2253 1119 2319 locus
1140 2253 1354 2340 paedagogii3
1377 2260 1409 2315 et
1429 2273 1495 2316 non
1515 2253 1629 2339 capiat
1650 2275 1742 2340 quae

280 2351 442 2416 ustiones
460 2354 523 2416 nisi
544 2355 579 2418 in
598 2353 694 2440 loyca
715 2365 746 2419 et
759 2355 965 2442 philosophia
986 2353 1135 2436 naturali,
1155 2376 1216 2418 nec
1231 2351 1435 2439 sophismata
1447 2351 1512 2414 nisi
1525 2352 1561 2415 in
1582 2374 1742 2437 gramma·

319 2449 385 2515 tica
413 2461 445 2516 et
473 2451 582 2539 loyca,
611 2452 672 2519 sub
699 2477 806 2540 poena
833 2453 944 2520 decem
973 2476 1175 2540 grossorum,
1204 2475 1264 2538 per
1293 2449 1452 2514 decanum
1484 2448 1544 2514 snb
1576 2474 1636 2516 suo
1665 2453 1745 2516 iura·

319 2559 427 2615 mento
445 2547 599 2636 'rigorose
624 2551 917 2641 extorquendorum
941 2575 961 2617 a
989 2553 1251 2618 contrafaciente.
1294 2549 1338 2613 Et
1365 2556 1539 2636 antequam
1566 2549 1745 2616 huiusmodi

322 2647 520 2715 ordinariam
542 2650 798 2737 disputacionem
821 2651 938 2738 aliquis
960 2651 1218 2718 bacoalariorum
1240 2647 1458 2736 compleverit,
1486 2647 1529 2714 ad
1552 2659 1746 2738 temptamen

321 2770 382 2835 pro
405 2749 512 2834 gradu
530 2752 709 2837 magisterii
730 2753 861 2816 minime
880 2751 1079 2816 admittetur.

279 2955 314 3012 20
358 2953 404 3016 15.
426 2966 473 3014 nn
493 2967 717 3018 ssccsnsans
736 2969 873 3018 samma
897 2969 1117 3018 vonnnrmns
1139 2967 1174 3014 nv
1195 2965 1274 3042 isra
1295 2965 1551 3016 numnasirsrn
1574 2965 1708 3016 rnore-

851 3069 933 3117 vam
955 3069 990 3116 m
1011 3067 1215 3116 uso1sraos.

932 3205 992 3268 vgt.
1010 3205 1084 3270 xm,
1103 3203 1142 3255 14.

403 3331 516 3400 Nullus
545 3333 763 3420 baccalarius,
790 3337 923 3402 veniens
953 3335 995 3401 de
1020 3335 1087 3401 alia
1112 3334 1338 3415 universitate,
1368 3335 1557 3421 promoveri
1583 3331 1681 3400 debet
1706 3333 1744 3398 ad

319 3431 456 3518 gradum
478 3437 658 3521 magisterii
679 3437 714 3502 in
736 3435 870 3518 artibus,
897 3437 961 3500 nisi
982 3437 1074 3522 prius
1103 3435 1230 3500 steterit
1256 3433 1291 3496 in
1317 3435 1381 3498 ista
1406 3435 1621 3498 universitate
1649 3432 1742 3498 admi·

278 3539 381 3596 tenus
403 3533 446 3597 ad
472 3533 640 3600 dimidium
667 3559 798 3619 annum,
826 3547 858 3600 et
885 3533 1059 3600 dummodo
1082 3533 1278 3598 sufficientes
1299 3532 1551 3599 informaciones
1573 3533 1689 3599 feccrit
1708 3533 1743 3598 de

319 3630 490 3698 audicione
510 3633 668 3700 librorum
687 3635 720 3698 in
741 3633 808 3700 alia
829 3635 1049 3700 universitate.

386 3844 591 3894 escensana
612 3848 799 3896 sessuros
820 3847 949 3898 suniae
972 3847 1041 3896 eso
1063 3845 1181 3894 eosne
1203 3845 1476 3895 assonarmrnu
1497 3847 1535 3896 nv
1557 3847 1680 3896 effluo-

859 3948 984 3996 sorius
1004 3929 1209 3995 aaronem

404 4077 482 4142 Item
503 4077 610 4144 nullus
631 4079 888 4146 baccelariorum
909 4079 942 4142 in
973 4078 1097 4143 artibus
1125 4076 1254 4143 admitti
1281 4075 1378 4142 debet
1405 4077 1448 4142 ad
1476 4089 1676 4167 temptamen
1696 4079 1741 4145 vel

279 4184 459 4240 30examen
487 4199 547 4264 pro
574 4180 680 4264 gradu
703 4181 891 4268 magisterii,
919 4181 983 4244 nisi
1010 4177 1159 4244 adminus
1181 4177 1352 4264 diligenter
1372 4177 1471 4243 semel
1498 4181 1742 4268 resumptionem

320 4273 483 4340 facultatis
505 4279 538 4341 in
560 4279 769 4367 philosophia
790 4278 930 4344 naturali
951 4277 1115 4343 audiverit
1136 4287 1168 4342 et
1187 4300 1248 4364 pro
1275 4299 1314 4342 ea
1335 4277 1467 4343 realiter
1485 4289 1518 4344 et
1539 4302 1612 4346 eum
1635 4281 1741 4346 effectu

321 4375 523 4440 satisfecerit

406 4649 416 4698 1
436 4640 493 4697 Am
509 4641 620 4696 Raude:
656 4643 735 4698 Haec
752 4643 886 4712 oblipetio
906 4644 1013 4698 decreto
1025 4641 1179 4710 famltotis
1195 4642 1337 4696 mnittotrr·
1356 4645 1428 4698 1520.

405 4748 420 4798 2
438 4743 494 4798 Am
511 4743 623 4799 Raude:
658 4743 739 4799 Haec
756 4763 862 4816 quoque
878 4744 1018 4814 odlipocio
1032 4743 1141 4798 satra
1158 4751 1205 4812 est,
1220 4751 1250 4797 ot
1266 4761 1360 4814 aspro,
1379 4746 1452 4799 teto.

405 4844 537 4902 3Dieser
552 4845 664 4901 Artikel
689 4851 788 4900 sammt
812 4846 901 4902 seiner
920 4844 1112 4904 Uebersclnift
1130 4843 1204 4899 steht
1221 4841 1273 4898 auf
1289 4845 1382 4900 Rasnr
1399 4845 1457 4900 und
1474 4845 1511 4900 ist
1529 4845 1611 4901 nicht
1629 4865 1682 4901 ron
1698 4846 1739 4901 der

320 4933 410 4984 ersten
428 4929 527 5000 Hand,
551 4931 669 4986 sondern
687 4929 738 4984 mit
756 4929 891 4987 blasserer
908 4930 991 4986 'Iinte
1009 4929 1188 5002 gesehrieben
1204 4929 1262 4984 und
1284 4929 1336 4984 mit
1357 4929 1539 4987 bldulicherer
1556 4929 1641 4988 Tinte
1660 4930 1738 4986 rubri·

321 5013 397 5070 ciett.
