3788 6078
600 428 651 478 Die
676 430 795 480 Stamten
818 444 880 480 vom
903 429 985 480 Jahra
1006 429 1076 483 1543.
1489 435 1549 498 573

128 633 187 697 pro
211 608 339 675 viribus
359 611 623 697 impugnaturum
647 633 733 694 esse,
760 620 791 676 et
817 623 1017 676 servatumm
1049 621 1170 678 statuta
1189 610 1351 677 facultatis
1372 611 1458 677 bona
1478 613 1550 680 fide.

127 708 181 774 Sic
203 732 255 773 me
277 708 355 774 deus
377 710 509 776 adiuvet
530 733 588 798 per
616 721 856 776 sacrosanctum
878 735 970 776 suum
991 711 1227 797 evangelium.“

209 808 389 890 „Promitte
416 813 565 897 insuper,
594 809 732 895 gradum
765 809 849 874 huno
881 833 933 875 me
959 834 1119 897 nusquam
1147 811 1375 897 repetiturum,
1413 812 1469 876 sed
1498 813 1551 877 hic

127 906 329 972 doctoralem
351 907 497 996 ordinem
518 910 605 974 intra
627 932 763 990 annum,
786 910 849 974 nisi
878 912 989 994 gravis
1021 934 1119 975 causa
1148 909 1270 991 obstet,
1297 919 1500 994 sumpturum
1520 921 1552 975 et

126 1009 255 1091 omnia,
287 1030 368 1094 quae
397 1008 441 1073 ad
470 1019 693 1074 ornamentum
721 1007 887 1073 facultatis
919 1020 1088 1095 spectant,
1122 1010 1213 1074 salva
1246 1009 1444 1072 conscientia
1475 1031 1550 1094 pro·
1575 1020 1591 1075 5

127 1117 298 1171 vecturum
326 1109 429 1172 esse.“

757 1239 919 1306 Doctoris.

211 1373 306 1460 „Ego
331 1375 380 1440 .N.
401 1376 483 1456 iuro,
506 1396 557 1439 mc
579 1396 692 1438 sanam
714 1374 892 1438 doctrinam
916 1375 1077 1461 evangelii
1098 1385 1129 1439 et
1150 1374 1243 1439 verbi
1258 1374 1391 1456 Christi,
1413 1374 1552 1462 prophe·

128 1482 234 1538 tarum
264 1484 296 1538 et
323 1473 544 1561 apostolorum
572 1473 744 1558 diligenter
767 1485 799 1539 et
819 1474 958 1540 fideliter
980 1475 1192 1555 traditurum,
1219 1475 1327 1538 omnia
1348 1496 1426 1539 vero
1446 1477 1550 1558 varia,

130 1581 267 1636 externa
289 1583 320 1637 et
346 1573 511 1638 haeretica
538 1573 693 1657 dogmata
722 1595 781 1660 pro
808 1573 933 1638 viribus
960 1574 1194 1639 declinaturum
1217 1585 1249 1637 et
1269 1575 1594 1659 imprrgnaturum310

129 1693 168 1735 ae
196 1670 237 1736 dc
257 1673 298 1736 iis
321 1695 467 1760 quoque,
496 1675 551 1760 qui
582 1671 625 1736 ad
650 1672 771 1757 gradus
794 1671 992 1758 theologicos
1016 1672 1221 1738 adsciscendi
1243 1682 1327 1753 sunt,
1350 1695 1499 1737 severum
1522 1685 1554 1738 et

129 1793 231 1856 grave
253 1773 471 1837 testimonium
492 1785 524 1835 et
549 1772 704 1837 iudicium
725 1767 789 1858 [lb]
812 1774 1098 1858 pronunciaturum
1128 1795 1214 1854 esse3
1249 1782 1280 1836 et
1308 1771 1392 1835 hanc
1419 1771 1552 1837 faculta-

129 1882 192 1934 tem
216 1882 247 1936 et
269 1871 412 1936 scholam
435 1872 478 1935 ad
500 1870 670 1935 utilitatem
692 1869 848 1934 ecclesiae
870 1880 901 1934 et
922 1871 1059 1956 gloriam
1083 1871 1206 1938 Christi
1224 1871 1298 1936 lesu
1318 1893 1455 1958 semper,
1477 1873 1554 1936 dum

129 1973 250 2052 vivam,
272 1973 306 2034 in
326 1970 474 2035 omnibus
495 1980 666 2034 aucturum
688 1981 720 2034 et
742 1979 929 2034 ornaturum
954 1993 1034 2035 esse.
1077 1971 1132 2035 Sic
1160 1994 1211 2035 me
1238 1970 1317 2035 deus
1343 1969 1475 2035 adiuvet
1495 1993 1554 2057 per

130 2080 373 2136 sacrosanctum
395 2069 529 2134 verbum
551 2071 674 2134 suum.“
1566 2079 1596 2135 15

762 2251 927 2301 EXTERNI.

754 2371 862 2436 Caput
886 2373 933 2422 Xl.

216 2483 284 2564 Qui
313 2481 444 2548 aliunde
472 2484 550 2548 satis
578 2484 667 2549 clara
696 2485 794 2550 studii
822 2487 872 2551 sui
899 2486 1092 2552 documenta
1120 2483 1277 2566 attulerit,
1299 2483 1376 2548 dum
1396 2484 1492 2550 modo
1514 2487 1556 2551 sit

134 2586 292 2670 magister
315 2584 450 2664 artium,
473 2583 694 2669 disputatione
715 2595 748 2648 et
769 2586 919 2649 examine
947 2585 991 2649 ad
1016 2586 1156 2670 primum
1184 2583 1323 2670 gradum
1351 2582 1556 2668 admittatur3

132 2687 187 2772 qui
211 2706 290 2748 vero
311 2681 544 2747 baccalaureus
567 2682 645 2747 alibi
667 2684 772 2748 sactus
794 2693 859 2764 est,
887 2684 984 2748 simili
1011 2686 1136 2749 ratione
1163 2682 1338 2748 secundum
1361 2692 1482 2747 statuta
1505 2694 1599 2750 arr-20

134 2787 266 2870 periora
294 2781 337 2846 ad
365 2780 621 2866 designationem
649 2783 767 2846 veniat.
811 2783 847 2846 Si
877 2785 947 2870 quis
974 2793 1081 2847 autem
1109 2783 1142 2846 in
1173 2783 1238 2846 alia
1266 2781 1433 2847 academia
1462 2784 1558 2848 fuerit

135 2895 271 2948 ornatus
287 2879 392 2966 gradu
407 2880 603 2962 doctoratus,
625 2881 688 2945 huc
706 2903 769 2946 non
783 2881 981 2964 admittatur,
1004 2884 1068 2947 nisi
1090 2884 1180 2970 prius
1202 2903 1261 2946 aex
1280 2904 1407 2946 menses
1429 2881 1558 2968 publice

133 2982 281 3048 docuerit
304 2981 337 3044 in
358 2979 530 3061 cathedra,
554 2980 654 3044 semel
680 2980 809 3067 publice
832 2981 1048 3067 disputaverit
1068 2991 1142 3046 ante
1164 3003 1204 3046 ac
1224 2991 1297 3068 post
1317 2980 1496 3062 meridiem,
1519 3004 1558 3047 ac

133 3082 269 3146 demum
291 3081 324 3144 in
347 3079 400 3144 die
430 3081 574 3144 convivii
602 3089 677 3142 ante
702 3080 875 3164 prandium
905 3103 1017 3145 sacrae
1042 3079 1224 3164 theologiae
1251 3079 1364 3145 laudes
1395 3079 1558 3146 declama·

132 3183 227 3246 verit.
269 3179 344 3246 Hoc
366 3179 422 3244 ubi
444 3180 577 3260 fecerit,
604 3177 761 3264 postridie
788 3203 808 3243 a
828 3179 981 3244 facultate
1007 3179 1139 3244 honeste
1166 3181 1288 3266 petenti
1317 3202 1393 3244 suus
1416 3181 1445 3244 ei
1468 3180 1599 3246 locus25

135 3279 383 3365 adsignabitur,
406 3281 453 3343 sie
477 3289 584 3342 tamen
607 3287 642 3341 ut
662 3276 774 3342 codem
802 3281 998 3362 iuramento,
1028 3299 1090 3364 quo
1117 3277 1266 3344 doctores
1295 3277 1424 3343 scholae
1451 3279 1556 3362 huius,

136 3380 369 3464 obstringatur.

220 3478 415 3544 Numerabit
436 3487 541 3542 autem
565 3499 679 3542 aurcos
703 3478 738 3542 in
758 3499 836 3542 auro
866 3479 1001 3563 triginta
1029 3475 1230 3560 doctoribus,
1261 3476 1389 3542 famulis
1418 3477 1559 3564 publicis

134 3580 216 3644 duos
240 3601 357 3644 aureos
369 3628 379 3662 ,
404 3580 432 3643 si
462 3578 554 3662 prius
584 3577 669 3641 nullo
699 3577 752 3643 hic
781 3577 887 3662 gradu
916 3577 1087 3642 decoratus
1119 3577 1225 3642 fuerit
1277 3576 1336 3642 Sin
1366 3587 1471 3642 autem
1504 3577 1558 3642 hio

135 3677 371 3744 baccalaureus
400 3687 449 3742 cst
477 3677 583 3742 factus
613 3675 794 3761 theologiae
824 3689 880 3742 aut
901 3676 1065 3742 biennium
1087 3675 1166 3762 legit
1193 3675 1339 3762 publice,
1369 3676 1600 3744 doctoribna³0

135 3801 200 3843 nou
223 3778 297 3864 plus
320 3777 411 3842 dabit
432 3777 549 3861 viginti
571 3780 688 3841 aurcis.

661 3993 842 4042 absolones
867 3993 910 4040 AC
939 3993 1040 4040 Locn.

759 4113 862 4176 Caput
878 4114 938 4164 ΧΠ.

221 4228 260 4292 ln
280 4225 479 4292 sessionibus
508 4226 691 4308 doctorum,
721 4227 961 4313 designatorum
991 4236 1022 4292 et
1049 4225 1334 4292 baccalaureorum
1362 4226 1560 4293 consuetudo

137 4327 338 4402 servabitur,
372 4327 435 4389 nisi
466 4325 554 4409 quod
587 4326 649 4391 hoc
681 4325 1020 4392 conmonefaciendum
1057 4337 1145 4409 erat,
1184 4325 1383 4390 licentiatum
1412 4328 1600 4416 quemvis35

137 4430 226 4492 intra
248 4448 366 4492 annum
388 4426 538 4512 primum,
559 4436 615 4490 aut
640 4427 667 4488 si
686 4425 765 4510 quid
786 4449 806 4490 a
829 4435 895 4491 toto
918 4425 1053 4512 collegio
1077 4425 1150 4512 plus
1172 4425 1361 4511 impetravit
1381 4429 1493 4514 spacii,
1516 4449 1558 4490 ex

137 4525 323 4592 rationibus
337 4524 490 4610 legitimis
506 4523 612 4588 locum
629 4547 720 4590 suurn
738 4548 801 4591 non
817 4525 973 4607 amittere,
996 4528 1024 4590 si
1044 4525 1095 4590 vel
1117 4524 1158 4591 ab
1181 4534 1313 4589 externo
1335 4525 1387 4590 vel
1406 4527 1560 4612 indigena

139 4629 209 4691 sive
236 4635 381 4690 nostrate
410 4625 445 4688 in
475 4623 643 4689 doctoratu
676 4635 913 4710 praevertatur.
967 4623 1051 4688 Nam
1079 4646 1142 4710 quo
1173 4626 1312 4711 primum
1339 4624 1393 4690 die
1418 4627 1560 4711 insignia

140 4723 325 4791 doctoralia
347 4727 468 4810 etipse
490 4724 622 4809 ceperit,
643 4735 840 4809 praeventus
862 4745 932 4788 esse
953 4722 1018 4789 diei
1039 4746 1103 4788 non
1123 4732 1239 4810 potest,
1262 4723 1319 4789 sed
1340 4723 1446 4789 locum
1468 4746 1560 4788 suurn

140 4834 174 4890 et
196 4823 345 4889 ordinem
364 4823 434 4887 acsi
454 4821 517 4904 illi,
540 4823 596 4908 qui
616 4819 728 4886 eodem
751 4845 835 4888 anno
857 4832 889 4887 et
908 4832 1053 4909 tempore
1072 4822 1222 4888 doctores
1243 4824 1322 4889 facti
1344 4833 1426 4905 sunt,
1446 4821 1602 4909 proculttl

139 4921 240 4991 dubio
264 4921 416 4986 tuebitur.
