3794 6060
518 460 614 520 bastart
631 461 678 511 aus
694 462 799 526 tlerzog
817 460 921 526 Georgo
938 463 1130 514 Reformatiou.
1496 465 1536 528 35

125 651 236 726 oteres,
255 640 463 707 Maecenates
486 665 525 708 ac
546 645 692 729 patroni,
715 665 788 708 eum
809 642 936 729 geniale
957 667 996 710 ac
1016 642 1125 710 natale
1151 665 1261 708 eorum
1284 643 1388 708 solum
1409 645 1537 712 foecun-

125 741 196 809 dum
216 742 360 827 argenti,
384 742 487 825 aeris,
509 743 655 829 frugum,
678 744 798 808 cereris
820 742 1000 830 bacchique
1026 743 1207 808 ubertatem
1234 741 1325 808 velut
1355 767 1397 808 ex
1424 747 1538 831 copiae

123 864 215 906 cornu
243 840 423 908 effimderet
453 843 710 930 corporibusque
741 844 864 908 victum
892 843 1016 908 affatim
1045 841 1287 929 suppeditaret,
1319 865 1360 908 ne
1386 841 1538 912 liberales

123 949 218 1023 artes,
239 942 422 1006 animorum
443 941 566 1027 pabula
588 943 856 1030 ingeniorumque
877 941 1038 1025 culturae,
1069 943 1103 1006 in
1124 963 1234 1006 eorum
1256 942 1352 1008 terris
1375 942 1535 1026 deessent,

121 1042 253 1126 genuino
272 1039 432 1106 bonarum
454 1043 571 1107 artium
593 1042 709 1108 ardore
729 1047 818 1128 capti
841 1051 873 1106 et
888 1041 1090 1123 inflammati,
1110 1063 1131 1106 a
1144 1043 1347 1106 sanctissimo
1359 1043 1393 1106 in
1406 1043 1562 1109 Christos

122 1149 208 1226 patre
227 1138 418 1206 Alexandro
440 1164 542 1229 papa,
565 1165 643 1206 suae
664 1141 891 1228 appellationis
913 1144 1043 1229 quinto,
1068 1143 1214 1226 precario
1235 1140 1452 1226 obtinuerunt,
1475 1167 1537 1231 quo

121 1239 322 1326 inLipsensi
350 1240 473 1327 oppido
500 1241 652 1327 generale
679 1241 840 1306 bonarum
873 1243 991 1308 artium
1019 1241 1227 1328 gymnasium
1255 1250 1287 1304 et
1313 1239 1442 1327 asylum
1465 1265 1538 1308 con-

121 1339 319 1422 stitueretur,
339 1340 384 1406 ad
405 1340 493 1428 quod
516 1365 589 1406 oum
611 1342 667 1408 alii
688 1352 758 1406 tum
778 1341 979 1427 Pragenses,
1008 1338 1109 1404 natali
1135 1340 1287 1404 destituto
1314 1341 1451 1427 oppido,
1473 1352 1538 1408 tur-

121 1438 226 1502 matim
253 1438 463 1506 advolabant
518 1441 619 1508 Cuius
652 1440 749 1506 beata
781 1443 813 1506 in
847 1440 977 1507 Christo
1007 1441 1187 1527 paternitas
1224 1461 1298 1504 cum
1328 1439 1447 1506 fertilis
1479 1441 1539 1517 soli

121 1539 285 1624 oppidum,
310 1538 497 1606 salubribus
519 1540 706 1623 esculentis,
737 1541 874 1606 candido
896 1539 1097 1626 delicateque
1120 1539 1288 1626 utriusque
1310 1543 1429 1606 cereris
1450 1564 1535 1628 pane
1549 1553 1580 1608 10

121 1639 337 1725 optimisque¹
358 1641 501 1726 potagiis
523 1663 563 1706 ac
584 1643 722 1728 privatis
745 1640 862 1727 opibus
885 1639 1072 1727 opulentum
1101 1647 1134 1702 et
1165 1639 1307 1704 amoenis
1336 1641 1537 1706 circumscri-

120 1747 206 1822 ptum
233 1737 334 1821 locis,
367 1739 537 1806 Musarum
559 1741 675 1806 studiis
696 1739 963 1823 accommodatis,
996 1739 1222 1825 comperisset,
1250 1739 1463 1824 ingenuarum
1486 1765 1536 1808 ar-

119 1838 193 1902 tium
214 1836 398 1924 palestram
421 1850 638 1926 opportunam
659 1841 728 1906 lore
752 1841 868 1906 sensit:

194 1971 346 2036 Primum
368 1972 456 2060 quod
469 1973 542 2038 illic
563 1996 619 2039 aer
642 1983 727 2037 esset
746 1982 962 2059 temperatus,
984 1995 1066 2059 quo,
1088 1980 1124 2036 ut
1143 1971 1331 2038 Herodotus
1353 1975 1418 2058 ait,
1438 1976 1538 2042 robur

119 2071 233 2156 ingenii
248 2081 425 2157 vegetatum
446 2075 617 2160 animaque
638 2073 829 2159 prudentior
849 2071 1006 2138 redditur.
1048 2072 1135 2136 Hinc
1157 2071 1290 2138 solertes
1319 2072 1435 2160 Attici,
1465 2079 1535 2164 pin·
1548 2089 1578 2143 tt

120 2189 194 2254 guas
214 2180 247 2235 et
269 2169 382 2236 obtusi
402 2170 552 2238 Thebani
573 2171 634 2237 sub
657 2195 768 2239 crasso
790 2173 879 2237 coelo
900 2171 1142 2258 praedicantur.

194 2301 328 2368 Deinde
349 2303 436 2392 quod
464 2304 620 2394 oppidum
653 2305 714 2371 hoc
742 2305 918 2393 tranquilla
944 2305 1106 2370 frueretur
1133 2327 1232 2392 pace,
1257 2328 1323 2392 qua
1350 2308 1474 2392 studia,
1502 2320 1539 2375 ut

117 2411 218 2468 cetera
238 2405 366 2487 omnia,
388 2407 510 2491 vigent

192 2521 366 2586 Postremo
406 2521 494 2610 qnod
528 2522 701 2609 indigenae
733 2522 866 2588 urbanis
899 2521 1066 2604 moribus,
1110 2523 1180 2586 sine
1212 2521 1331 2608 quibus
1370 2522 1538 2592 literarum

119 2619 267 2706 splendor
302 2619 492 2706 obsolescit,
527 2630 559 2687 et
587 2623 787 2688 humanitate
816 2621 972 2710 praediti,
1012 2623 1196 2708 principum
1227 2645 1357 2688 suorum
1390 2626 1582 2714 exemploto

119 2719 223 2786 doctos
245 2743 364 2786 curare
385 2720 603 2788 crederentur.

193 2837 239 2902 Et
264 2837 308 2904 ob
330 2837 365 2903 id
384 2837 567 2926 Lipsense²
588 2838 812 2924 gymnasium,
836 2836 896 2901 deo
917 2838 1059 2924 auspice,
1080 2838 1258 2922 roboravit,
1280 2839 1540 2905 corroboratum-

119 2959 176 3024 que
198 2961 267 3003 non
289 2936 484 3023 vulgaribus
506 2938 703 3026 privilegiis,
725 2936 931 3002 libertatibus
956 2947 989 3000 et
1008 2937 1267 3002 immunitatibus
1291 2939 1423 3006 dotavit
1467 2939 1540 3006 Hoc

117 3045 146 3098 et
173 3038 403 3102 sanctissimus
432 3038 466 3100 in
486 3038 616 3105 Christo
645 3047 739 3124 pater
759 3035 919 3102 Iohannes
941 3058 1045 3124 papa,
1073 3059 1151 3102 suae
1173 3036 1541 3124 appellationisXXHI,

117 3135 221 3202 multis
247 3135 494 3202 canonicatibus
517 3137 657 3204 dotavit:
690 3137 777 3224 quod
804 3147 836 3202 et
862 3136 1152 3202 reverendissimus
1178 3138 1211 3200 in
1234 3136 1363 3203 Christo
1386 3148 1480 3224 pater
1501 3149 1582 3204 aott

117 3232 279 3318 dominus,
302 3235 459 3302 Melchior
478 3236 595 3324 Megk,
617 3239 707 3304 Rom.
735 3236 892 3301 ecclesiae
919 3235 1111 3318 cardinalis,
1137 3259 1203 3300 nou
1222 3239 1351 3322 exiguis
1372 3239 1542 3325 stipendiis

115 3332 361 3421 locupletavit³
403 3335 477 3416 Quo
497 3337 646 3402 effectum
668 3347 730 3419 est,
752 3346 789 3400 ut
810 3339 844 3399 in
864 3357 901 3398 eo
922 3338 1065 3400 omnium
1085 3335 1276 3400 facultatum
1297 3335 1406 3401 studia
1425 3337 1541 3404 florue-

116 3435 177 3500 rint
198 3445 233 3500 et
255 3457 298 3500 ex
322 3458 370 3518 eo,
393 3435 482 3502 velut
504 3459 545 3502 ex
569 3459 651 3524 equo
674 3435 828 3517 Troiano,
851 3435 950 3500 animi
972 3434 1136 3499 sacunda⁴
1159 3434 1338 3500 eruditione
1359 3447 1391 3502 et
1414 3437 1542 3502 erudita

117 3533 272 3602 facundia
296 3535 522 3602 memorabiles
542 3537 723 3624 prodierint
745 3535 873 3623 aliaque
893 3535 958 3598 tria
978 3557 1043 3600 non
1065 3533 1196 3600 obscuri
1216 3537 1355 3602 nominis
1369 3540 1543 3623 gymnasia

119 3634 215 3700 veluti
240 3657 283 3699 ex
303 3634 416 3700 radice
438 3636 701 3722 pullulaverint⁵
742 3635 894 3709 Ceterum
921 3657 994 3700 oum
1024 3633 1261 3702 illustrissimus
1282 3647 1314 3702 et
1334 3639 1585 3722 generosissito

120 3968 178 4024 eine
195 3967 346 4025 Abschrift
362 3967 474 4039 Vogel's
489 3967 526 4021 im
544 3974 608 4024 tten
632 3967 730 4024 Bande
754 3969 843 4024 seiner
870 3965 1136 4022 handschriftliobeu
1161 3967 1354 4024 Collectaneen
1378 3968 1420 4024 Bl.
1438 3975 1488 4026 tos
1505 3969 1543 4042 fg.

120 4053 181 4124 Vgl.
199 4052 339 4110 Urlrnndl.
359 4051 476 4118 Quellen
493 4052 520 4108 S.
542 4058 587 4108 73¹
608 4069 634 4106 u.
650 4058 706 4110 871.
742 4053 796 4108 Die
808 4051 953 4108 Abschrilt
970 4052 1080 4124 Vogel's
1093 4053 1129 4106 ist
1142 4052 1260 4108 iiberaus
1273 4051 1391 4124 fliichtig
1403 4053 1545 4126 gefertigt.

121 4137 252 4193 Offenbar
280 4138 385 4192 lronnte
402 4137 494 4208 Vogel
520 4153 556 4191 an
581 4137 670 4192 vielen
686 4137 788 4193 Stellen
807 4136 858 4191 das
874 4136 946 4191 wohl
963 4137 1013 4192 mit
1030 4136 1237 4208 Abkiirzungen
1260 4137 1453 4210 geschriebene
1480 4140 1546 4196 oder

121 4222 271 4292 gedrucktc
290 4220 414 4292 Original
432 4221 510 4275 nicht
527 4221 608 4276 lesen.
646 4219 696 4276 Ich
713 4222 793 4292 habe,
810 4241 851 4278 wo
868 4223 935 4278 keiu
949 4221 1059 4276 Zweisel
1072 4221 1243 4278 obzuwalten
1257 4221 1360 4291 schien,
1376 4223 1545 4279 stillschwei·

120 4307 191 4376 gend
208 4305 360 4378 gebessert
395 4305 533 4362 Zuweileu
556 4307 592 4360 ist
608 4307 719 4378 Vogel's
741 4306 841 4362 bochet
858 4305 995 4378 sillertige
1012 4307 1096 4362 Hand
1113 4325 1185 4379 ganz
1204 4305 1377 4362 unleserlioh.

192 4413 204 4463 l
226 4408 404 4476 nemoque
415 4406 478 4462 liest
488 4407 584 4479 Vogel,
601 4407 742 4462 vielleicbt
753 4409 789 4464 ist
806 4425 842 4462 zu
857 4409 931 4461 lesen
948 4410 1132 4478 moramque&
1151 4407 1201 4461 das
1213 4406 1309 4462 meista
1324 4407 1380 4460 und
1392 4407 1470 4462 beate
1480 4407 1546 4464 Bier

123 4492 196 4546 ward
215 4491 365 4564 allerdings
383 4493 412 4546 in
428 4491 548 4564 Leipzig
565 4509 619 4546 von
639 4497 773 4548 auswdrts
792 4490 959 4564 eingefrihrt,
976 4491 1043 4546 aber
1060 4509 1089 4545 es
1106 4491 1181 4546 ward
1199 4488 1271 4546 doch
1287 4489 1361 4546 auch
1380 4491 1434 4546 viel
1451 4492 1479 4546 in
1492 4493 1545 4550 ¹der

123 4575 203 4630 Stadt
220 4576 306 4631 selbot
326 4573 460 4648 gebrant

190 4683 206 4734 2
222 4677 314 4748 Vogel
331 4677 452 4734 schreibt
470 4683 538 4732 stets
556 4679 724 4749 Lsprsfeasin
752 4676 897 4732 sicherlicb
921 4676 1002 4731 stand
1024 4676 1090 4732 aber
1109 4675 1138 4729 in
1156 4676 1246 4731 seiner
1261 4675 1384 4748 Vorlago
1394 4677 1544 4748 Liprerm'a,

123 4761 195 4818 donn
212 4763 257 4818 die
274 4762 358 4816 Form
376 4763 532 4834 amotam
549 4763 584 4818 ist
600 4764 653 4817 mir
670 4763 699 4816 in
717 4761 765 4816 der
783 4767 874 4816 ersten
894 4760 990 4816 Halon
1006 4761 1055 4815 des
1075 4766 1114 4817 16.
1132 4760 1230 4816 Jahrb.
1248 4761 1327 4816 nicht
1342 4761 1487 4833 begegnet

191 4863 262 4919 31m
279 4862 367 4919 Jahre
387 4869 459 4920 150³.
497 4864 561 4936 Vgl.
580 4861 717 4920 Urkundl
737 4862 854 4927 Quellen
871 4861 899 4918 S.
917 4869 980 4932 908,
999 4879 1040 4916 wo
1058 4861 1151 4916 walter
1170 4863 1316 4918 verwiesen
1335 4862 1377 4916 ist

190 4969 206 5018 t
215 4967 360 5036 facundia
376 4965 474 5036 Vogel.

193 5065 318 5121 tUeber
335 5065 402 5120 awai
421 5065 498 5120 kann
517 5065 581 5120 kain
608 5062 719 5120 Zweilel
745 5064 817 5144 sein,
840 5081 870 5118 es
894 5063 955 5118 sind
973 5063 1098 5120 Rostock
1113 5064 1202 5136 (1419)
1215 5061 1273 5116 und
1283 5058 1438 5116 Franklmt
1452 5061 1546 5118 ander

127 5144 199 5202 Odor
217 5147 322 5222 (1506);
343 5151 389 5205 die
405 5150 489 5204 drino
505 5150 542 5204 ist
559 5147 786 5204 wahrscbeinlich
798 5147 975 5220 Wittenberg
986 5147 1083 5220 (1502),
1100 5146 1259 5204 schwerlich
1275 5143 1439 5202 Greilswald
1450 5146 1545 5220 (1456).

1338 5242 1355 5297 3
