3758 6072
341 437 402 500 406
840 433 891 484 Die
909 432 1130 498 philosophiscbe
1147 433 1275 484 saeuus

344 625 438 682 textu
458 637 518 702 pro
543 623 688 702 tempore
710 613 804 682 simul
827 615 888 692 uti)
910 623 943 680 et
961 615 1047 704 quod
1069 615 1139 682 sine
1159 637 1259 680 causa
1280 613 1478 699 rationabili,
1493 615 1651 703 legittimo
1667 617 1764 706 impe·

348 715 489 782 dimento
509 724 665 797 cessante,
687 715 807 782 nullam
829 715 1009 798 lectionem,
1030 715 1136 804 quam'
1150 715 1264 782 audire
1285 713 1407 798 debuit,
1431 725 1486 782 sut
1508 719 1715 800 exercicium,
1734 720 1765 784 in

344 837 408 903 quo
437 823 525 880 stare
555 813 682 896 debuit,
707 813 868 902 neglexit,
895 837 915 880 a
943 815 1045 880 tercia
1071 813 1209 884 lectione
1235 823 1292 880 aut
1320 815 1481 881 exercicio
1513 813 1556 880 ab
1587 815 1765 904 inceptione

345 913 579 1002 computando,
602 922 649 996 et,
670 923 963 1002 quantumcumque
995 915 1117 1002 potuit,
1150 915 1217 979 sine
1249 913 1323 980 dolo
1354 925 1386 979 et
1414 913 1529 980 fraude
1557 935 1577 978 a
1609 915 1766 1002 principio

301 1023 317 1079 5
345 1013 514 1102 usquead
533 1013 631 1078 finem
651 1013 799 1079 lectionis
822 1024 879 1079 aut
905 1014 1058 1080 exercicii
1086 1015 1281 1102 permansit,
1309 1035 1369 1079 nec
1398 1013 1458 1079 sub
1487 1035 1553 1079 una
1580 1011 1664 1078 bora
1690 1013 1766 1079 duas

342 1113 497 1180 lectiones
513 1122 569 1178 aut
585 1111 650 1178 duo
672 1113 835 1179 exercicia
856 1113 979 1196 habuit,
1001 1135 1106 1200 neque
1127 1112 1213 1178 ultra
1235 1113 1318 1179 duas
1339 1112 1494 1179 lectiones
1516 1134 1584 1180 una
1604 1111 1659 1178 dis
1680 1113 1766 1180 audi-

344 1215 406 1296 vit,
435 1213 565 1300 dempto
594 1211 779 1294 Prisciano,
809 1235 904 1300 quem
931 1236 991 1300 pro
1019 1215 1121 1278 tercia
1146 1212 1267 1278 habere
1294 1221 1410 1302 potest.
1462 1210 1628 1292 Quociens
1663 1222 1767 1278 autem

346 1314 541 1378 exercicium
568 1321 624 1377 aut
650 1311 822 1377 lectionem
852 1314 922 1378 sive
946 1313 1099 1378 lectiones
1127 1313 1273 1399 neglexit
1293 1312 1345 1378 vel
1368 1335 1389 1376 a
1414 1311 1577 1398 principio
1603 1312 1767 1400 usquead

344 1412 440 1477 finem
461 1434 527 1477 non
548 1412 735 1501 permansit,
757 1419 789 1478 et
810 1434 920 1477 omnes
942 1412 1024 1477 alios
1046 1412 1200 1478 deffectus
1223 1435 1297 1478 suos
1320 1411 1417 1478 debet
1436 1413 1471 1476 in
1491 1409 1609 1476 cedula
1640 1433 1767 1476 suornm

305 1521 489 1594 toactuum,
518 1521 665 1599 tempore
693 1510 945 1598 dispensationis
973 1511 1228 1598 praesentanda,
1251 1535 1324 1577 cum
1346 1534 1461 1596 causa,
1482 1513 1511 1577 si
1538 1533 1637 1599 quam
1663 1509 1767 1590 habet,

343 1609 547 1677 conscribere
560 1622 592 1676 et
604 1612 798 1698 exprimere,
819 1621 850 1676 et
872 1610 1011 1697 desuper
1032 1609 1308 1698 dispensationem
1329 1622 1450 1699 petere.
1483 1611 1653 1698 Reputant
1665 1618 1766 1674 autem

345 1711 507 1796 magistri,
529 1710 725 1797 legittimum
738 1709 1003 1798 impedimentum
1020 1711 1089 1796 fore
1105 1711 1326 1777 infirmitatem
1348 1721 1404 1776 aut
1425 1709 1614 1776 absentiam
1636 1709 1700 1776 loci
1720 1707 1767 1774 vel

346 1809 479 1898 aliquod
501 1809 591 1876 aliud
612 1833 673 1897 per
694 1809 880 1875 facultatem
899 1809 1158 1898 approbandum.

763 1983 792 2044 4.
815 1993 862 2042 na
883 1993 984 2042 nono
1007 1991 1182 2042 sonvaunr
1203 1992 1352 2042 aaaron.

306 2118 338 2173 15
994 2112 1055 2176 vgr.
1073 2113 1111 2174 X,
1130 2115 1153 2162 7.

433 2227 514 2292 Item
537 2225 671 2315 quilibet
693 2227 933 2314 promovendus
954 2228 988 2292 in
1010 2226 1137 2293 artibus
1160 2225 1256 2291 debet
1277 2225 1488 2292 effectualiter
1515 2235 1592 2314 post
1620 2227 1766 2315 inceptio

345 2349 419 2391 nem
440 2325 615 2391 lectionum
636 2337 668 2390 et
688 2327 917 2392 exercitiorum
939 2327 1024 2392 infra
1044 2349 1187 2392 mensem
1207 2347 1267 2413 pro
1287 2323 1393 2414 gradu
1414 2348 1473 2413 per
1496 2347 1569 2390 eum
1592 2325 1767 2392 auditorum

349 2425 567 2490 satisfecisse¹
597 2448 658 2512 pro
696 2424 817 2490 eisdem
854 2426 1058 2492 taxatoribus
1091 2427 1185 2491 iuxta
1223 2437 1336 2490 taxam
1372 2448 1392 2491 a
1426 2424 1581 2490 facultate
1618 2427 1762 2512 positam,

347 2523 407 2588 sub
428 2545 535 2612 poena
554 2547 618 2590 non
639 2527 888 2610 computationis
915 2525 1002 2591 illius
1031 2525 1181 2592 lectionis
1207 2525 1260 2591 vel
1287 2526 1448 2590 exercicii
1491 2523 1639 2590 Tenetur
1666 2535 1766 2590 tamen

303 2633 338 2690 20
351 2624 425 2690 talis
447 2622 673 2690 nichilominus
693 2625 850 2709 magistro
872 2624 992 2710 legenti
1014 2635 1071 2690 aut
1092 2624 1271 2712 disputanti
1299 2623 1446 2711 plenarie
1469 2625 1672 2708 satisfacere,
1694 2623 1767 2692 alias

350 2725 393 2788 ad
415 2745 552 2788 examen
574 2722 899 2789 baccalariandorum
920 2747 986 2790 non
1015 2724 1221 2806 admittatur,
1248 2725 1296 2789 sic
1319 2723 1406 2810 quod
1435 2747 1496 2811 pro
1527 2723 1720 2790 lectionibus
1740 2733 1767 2786 et

348 2824 537 2904 exerciciis,
560 2824 587 2887 si
607 2821 699 2888 dives
721 2823 836 2906 fuerit,
859 2822 983 2888 scilicet
1004 2822 1194 2889 domicellus
1222 2823 1359 2888 alicuius
1387 2825 1537 2910 magistri
1560 2833 1618 2888 aut
1638 2823 1692 2889 hic
1713 2821 1766 2887 sub

346 2923 490 3010 propriis
514 2930 571 2986 aut
590 2930 761 3009 parentum
785 2945 915 2987 snorum
936 2921 990 2988 vel
1012 2925 1190 2988 amicorum
1210 2935 1267 2988 aut
1293 2921 1431 2987 aliorum
1460 2921 1635 3010 stipendiis
1663 2932 1694 2988 et
1719 2943 1767 2986 ex·

351 3025 461 3110 pensis
489 3019 633 3086 militans
660 3043 719 3086 seu
748 3021 900 3106 studens,
928 3022 1048 3088 solvatt
1080 3031 1182 3088 totum
1217 3021 1396 3087 secundum
1427 3032 1540 3088 taxam
1573 3043 1594 3086 a
1621 3020 1768 3088 facilitate

307 3123 489 3204 attactam
516 3123 641 3186 sivero
662 3122 695 3185 in
717 3130 810 3208 parte
831 3122 884 3187 vel
904 3123 937 3186 in
959 3133 1025 3189 toto
1054 3145 1088 3188 se
1115 3143 1248 3188 suarum
1267 3119 1434 3188 laboribus
1456 3143 1611 3186 manuum
1632 3133 1689 3187 aut
1708 3143 1768 3186 ser-

350 3221 444 3286 viciis
461 3221 562 3285 nutrit
574 3229 606 3284 et
619 3231 786 3302 sustentat,
808 3244 868 3308 pro
886 3222 1077 3288 lectionibus
1099 3231 1212 3306 totum,
1235 3219 1293 3287 sed
1314 3243 1374 3308 pro
1396 3222 1576 3304 exerciciis,
1600 3221 1767 3288 secundum

350 3319 437 3410 quod
458 3318 663 3384 taxatoribus
686 3319 859 3403 videbitur,
882 3320 996 3387 solvat
1040 3321 1075 3386 Si
1097 3345 1175 3387 vero
1198 3320 1328 3386 omnino
1348 3342 1484 3407 pauper,
1507 3316 1594 3408 [151’]
1616 3319 1768 3388 redimere

345 3422 506 3508 signetum
529 3419 644 3484 decani
664 3442 728 3484 non
753 3419 882 3502 valens,
905 3422 1011 3506 fuerit,
1033 3421 1133 3486 nichil
1154 3419 1267 3486 solvat

714 3591 743 3651 5.
770 3603 817 3650 na
841 3605 1004 3652 raimone
1027 3603 1399 3653 ascomannorum.

306 3695 340 3752 30
983 3707 1044 3772 vgl.
1064 3707 1096 3770 X,
1117 3707 1142 3758 9.

433 3801 514 3866 Item
535 3801 642 3868 nullus
660 3802 757 3867 debet
777 3801 904 3868 admitti
926 3805 969 3870 ad
990 3827 1128 3870 examen
1157 3802 1412 3886 baccalariatus,
1439 3803 1496 3890 qui
1524 3806 1618 3891 prius
1646 3806 1681 3870 in
1707 3805 1766 3870 alis

351 3902 561 3966 universitate
575 3925 639 3966 non
660 3904 757 3984 stetit,
778 3905 841 3968 nisi
863 3903 1011 3970 adminus
1033 3905 1066 3968 in
1088 3905 1151 3970 ista
1172 3903 1317 3968 steterit²
1338 3903 1432 3990 quasi
1453 3903 1497 3968 ad
1519 3903 1659 3970 alterum
1682 3905 1766 3970 dimi·

347 4000 436 4065 dium
449 4023 578 4082 annum,
601 4012 646 4068 ett
664 4002 727 4068 boc
745 3999 855 4089 ‘quasi'
879 4027 943 4070 non
964 4005 1123 4070 diminuet
1143 4003 1218 4092 plns
1241 4025 1339 4092 quam
1361 4025 1419 4067 sex
1439 4005 1653 4090 septimanas.
1695 4005 1768 4070 Item

353 4099 459 4166 nullus
482 4103 614 4166 vemens
637 4101 677 4166 de
697 4101 762 4170 alia
783 4105 994 4170 universitate
1016 4103 1203 4192 promoveri
1225 4101 1321 4168 debet
1342 4101 1385 4166 ad
1410 4103 1548 4188 gradum
1573 4103 1767 4170 baccalaria·

307 4209 416 4282 ³5tus,
436 4201 500 4264 nisi
526 4203 617 4289 prius
645 4205 770 4268 steterit
799 4205 833 4269 in
863 4205 926 4268 ista
954 4205 1166 4269 universitate
1195 4225 1254 4291 per
1276 4201 1417 4266 medium
1439 4223 1570 4287 annum,
1593 4217 1625 4269 et
1646 4207 1681 4271 in
1701 4209 1767 4286 ista

353 4299 438 4376 unde
454 4301 588 4384 venerit,
610 4303 713 4368 eciam
735 4302 820 4368 ultra
841 4302 983 4370 medium
1004 4327 1134 4387 annum,
1157 4310 1189 4369 et
1208 4300 1382 4367 dummodo
1405 4301 1603 4371 sufficientes
1623 4307 1767 4372 informa·

350 4401 454 4465 tiones
475 4400 589 4465 fecerit
610 4400 651 4466 de
673 4402 837 4468 auditione
857 4403 1015 4470 librorum
1037 4405 1071 4468 in
1093 4403 1159 4468 alia
1182 4403 1403 4467 universitate.

652 4558 681 4620 6.
709 4571 756 4618 ns
778 4570 1072 4620 naseossioumus
1093 4569 1468 4620 successamunosusa

974 4673 1034 4736 vgr.
1052 4673 1083 4732 x,
1105 4673 1143 4723 ιο.

307 4779 341 4835 to
432 4769 515 4834 Item
535 4767 641 4834 nullus
663 4768 760 4836 debet
781 4771 910 4837 admitti
932 4771 974 4837 ad
994 4793 1132 4836 examen
1153 4793 1214 4859 pro
1234 4771 1341 4858 gradu
1366 4772 1609 4840 baccalariatus
1637 4777 1670 4840 in
1699 4774 1766 4838 arti·

350 4868 421 4952 bus,
439 4869 503 4933 nisi
521 4869 627 4934 sexies
645 4871 850 4957 responderit
862 4871 1026 4937 ordinarie
1041 4881 1073 4936 et
1088 4873 1209 4936 tociens
1233 4874 1494 4939 extraordinarie
1516 4885 1583 4938 tam
1608 4874 1767 4962 magistris

436 5043 447 5090 1
466 5034 653 5092 Gescbrieben
671 5033 745 5088 steht
759 5037 928 5106 mafortem
944 5045 970 5093 ct
984 5053 1041 5110 pro
1060 5039 1167 5093 σὺάαιι.

434 5123 450 5174 2
465 5123 569 5176 stetsrit
583 5119 661 5176 fehlt
