3762 6074
529 507 620 556 Vierte
643 505 913 566 Statntenredactiou,
932 520 983 556 ron
1004 503 1179 558 ttae-tara.
1502 511 1560 574 461

141 696 256 775 quater
281 685 397 754 diebus
425 686 627 774 subscriptis.
675 687 715 752 In
741 689 924 754 mutacione
949 685 1098 752 aestivali
1119 685 1178 750 fiat
1198 687 1304 773 prima
1325 687 1455 754 taxaoio
1476 689 1564 754 circa

139 788 257 852 festum
279 785 407 852 Urbani
435 783 477 872 (d.
499 792 549 854 25.
570 791 641 850 Mai
647 789 670 869 ),
700 785 797 874 paulo
826 797 901 852 ante
922 786 975 852 vel
1004 799 1095 874 post,
1117 795 1149 850 et
1170 785 1254 850 aliae
1273 795 1339 852 tres
1366 785 1439 852 aliis
1460 787 1565 853 tribus

143 885 326 952 sabbatinis
348 885 464 950 diebus
484 885 566 950 hora
587 895 742 951 consueta
761 898 836 973 post
856 885 1040 972 prandium,
1060 884 1178 973 quibus
1198 884 1380 972 disputacio
1400 885 1566 952 ordinaria

143 985 258 1052 habita
278 995 337 1069 est,
358 987 452 1050 iuxta
474 983 707 1050 discrecionem
728 984 843 1050 decani
863 995 895 1050 et
916 1008 1045 1051 suorum
1067 993 1263 1066 taxatorum,
1285 983 1376 1050 salvo
1397 993 1506 1050 tamen
1528 1007 1566 1050 eo

141 1085 229 1172 quod
251 1087 355 1152 eciam
375 1084 529 1150 lectiones
550 1095 777 1150 concurrentes
799 1087 887 1150 circa
906 1086 1023 1150 festum
1044 1085 1225 1150 nativitatis
1236 1083 1363 1148 Mariae
1374 1089 1417 1161 (8.
1425 1088 1518 1165 Sept.)
1532 1096 1565 1150 et
1589 1095 1605 1150 ⁵

140 1187 238 1249 certis
256 1183 329 1249 aliis
343 1182 458 1249 diebus
473 1185 633 1248 consuetis
648 1193 811 1248 taxentur.
853 1185 891 1249 In
902 1185 1018 1272 hyeme
1030 1207 1107 1249 vero
1126 1183 1181 1248 fiet
1197 1185 1306 1271 prima
1327 1194 1407 1250 taxa
1428 1183 1565 1250 sabbato

142 1293 219 1368 post
238 1283 373 1348 Martini
396 1280 440 1368 (d.
464 1289 510 1350 11.
532 1285 710 1361 November)
734 1292 766 1348 et
793 1281 867 1348 aliis
891 1282 995 1348 tribus
1018 1282 1132 1347 dicbus
1155 1282 1337 1349 sabbatinis
1357 1283 1566 1371 sequentibus

143 1405 235 1448 more
258 1393 411 1448 consueto
431 1391 463 1447 et
482 1381 579 1447 modo
600 1383 719 1467 priori3
746 1390 779 1446 et
798 1393 1024 1448 concurrentes
1044 1384 1079 1448 in
1105 1381 1169 1446 fine
1191 1384 1401 1470 carnisprivii
1422 1392 1456 1448 et
1478 1385 1567 1448 circa

143 1482 262 1546 festum
284 1481 438 1570 Gregorii
458 1483 502 1564 (d.
527 1487 572 1546 12.
593 1487 699 1562 Mora)
722 1491 754 1546 et
775 1480 847 1546 aliis
869 1481 983 1547 diebus
1005 1483 1092 1568 aptis
1113 1490 1274 1547 taxentur.
1319 1481 1355 1548 Si
1376 1505 1455 1548 vero
1474 1493 1567 1548 taxa·

143 1591 233 1646 tores
256 1581 318 1667 hys
341 1582 469 1647 statutis
491 1590 523 1646 et
544 1581 708 1667 expressis
729 1579 843 1646 diebus
865 1583 935 1646 sine
955 1580 1112 1667 legittimo
1139 1581 1368 1668 impedimento
1390 1604 1455 1647 non
1475 1571 1611 1648 taire-10

145 1683 253 1745 verint
275 1692 308 1745 et
329 1680 530 1768 negligentes
551 1681 672 1766 reperti
693 1681 727 1743 in
751 1679 813 1745 hoc
834 1683 962 1762 tuerint,
984 1682 1057 1768 ipso
1077 1683 1162 1746 i'aeto
1185 1679 1304 1745 debent
1325 1704 1397 1746 esse
1417 1684 1567 1769 suspensi

144 1778 186 1844 ab
210 1779 340 1846 actibus
363 1779 560 1863 scolasticis,
582 1779 685 1844 donec
706 1778 843 1866 quilibet
863 1803 974 1844 corum
996 1780 1101 1845 solvat
1122 1803 1181 1866 pro
1201 1780 1315 1845 solatio
1338 1783 1569 1867 magistrorum

147 1879 319 1944 dimidium
342 1879 500 1944 florenum
521 1878 562 1942 de
584 1877 728 1967 quolibet
747 1879 800 1942 die
821 1887 1033 1966 transgresso.
1085 1877 1181 1960 Quod
1208 1879 1294 1945 idem
1323 1880 1569 1969 intelligendum

147 1989 195 2044 est
217 1979 257 2044 de
283 1979 405 2044 decano
428 1988 504 2066 post
523 1977 619 2043 finem
640 1979 690 2042 sui
711 1977 816 2045 officii.

193 2220 223 2278 5.
254 2230 440 2278 srardrtm
462 2229 600 2278 CONTRA
621 2228 780 2278 DEOANOS
803 2228 849 2274 ET
871 2227 1076 2276 raxarossss
1104 2229 1293 2279 racemus
1313 2231 1518 2282 LEGEN'I'IUM
1580 2227 1611 2282 15

300 2346 344 2394 AO
364 2345 614 2394 EXERCENCIUM
636 2343 888 2394 CONSUMENTES
909 2345 977 2392 Villa
998 2345 1243 2395 RESERVANTES
1263 2348 1409 2396 colrois.

231 2479 394 2562 Quoniam
422 2487 542 2544 statuto
570 2476 733 2543 facultatis
762 2477 886 2542 arcium
914 2488 1064 2560 caveum,
1096 2478 1181 2564 quod
1202 2482 1369 2566 magistris
1388 2480 1569 2567 legentibus

144 2603 183 2646 ac
204 2578 431 2645 exercentibus
453 2601 512 2665 pro
533 2576 702 2642 laboribus
731 2579 798 2641 suis
827 2576 1005 2642 scolasticis
1031 2576 1161 2642 realiter
1190 2589 1315 2644 etcum
1337 2581 1452 2644 effectu
1474 2583 1567 2645 satis·

142 2681 215 2744 fieri
246 2677 380 2760 debeat,
414 2700 485 2742 cum
511 2677 729 2740 mercenarius
757 2675 874 2762 dignus
903 2679 944 2740 sit
974 2698 1033 2740 sua
1059 2676 1225 2760 mercede,
1254 2688 1286 2742 et
1319 2681 1395 2766 quia
1426 2679 1571 2744 nonnulli

147 2780 298 2865 magistri
320 2778 463 2864 legentes
485 2798 525 2842 ac
545 2785 735 2842 exercentes
756 2776 925 2840 retroactis
939 2776 1140 2862 temporibus
1161 2799 1220 2842 sua
1235 2777 1385 2842 mercede
1406 2790 1438 2844 at
1459 2780 1613 2865 preciott)

144 2879 309 2944 deservite
339 2900 399 2964 per
432 2875 669 2962 negligenciam
704 2898 743 2940 ac
774 2874 922 2940 fraudem
955 2875 1157 2962 quorundam
1192 2877 1388 2943 decanorum
1420 2889 1452 2942 et
1480 2888 1571 2942 taxa-

143 2990 267 3060 torum,
291 2979 347 3064 qui
368 2977 552 3063 peccunias,
579 2997 639 3060 pro
665 2972 856 3038 lectionibus
886 2984 919 3037 et
947 2975 1116 3039 exerciciis
1144 2985 1290 3061 tempore
1316 2979 1499 3042 taxacionis
1527 2976 1569 3042 ab

144 3075 350 3144 auditoribus
377 3083 566 3163 perceptas,
596 3073 658 3137 sibi
680 3074 762 3159 ipsis
785 3071 984 3137 inbursando
1013 3086 1262 3139 reservaverunt
1287 3074 1339 3139 vel
1365 3098 1570 3162 consumpse-

143 3187 236 3260 runt,
260 3174 445 3241 defraudati
468 3181 543 3238 sunt
563 3195 602 3238 ac
622 3173 758 3258 privati,
780 3170 822 3236 ob
844 3171 922 3253 hoc,
951 3193 992 3236 ne
1021 3171 1101 3236 talia
1128 3172 1181 3237 rel
1211 3174 1391 3238 consimilia
1417 3175 1571 3262 deinceps

117 3277 337 3360 'contingant
366 3273 417 3338 vel
445 3273 515 3338 fieri
545 3273 790 3359 permittantur,
818 3293 900 3335 neve
933 3269 1076 3354 legentes
1110 3271 1162 3336 vel
1197 3283 1384 3338 exercentes
1420 3275 1612 3360 magistri25

148 3374 284 3440 sallario
313 3384 346 3438 et
370 3373 519 3438 mercede
548 3373 615 3437 suis
642 3370 891 3452 defraudentur,
921 3371 1032 3434 statuit
1059 3378 1091 3434 et
1118 3369 1283 3436 ordinavit
1312 3383 1572 3459 praememorata

146 3473 288 3540 facrdtas
317 3474 441 3538 arcium
469 3475 642 3538 etiterum
672 3474 792 3537 seriose
822 3468 967 3551 ordinat,
996 3467 1081 3555 quod
1104 3467 1246 3535 decanus
1268 3481 1299 3536 et
1326 3475 1376 3537 sui
1403 3482 1570 3538 taxatores

144 3590 205 3661 pro
241 3585 386 3658 tempore
416 3574 592 3637 existentes
624 3572 816 3659 peccunias,
847 3570 874 3632 si
907 3590 988 3655 quas
1020 3567 1062 3632 ab
1093 3567 1294 3635 auditoribus
1325 3571 1499 3636 lectionum
1532 3593 1571 3636 ac

145 3673 383 3757 exerciciorum
410 3681 558 3758 tempore
589 3671 766 3736 taxationis
794 3671 991 3754 receperint,
1025 3669 1107 3755 ipsis
1139 3671 1306 3755 magistris
1332 3669 1514 3756 legentibus
1542 3680 1574 3736 et

146 3770 377 3839 exercentibus
408 3783 482 3858 post
512 3770 607 3836 finem
636 3767 820 3834 huiusmodi
849 3765 1023 3832 lectionum
1055 3779 1087 3832 et
1116 3769 1365 3853 exerciciorum,
1397 3771 1425 3835 si
1456 3770 1613 3836 saltem30

146 3873 262 3939 iuxtat
278 3868 512 3936 ordinationem
544 3893 584 3936 ac
619 3871 742 3935 statuta
768 3868 1033 3955 praenominatae
1062 3868 1226 3933 facultatis
1253 3869 1392 3956 legerint
1421 3881 1453 3934 et
1482 3893 1572 3936 exer·

150 3952 293 4053 cuerinb,
313 3967 443 4034 realiter
464 3979 497 4034 et
518 3992 591 4034 cum
612 3971 727 4034 effectu
749 3966 936 4054 persolvere
958 3965 1077 4032 debent
1104 3990 1175 4033 esse
1206 3971 1348 4052 astricti,
1377 3970 1437 4035 sub
1467 3993 1573 4058 poena

150 4061 374 4157 suspensionis
401 4067 442 4133 ab
465 4069 614 4134 omnibus
637 4067 847 4132 emolimentis
877 4063 1040 4130 facultatis
1063 4077 1094 4130 et
1116 4067 1263 4134 decetero
1286 4067 1329 4134 ad
1350 4068 1480 4156 aliquod
1501 4094 1572 4136 con-

146 4167 255 4236 simile
274 4163 330 4231 vei
347 4167 436 4234 aliud
457 4169 600 4234 officium
622 4165 786 4233 facultatis
808 4189 872 4230 non
894 4163 1102 4248 admittendi,
1122 4169 1185 4231 nisi
1207 4168 1315 4232 diotae
1341 4169 1492 4236 facultati
1514 4193 1572 4257 per

145 4238 432 4354 condigffl‘fjnam
466 4269 720 4333 satisfactionem
753 4263 953 4331 reconciliati
982 4264 1103 4329 fuerint
1128 4276 1159 4330 et
1186 4269 1352 4354 magistris
1388 4268 1569 4356 legentibus
1580 4279 1613 4334 ³5

145 4375 223 4433 ante
246 4368 357 4432 omnia
379 4366 419 4431 de
441 4378 596 4455 percepto
618 4376 714 4455 pastu
733 4366 864 4431 realiter
887 4373 919 4429 et
941 4387 1013 4429 cum
1034 4365 1151 4430 effectu
1173 4366 1395 4433 satisfecerint.

251 4607 281 4667 6.
308 4618 400 4666 ΤΔΧΛ
421 4617 624 4666 Lacrlortum
644 4618 690 4664 ΕΤ
713 4615 975 4665 ΕΧΕΒΟΙΤῙΟΒΠΜ
996 4616 1042 4662 ΕΤ
1065 4616 1202 4665 TEMPUS
1222 4619 1380 4668 lammam
1401 4619 1470 4666 PRO

576 4732 787 4782 marcualdo
810 4733 855 4781 ΕΤ
876 4732 1158 4781 arcessamus..

145 4873 240 4922 Tana
255 4871 434 4920 lectionum
452 4885 510 4935 pro
530 4870 722 4933 magisterio
775 4871 913 4934 Tempus
932 4868 1072 4919 finiendi
1089 4871 1257 4922 lectiones
1277 4887 1335 4935 pro
1355 4870 1556 4934 magisterio.

175 4987 213 5036 vt
229 4967 467 5054 prthicorum.
1581 4977 1614 5034 4⁰

176 5067 515 5235 Ξέίιῗὲιίἓξξιίιὶοι
588 5115 596 5129 .
638 5117 645 5131 .
689 5113 697 5128 .
741 5117 748 5131 .
780 5066 959 5132 Maximum
980 5067 1043 5130 tria
1065 5070 1235 5155 quartalia,
1262 5070 1428 5136 minimum
1451 5067 1523 5132 duo.
