3762 6074
342 531 402 598 434
840 529 890 580 Die
911 523 1129 594 pbilosopbiacbe
1146 523 1275 580 facultit.

342 719 452 797 potest
472 721 505 775 et
525 721 661 776 tenebar.
704 709 773 774 Nec
793 711 896 774 eciam
917 710 992 775 talis
1014 711 1213 798 inposterum
1236 707 1442 790 admittatur,
1464 709 1526 772 nisi
1548 706 1631 772 adeo
1655 705 1756 772 lauda·

342 809 451 876 biliter
473 821 505 875 et
525 812 671 874 virtuose
693 832 727 874 se
748 812 886 891 rexerit,
909 809 994 896 quod
1014 832 1055 873 ex
1078 819 1243 874 transacta
1264 809 1410 871 virtuosa
1436 811 1505 872 eius
1531 809 1601 872 vita
1629 806 1669 872 de
1694 807 1758 870 sub·

344 911 489 996 sequenti
512 907 596 997 [29¹³]
619 911 687 974 eius
709 910 955 974 conversatione
975 907 1131 974 laudabili
1153 915 1388 994 praesumatur.
1421 907 1466 971 Et
1481 906 1579 972 talem
1601 927 1758 970 excessum
1781 967 1785 976 ,

341 1009 480 1074 facultas
515 1010 637 1074 arcium
671 1017 802 1096 reputat
831 1007 1006 1074 notabilem
1039 1018 1071 1073 et
1102 1009 1273 1086 notorium,
1302 1006 1343 1070 de
1372 1029 1436 1092 quo
1467 1029 1525 1093 per
1555 1015 1713 1071 rectorem
1732 1017 1760 1068 et

304 1118 319 1172 5
350 1131 532 1172 assessores
554 1111 623 1174 eius
644 1110 865 1174 incarceratus
887 1109 999 1188 fuerit,
1021 1106 1073 1171 vel
1095 1109 1122 1170 si
1145 1105 1295 1192 publicus
1315 1107 1555 1169 meretricarius
1576 1105 1688 1188 fuerit,
1709 1107 1760 1168 sei·

347 1207 423 1272 lieet
444 1207 529 1294 quod
551 1208 584 1272 in
606 1207 702 1272 domo
723 1207 940 1274 habitacionis
966 1229 1044 1272 suae
1065 1206 1232 1270 mulierem
1261 1214 1443 1290 suspectam
1473 1203 1605 1290 publice
1632 1206 1761 1268 tenuerit
1853 1281 1854 1288 ἵ

348 1305 399 1371 vel
421 1307 464 1372 ad
486 1305 657 1371 comodum
677 1306 796 1372 bursae
818 1329 896 1372 suae
916 1305 1015 1370 talem
1035 1304 1263 1386 introduxerit,
1281 1303 1335 1368 vel
1354 1303 1421 1368 alia
1442 1303 1538 1368 domo
1560 1325 1618 1368 seu
1640 1301 1760 1366 domun·
1853 1289 1854 1330 ³

351 1403 423 1470 cula
448 1404 500 1470 vel
527 1404 665 1470 eomodo
692 1407 854 1472 meretrici
884 1405 1034 1492 publicae
1060 1403 1112 1468 vel
1142 1403 1367 1468 meretricibus
1394 1403 1533 1489 publicis
1563 1411 1761 1466 conversatus

348 1503 462 1586 fuerit,
483 1503 536 1568 vel
557 1506 591 1568 in
613 1502 844 1570 cossaeionibus
867 1515 924 1569 aut
950 1503 1115 1592 prandiis,
1136 1503 1191 1568 ubi
1218 1503 1317 1567 talem
1343 1501 1396 1566 vel
1422 1501 1504 1566 tales
1532 1524 1605 1566 esse
1631 1503 1762 1582 sciverit,

307 1604 461 1686 tofuerit,
484 1603 535 1668 vel
563 1602 667 1668 locum
698 1615 900 1691 suspectum,
929 1603 1081 1668 videlicet
1108 1601 1344 1689 prostibulum,
1374 1603 1558 1666 visitaverit
1585 1612 1618 1665 et
1646 1600 1686 1666 de
1711 1601 1763 1664 boe

353 1705 520 1768 convictas
549 1713 606 1768 aut
634 1704 800 1769 confessus
828 1702 879 1768 vel
910 1725 969 1789 per
999 1711 1228 1767 conventorem
1262 1712 1397 1787 propter
1425 1700 1510 1766 bunc
1537 1711 1570 1765 et
1599 1699 1762 1791 quemlibet

348 1800 448 1866 alium
472 1824 643 1866 excessum
665 1801 705 1867 de
727 1803 828 1868 bursa
848 1823 909 1866 sua
929 1801 1085 1889 expulsus
1105 1801 1219 1884 fuerit3
1249 1799 1300 1864 vel
1328 1803 1361 1864 in
1389 1799 1571 1886 prostibulo
1600 1799 1652 1865 vel
1679 1813 1762 1864 extra

348 1900 479 1986 publice
501 1923 536 1966 se
557 1903 755 1987 percusserit
775 1901 827 1965 vel
845 1900 892 1965 ibi
914 1899 1101 1965 vulneratus
1124 1921 1166 1964 ex
1188 1898 1284 1985 culpa
1306 1900 1483 1963 sustiuerit
1505 1909 1621 1986 eaptus
1642 1898 1693 1963 vel
1715 1897 1760 1960 de-

346 1999 542 2088 prebensas3
572 2011 628 2064 aut
652 2002 708 2088 qui
736 2000 779 2064 ad
804 1999 941 2064 taxilles
967 2001 999 2063 in
1026 1997 1173 2062 tabernis
1204 1996 1333 2085 publice
1353 1997 1468 2063 luserit
1488 1997 1540 2062 vel
1562 1997 1761 2063 hastiludium

306 2103 380 2166 ltin
401 2100 471 2164 foro
492 2098 621 2186 publice
643 2101 842 2182 exercuerit;
872 2099 924 2164 vel
952 2099 1006 2186 qui
1040 2097 1150 2162 verbis
1178 2098 1343 2162 iniuriosis
1373 2098 1512 2182 aliquem
1541 2100 1763 2183 magistrorum

347 2198 486 2288 publice,
499 2197 629 2264 laeserit
650 2198 701 2263 vel
730 2201 838 2286 ipsum
865 2198 1021 2262 iniuriose
1057 2199 1264 2284 percusserit,
1294 2195 1344 2260 vel
1372 2197 1492 2262 furtum
1522 2219 1580 2262 seu
1610 2197 1692 2262 alios
1717 2219 1763 2260 ex·
1853 2207 1854 2290 ,

348 2321 469 2376 cessus,
491 2321 572 2384 quos
594 2299 765 2363 comitatur
786 2297 921 2362 infamia
935 2295 987 2360 vel
1004 2295 1202 2377 scandalum,
1225 2295 1422 2360 commiserit
1443 2306 1500 2361 aat
1520 2296 1762 2382 perpetraverit.

347 2399 492 2482 Quorum
507 2396 613 2462 nullus
633 2399 735 2462 eciam
749 2398 776 2461 si
791 2395 831 2461 de
847 2395 956 2484 aliquo
978 2395 1219 2482 praedictorum
1241 2417 1432 2460 excessuum
1455 2407 1627 2482 suspectus
1649 2393 1699 2458 vel
1720 2397 1760 2458 iu·

347 2499 489 2564 famatus
512 2497 628 2578 fuerit,
658 2497 721 2561 nisi
750 2519 785 2560 se
815 2495 856 2560 de
888 2496 945 2560 tali
977 2517 1036 2582 per
1068 2517 1161 2558 suum
1193 2495 1408 2558 iuramentum
1440 2495 1696 2582 expurgaverit,
1729 2493 1764 2556 ad

306 2607 499 2678 anaxamen,
520 2595 567 2659 nti
589 2596 801 2681 praemissum
824 2605 882 2678 est,
903 2592 1127 2680 aliquomodo
1148 2592 1346 2658 admittatur.

351 2753 399 2814 14.
433 2759 591 2810 DECANUS
620 2761 765 2808 nuatum
793 2761 1112 2809 Baccanaatsrtnun
1141 2761 1345 2808 mariamnae
1368 2761 1486 2808 DEBET
1512 2761 1582 2808 PRO
1610 2759 1764 2820 Exam't,

662 2859 730 2907 ⁸181
752 2860 901 2908 secatur
924 2859 1201 2908 luraascmr'run
1222 2861 1461 2908 IURAMENTUM.

432 2959 586 3024 Decanus
608 2957 729 3024 nullum
753 2959 930 3024 inscribere
955 2957 1051 3024 debet
1072 2981 1131 3044 pro
1153 2959 1302 3023 examine
1324 2957 1575 3042 baccalariatus,
1599 2961 1662 3022 nisi
1684 2959 1764 3045 prius

350 3059 415 3125 tale
435 3061 547 3124 fecerit
568 3061 800 3123 iuramentum:
832 3058 926 3144 „Ego
950 3059 998 3124 .N.
1027 3060 1113 3140 iuro,
1135 3058 1221 3145 quod
1242 3081 1301 3123 neo
1323 3060 1450 3122 actione
1471 3081 1531 3122 nec
1553 3057 1691 3141 ultione,
1715 3078 1765 3118 nec

307 3169 341 3224 25
355 3181 415 3246 per
436 3180 488 3222 me
507 3179 567 3222 nec
589 3179 648 3244 per
670 3157 780 3240 alium,
801 3157 923 3222 directe
936 3157 989 3222 vel
1011 3157 1177 3240 indirecte,
1199 3156 1299 3222 verbo
1320 3155 1372 3221 vel
1394 3159 1480 3222 facto
1501 3157 1553 3220 vel
1575 3159 1692 3244 quovis
1712 3155 1765 3220 alio
1853 3137 1854 3226 l

351 3259 447 3324 modo
475 3256 572 3320 velim
603 3279 655 3321 me
687 3256 873 3340 vindicare,
906 3259 933 3320 si
964 3256 1008 3322 ad
1040 3279 1176 3321 examen
1205 3278 1269 3320 non
1300 3255 1454 3322 admittar
1482 3255 1535 3320 vel
1569 3259 1673 3321 eciam
1703 3266 1764 3342 post

351 3379 488 3423 examen
508 3357 637 3438 roiriar,
661 3355 720 3420 sub
744 3379 850 3442 poena
871 3357 1017 3443 periurii,
1040 3354 1128 3443 quod
1156 3357 1391 3422 contrafaciens
1420 3359 1492 3442 ipso
1520 3355 1607 3422 facto
1638 3359 1764 3432 incurro,

355 3467 388 3522 et
408 3467 537 3522 eentum
561 3455 775 3536 florenorum,
797 3477 935 3542 quorum
957 3454 1114 3520 medietas
1139 3455 1234 3520 cedat
1260 3455 1320 3539 illi,
1342 3477 1438 3543 quem
1469 3456 1516 3519 sie
1545 3455 1691 3537 offendo,
1710 3453 1764 3517 alia

351 3579 430 3622 vero
444 3555 601 3620 medietas
617 3552 711 3619 cedat
724 3553 880 3620 facultati.
924 3554 1044 3620 Sicine
1059 3554 1138 3620 deus
1161 3555 1293 3618 adiuvet
1313 3565 1345 3619 et
1367 3563 1482 3620 sancta
1504 3552 1556 3617 dei
1579 3552 1763 3640 evangelia“

307 3731 341 3786 ³0
479 3727 524 3788 15.
547 3737 594 3784 DE
616 3736 732 3785 POENA
754 3737 1027 3786 nonnsrsrtcmn
1048 3737 1317 3787 numerosas
1338 3739 1384 3786 ΕΤ
1406 3735 1654 3784 mennlroxns.

437 3833 553 3900 Nullus
573 3837 699 3900 actione
723 3834 776 3899 vel
798 3835 937 3919 ultione,
959 3859 1018 3923 per
1041 3859 1076 3900 se
1097 3835 1150 3901 vel
1171 3859 1231 3924 per
1254 3836 1368 3920 alium,
1392 3835 1515 3901 directe
1536 3833 1590 3901 vel
1612 3835 1763 3912 indirecte,

354 3934 455 4000 verbo
470 3933 520 3998 vel
535 3935 621 4000 facto
636 3933 688 3999 vel
711 3957 902 4022 quocunque
924 3935 988 4000 alio
1009 3935 1105 4000 modo
1127 3937 1263 4023 impetat
1285 3932 1337 4022 [30
1345 3933 1371 4024 ³]
1393 3936 1445 4001 vel
1468 3934 1616 4000 molestet
1637 3935 1763 4019 aliquem

354 4035 394 4098 de
416 4035 581 4119 magistris
601 4033 653 4098 vel
675 4031 955 4100 examinatoribus
977 4058 1038 4122 pro
1061 4059 1114 4119 eo,
1142 4035 1227 4121 quod
1255 4035 1396 4123 aliquem
1418 4033 1459 4098 dc
1482 4035 1550 4099 suis
1573 4033 1615 4098 ad
1639 4054 1762 4098 examen

351 4156 411 4220 pro
429 4133 535 4218 gradu
553 4131 792 4198 baccalaria'tus
813 4155 972 4200 excausa
991 4133 1184 4199 racionabili
1203 4158 1268 4200 non
1288 4135 1420 4200 admisit
1441 4133 1494 4198 vel
1517 4135 1621 4198 eciam
1642 4131 1763 4198 eundem

311 4243 344 4298 ³5
354 4235 447 4297 iuxta
475 4255 565 4298 suam
597 4234 833 4298 conscienciam
862 4243 894 4298 et
919 4235 1134 4299 iuramentum
1162 4233 1334 4320 impedivit
1354 4233 1406 4299 vel
1426 4241 1583 4320 tanquam
1608 4233 1761 4318 indignum

351 4333 472 4398 reiecit
522 4331 728 4398 Contrarium
750 4333 873 4398 faciens
894 4331 979 4398 ultra
1000 4345 1125 4399 reatum
1147 4335 1300 4419 periurii,
1322 4331 1409 4418 quod
1428 4335 1501 4420 ipso
1521 4333 1610 4399 facte
1633 4333 1762 4410 incurrit

353 4442 386 4497 et
407 4443 535 4498 centum
549 4430 743 4497 florenorum
764 4454 913 4518 poenam,
936 4455 1072 4518 quorum
1086 4432 1243 4498 medietas
1256 4432 1351 4498 cedat
1371 4432 1419 4497 illi
1441 4431 1494 4496 vel
1515 4431 1590 4516 illis,
1611 4453 1703 4518 quem
1721 4426 1763 4494 vel

354 4555 435 4620 quos
457 4533 585 4618 impetit
606 4531 658 4596 vel
679 4533 846 4614 molestat,
878 4531 943 4596 alia
967 4532 1125 4598 medietas
1146 4531 1241 4596 cedat
1260 4531 1423 4614 facultati,
1450 4533 1552 4596 eciam
1579 4541 1762 4619 perpetues

351 4632 507 4698 facultate
530 4631 653 4694 areium
676 4633 718 4694 sit
740 4629 904 4696 exclusus.
949 4631 1093 4696 Tenetur
1116 4632 1219 4696 eciam
1240 4631 1377 4696 facultas
1399 4630 1446 4696 illi
1470 4630 1522 4696 vel
1547 4630 1628 4714 illis,
1653 4631 1704 4718 qui
1723 4629 1761 4692 sio

309 4734 521 4820 wimpetitur
550 4739 606 4794 aut
631 4731 839 4817 impettmtur,
861 4731 1051 4796 molestatur
1079 4739 1135 4796 aut
1160 4729 1381 4814 molestantur,
1402 4730 1534 4796 realiter
1561 4753 1633 4794 cum
1661 4731 1762 4794 ellectu

352 4835 517 4915 assistere,
540 4841 581 4912 et,
604 4830 631 4894 si
652 4851 733 4916 opus
754 4830 868 4914 fuerit,
891 4833 994 4896 eciam
1017 4830 1076 4896 sub
1098 4832 1252 4917 expensis
1274 4829 1439 4896 facultatis
1462 4829 1616 4916 propriis,
1641 4827 1759 4893 eundem

354 4931 405 4996 vel
428 4932 576 5014 eosdem,
596 4929 699 4994 eciam
721 4951 741 4992 a
762 4929 1023 5020 quibuscunque,
1044 4933 1121 4997 totis
1147 4929 1272 4995 viribus
1299 4929 1470 4995 defensare
1497 4940 1547 5013 et,
1569 4929 1759 5016 quantumin

353 5053 392 5096 ea
410 5033 417 5072 ¹
440 5031 548 5112 fuerit,
570 5051 760 5096 assecurare
779 5051 838 5092 nee
860 5053 923 5094 non
946 5029 1089 5096 totaliter
1109 5029 1292 5115 exbrigare.

396 5201 407 5253 l
427 5195 508 5251 Aueb
526 5194 586 5250 bier
603 5194 641 5249 ist
657 5210 688 5247 co
706 5191 892 5264 geselrrieben.
