3794 6060
296 373 335 438 16
750 373 802 424 Die
818 373 999 426 Refomatiou
1017 387 1080 426 rom
1096 373 1179 424 Jahre
1199 378 1270 426 1496.

292 555 327 618 in
348 561 502 640 quatuor,
533 553 674 620 secundo
702 557 736 621 in
762 565 853 638 octo,
879 557 980 622 tercio
1007 556 1042 622 in
1071 555 1211 622 sedecim
1240 555 1273 622 fl.
1301 555 1465 644 puniatur.
1506 553 1551 620 m
1576 553 1713 622 dicim

294 651 385 718 illum
399 652 647 737 inobedientem,
669 657 723 742 qui
739 656 923 742 praeceptis
941 657 1145 724 eonvmtnts
1157 654 1276 722 bursae
1299 657 1550 740 emanationis,
1572 653 1710 742 collegii,

293 751 457 818 facultatis
479 762 534 817 aut
555 755 689 818 rectoris
711 753 886 820 secundum
907 753 1143 821 conclusionem
1157 754 1284 822 consilii
1301 756 1527 823 universitatis
1542 755 1597 822 vel
1610 756 1715 822 tocius

293 852 514 917 universitatis
535 874 601 918 non
622 852 782 919 obedierit
802 855 837 918 in
858 854 1008 920 futurum.

269 962 286 1017 5
380 951 500 1018 Omnia
521 961 552 1016 et
579 952 708 1039 singula
728 953 915 1019 ordinamus
946 962 978 1020 et
997 952 1188 1020 mandamus
1211 977 1270 1040 per
1292 953 1458 1036 doctores,
1486 955 1663 1040 magistros
1685 962 1717 1018 et

294 1051 464 1140 supposita
483 1052 705 1118 universitatis
725 1055 894 1140 praefatae
915 1053 1146 1119 inviolabiliter
1165 1051 1283 1118 dehere
1305 1053 1485 1136 observari,
1504 1076 1570 1119 nou
1586 1052 1715 1120 obstan·

294 1149 381 1216 tibus
403 1149 693 1235 constitutionibus,
718 1152 991 1236 ordinationibus,
1014 1154 1140 1218 statutis
1162 1161 1194 1218 et
1216 1150 1502 1219 consuetudinibus
1523 1153 1715 1218 universita-

294 1252 353 1333 tis,
386 1248 592 1334 facultatum,
614 1249 843 1338 collegiorum,
864 1253 1031 1318 nationum
1053 1251 1310 1336 seu‘bursarum,
1333 1253 1513 1338 ceterisque
1527 1252 1716 1340 praemissis

295 1352 328 1416 iu
350 1351 547 1416 contulum
567 1349 779 1416 facientibus:
800 1350 1043 1438 quibuscunque
1064 1375 1142 1419 vero
1160 1353 1233 1418 aliis
1255 1353 1382 1418 statutis
1402 1361 1435 1417 et
1456 1350 1718 1418 ordinationibus

255 1450 423 1533 ¹0veatris,
445 1451 634 1536 praemissis
656 1472 722 1516 nou
741 1450 958 1534 obviantibus,
979 1454 1014 1517 in
1034 1475 1091 1520 suo
1112 1451 1231 1519 robore
1253 1451 1427 1517 duraturis.

374 1581 555 1648 Hortamur
575 1583 685 1668 igitur,
705 1585 802 1648 immo
823 1584 1054 1671 praecipiendo
1068 1585 1214 1652 disuicte
1234 1585 1436 1668 mandamus,
1458 1597 1616 1670 quatenus
1635 1585 1718 1652 haec

294 1692 425 1749 nostrae
446 1682 692 1748 reformacionis
718 1692 838 1748 statuta
859 1682 1007 1749 benivole
1032 1688 1200 1775 recipiatis
1229 1709 1269 1752 ao
1289 1687 1322 1750 in
1344 1682 1429 1749 libro
1449 1691 1643 1748 statutorum
1662 1701 1717 1744 ve

296 1792 437 1848 atrorum
457 1781 593 1848 inscribi
613 1783 742 1848 faciatis
760 1785 779 1865 ¹,
809 1782 931 1849 medem
953 1782 994 1848 de
1016 1793 1123 1852 cetero
1150 1788 1255 1868 muri,
1287 1783 1347 1850 soh
1374 1785 1502 1872 poeula
1532 1781 1717 1870 privatione

296 1881 421 1948 sallarii
441 1883 590 1969 primum,
603 1881 741 1964 demum,
760 1882 788 1946 si
803 1883 967 1948 temeritas
977 1885 1289 1970 transgrediencium
1304 1884 1367 1949 hoc
1377 1885 1526 1970 exigerit,
1539 1880 1600 1947 sub
1611 1901 1718 1968 poena

256 1991 288 2046 15
298 1979 494 2048 exclusionis
515 1980 558 2046 ab
577 1983 788 2047 universitate
807 1981 963 2068 praefata

380 2080 637 2146 Actum²datum
654 2080 787 2168 hipcalr,
810 2090 842 2146 et
862 2081 967 2168 sigillo
985 2092 1117 2148 nostrae
1128 2085 1142 2126 ³
1154 2085 1334 2150 maiestatis
1346 2089 1379 2146 et
1388 2081 1591 2147 auctoritatis
1611 2079 1716 2167 ponti·

298 2179 401 2246 licalis
434 2203 580 2268 appenso
612 2178 816 2263 roboratum,
851 2203 936 2248 auno
970 2183 1092 2248 domini
1120 2181 1382 2264 ar⁰cccc⁰xnvl⁰,
1418 2179 1472 2246 die
1502 2193 1566 2245 ΧΠ·
1598 2179 1720 2244 mensis

298 2279 452 2346 lanuard.

355 2629 378 2681 5.
413 2630 481 2682 Dus
498 2631 674 2684 mscnoss
692 2631 777 2684 Tmo
797 2633 1055 2687 Rusosuuurou
1075 2637 1116 2687 IM
1133 2633 1328 2687 AUFTRAGE
1347 2632 1419 2684 Ulli)
1438 2633 1504 2682 lss’r
1522 2629 1668 2682 zusam-

258 2702 294 2760 2⁰
503 2715 605 2767 MUNG
624 2716 695 2767 ΗΕΒ
711 2715 877 2768 uuazouu
894 2718 1087 2770 ALBBECHT
1104 2719 1177 2772 ΗΠΒ
1198 2717 1318 2770 GEORG
1335 2715 1519 2772 ERLASSEN

837 2815 880 2852 am
901 2807 939 2854 1⁸.
960 2802 1076 2854 October
1096 2804 1189 2855 1⁴96.⁴

386 2931 425 2996 ln
445 2933 573 2998 nomine
594 2932 716 2999 domini
728 2931 843 2998 Amen.
886 2933 975 3001 'lilo
985 2986 995 3019 ,
1017 2933 1070 3000 dei
1085 2945 1116 3000 et
1137 2935 1335 3022 apostolicae
1357 2931 1444 3000 sedis
1462 2933 1576 3020 gracia
1596 2932 1719 3020 episco-

301 3055 362 3121 pus
384 3031 677 3120 Merssburgensis,
705 3033 818 3097 unicus
848 3032 953 3100 almae
980 3035 1199 3102 universitatis
1226 3034 1324 3100 studii
1345 3034 1534 3122 Lipcaensis
1563 3029 1720 3096 cancella·

302 3133 370 3198 rius
392 3132 597 3219 eiusdemque
626 3131 823 3220 apostolicus
850 3144 1074 3218 conservator,
1102 3134 1342 3201 venerabilibus
1370 3135 1449 3200 viris
1472 3128 1719 3219 spectabilibus-

260 3239 367 3320 2⁵que
390 3230 538 3317 dominis,
562 3233 690 3315 rectori,
712 3234 888 3320 magistris,
912 3233 1100 3300 doctoribus
1115 3246 1147 3301 et
1167 3234 1379 3317 studentibus,
1399 3236 1435 3300 in
1456 3231 1544 3298 dicta
1563 3231 1724 3298 universi·

301 3342 370 3398 tate
389 3331 563 3420 Lipcaensi
585 3330 874 3416 commorantibus,
906 3331 1042 3400 salutem
1070 3345 1103 3400 et
1124 3333 1330 3399 clemenciam
1352 3333 1537 3400 salutarem.
1579 3330 1724 3396 Maiores

302 3431 419 3514 nostri,
446 3431 501 3517 qui
521 3429 572 3496 vel
594 3429 679 3497 bello
702 3434 824 3498 strenui
845 3432 896 3499 vel
917 3433 1106 3521 asperrimis
1127 3433 1224 3500 rebus
1246 3434 1359 3498 invicti
1381 3443 1437 3498 aut
1457 3431 1637 3497 litterarum
1659 3440 1723 3494 stu·

302 3531 356 3598 dio
377 3529 537 3619 praeclari
558 3540 615 3596 aut
635 3529 698 3596 alio
720 3553 878 3598 amomum
899 3533 1031 3598 honoris
1051 3532 1176 3599 culmen
1194 3535 1333 3599 assecuti
1350 3543 1433 3614 sunt,
1454 3531 1516 3598 hoc
1537 3553 1636 3595 unum
1657 3551 1723 3594 om·

302 3633 390 3698 nium
411 3653 569 3697 consensu
594 3630 732 3716 posteris
753 3631 1069 3698 commemorandum
1090 3631 1304 3720 reliquerunt,
1325 3643 1361 3698 ut
1382 3640 1537 3720 quantum
1558 3629 1658 3694 animi
1677 3628 1724 3692 vi·

262 3741 366 3820 togor
389 3731 535 3818 corporis
557 3727 634 3794 moli
657 3739 813 3815 praestat,
835 3741 925 3797 tanto
946 3733 1089 3798 vicissim
1108 3731 1257 3819 agilitati,
1281 3731 1497 3819 magnitudini
1513 3727 1725 3816 corporisque

307 3832 472 3898 venustati
493 3828 673 3914 ceterisque
695 3831 837 3894 externis
857 3832 1005 3896 fortunae
1025 3832 1119 3898 bonis
1140 3834 1243 3898 virtus
1266 3831 1499 3916 industriaque.
1542 3827 1629 3892 Hine
1639 3835 1725 3891 vete

303 3954 356 3999 res
376 3930 543 4014 nostrique
564 3926 852 4016 praedecessores,
879 3930 1074 4017 posthabitis
1104 3933 1246 3998 omnium
1267 3932 1481 3998 humanarum
1509 3950 1617 3992 rerum
1639 3948 1724 3991 com·
1808 4015 1820 4025 ⁸

303 4031 449 4116 merciis,
477 4029 635 4095 bonarum
658 4030 776 4094 artium
807 4030 973 4116 omnisque
993 4032 1153 4098 scibilium
1178 4032 1307 4118 generis
1329 4028 1592 4119 philosophicam
1614 4027 1724 4114 cogni·

304 4132 434 4214 tionem,
458 4151 522 4217 qua
542 4128 655 4212 solum,
674 4128 752 4215 quid
775 4151 934 4217 asperum,
956 4130 1034 4216 quid
1054 4142 1312 4216 consentaneum,
1333 4128 1412 4216 quid
1434 4127 1604 4194 comodum
1626 4125 1724 4192 detri-

263 4241 477 4317 3⁵mcntoque
499 4226 697 4315 reipublicae
722 4252 898 4316 verumque
932 4241 964 4296 et
988 4253 1175 4320 repugnans
1202 4233 1396 4296 sacerrimae
1426 4228 1623 4296 christianae
1650 4225 1725 4292 reli-

305 4331 394 4418 gioni
415 4331 543 4412 existat,
565 4329 804 4412 internoscitur,
826 4329 1062 4417 praetulertmt:
1084 4333 1257 4420 gymnasia
1269 4329 1541 4415 achademiasque
1554 4327 1724 4392 instituen-

306 4430 365 4496 das
384 4438 515 4515 totoque
536 4427 615 4494 orbe
635 4427 846 4518 philosophos
868 4430 1148 4498 commercandos⁵
1168 4453 1358 4516 omnemque
1379 4452 1500 4514 euram,
1520 4425 1725 4508 industriam,

375 4621 386 4671 l
405 4613 447 4670 ist
460 4612 539 4669 nicht
554 4611 717 4684 geschchen.
752 4619 768 4670 2
787 4612 935 4670 Vielleicht
952 4615 1050 4669 Actum
1069 4621 1095 4668 ct
1110 4615 1212 4668 datam
1248 4618 1264 4668 3
1282 4613 1395 4669 metro!

374 4724 389 4774 t
407 4716 468 4771 Das
490 4714 627 4786 Original,
651 4715 697 4769 ein
713 4731 835 4786 posses,
853 4715 902 4769 mit
924 4717 988 4770 sehr
1006 4715 1112 4770 kleincr
1132 4711 1237 4769 Schrift
1253 4712 1461 4770 beschriebeues
1478 4709 1726 4785 Pergameutblatt,

304 4799 429 4858 befindet
443 4799 502 4856 sich
521 4798 573 4854 auf
586 4799 648 4854 dem
666 4799 971 4867 Universittttaarchive,
988 4801 1044 4870 vgl.
1061 4797 1196 4855 Urlmndl.
1216 4795 1332 4860 Quellen
1351 4799 1377 4855 S.
1397 4803 1448 4853 5⁴9
1464 4795 1513 4856 Nr.
1531 4802 1571 4854 76.
1605 4795 1726 4862 Dertal-

305 4886 394 4958 gende
405 4884 541 4941 Abdruclr
559 4884 596 4938 iat
614 4899 706 4954 ganan
723 4884 774 4938 mit
790 4883 852 4940 dem
865 4883 992 4956 Original
1004 4881 1175 4954 verglichen3
1193 4881 1318 4938 letateres
1331 4882 1440 4938 seheint
1450 4883 1518 4938 aber
1530 4879 1608 4937 nicht
1619 4877 1726 4937 tiberall

307 4976 415 5027 correct
429 4988 466 5026 ru
486 4970 552 5026 sein.
586 4969 641 5023 Die
657 4966 836 5040 Beaifferung
852 4969 902 5024 der
917 4967 1060 5025 Rubrilen
1078 4965 1158 5023 rithrt
1175 4981 1230 5022 rou
1248 4966 1301 5020 mir
1316 4964 1371 5023 her.

376 5072 488 5128 surra
504 5073 669 5127 imuaardo
688 5115 694 5126 .
713 5113 719 5125 .
739 5071 985 5126 ,ammador
