3718 6076
323 470 384 534 496
821 467 871 516 Dia
888 466 1106 530 philosophtscha
1123 465 1249 516 saeuius

324 650 392 712 eius
412 649 632 712 incarceratus
658 645 771 728 fuerit,
798 647 850 711 νε]
876 649 905 713 si
933 647 1082 734 publicus
1111 644 1351 720 meretricarius
1380 644 1492 726 fuerit,
1523 642 1642 708 scilieet
1659 643 1742 729 quod

322 747 355 811 in
377 745 472 811 domo
495 745 705 812 habitationis
725 745 892 810 mulierem
914 757 1097 832 suspectam
1121 744 1249 831 publice
1269 745 1418 826 tenuerit,
1439 741 1492 806 νε]
1514 741 1558 807 ad
1580 743 1739 808 comodum

323 844 441 910 bursae
469 866 547 910 suae
574 843 673 909 talem
695 845 922 930 introduxerit,
952 846 1003 911 vel
1032 844 1097 910 alia
1124 845 1220 910 domo
1242 865 1299 908 seu
1325 841 1520 908 domuncula
1540 841 1592 906 νε]
1615 841 1742 908 comodo

322 946 485 1008 meretrici
508 944 658 1031 publicae
679 935 731 1008 vel
758 945 983 1010 meretricibus
1005 943 1143 1031 publicis
1164 951 1374 1008 conversatus
1395 943 1504 1023 fuerit,
1526 941 1577 1006 vel
1601 943 1633 1006 in
1653 940 1743 1006 colla·

281 1053 298 1108 5
326 1041 467 1108 tionibus
492 1053 547 1108 aut
576 1043 733 1131 prandiis,
762 1044 818 1109 ubi
847 1044 944 1108 talem
966 1043 1017 1108 vel
1046 1043 1127 1108 tales
1157 1065 1228 1107 esse
1256 1043 1403 1124 sciverit,
1433 1043 1544 1120 fuerit,
1571 1040 1623 1106 νε]
1646 1040 1745 1105 locum

329 1153 525 1229 suspectum,
553 1143 705 1207 videlicet
735 1143 961 1230 prostibulum,
989 1143 1184 1225 visitaverit,
1212 1141 1306 1206 etde
1333 1139 1395 1206 hoe
1416 1144 1584 1206 convietus
1605 1139 1655 1205 vel
1675 1161 1745 1204 eon-

325 1243 429 1306 fessus
452 1242 504 1306 vel
527 1265 586 1328 par
609 1254 836 1307 conventorem
862 1254 995 1330 propter
1017 1241 1102 1306 hunc
1129 1251 1161 1305 et
1188 1240 1363 1327 quemlibet
1390 1239 1488 1306 alium
1516 1262 1681 1304 excessum
1710 1237 1747 1302 de

325 1339 424 1404 bursa
446 1363 505 1406 sua
527 1341 680 1428 expulsus
701 1343 813 1424 fuerit,
843 1342 895 1406 vel
918 1345 951 1406 in
973 1340 1153 1428 prostibulo
1175 1339 1227 1404 vel
1256 1350 1351 1404 extra
1378 1338 1508 1426 publiea
1530 1362 1566 1404 se
1588 1360 1747 1426 percusse·

323 1442 382 1522 rit,
405 1440 455 1504 vel
480 1439 526 1506 ibi
547 1441 735 1506 vulneratus
758 1464 799 1506 ex
822 1441 917 1527 culpa
939 1464 998 1505 sua
1027 1442 1124 1504 fuerit
1155 1450 1268 1526 eaptus
1290 1448 1346 1504 aut
1367 1437 1603 1524 deprehensus,
1625 1435 1674 1501 vel
1696 1437 1747 1522 qui

286 1550 316 1604 10
326 1539 368 1604 ad
390 1539 519 1605 taxilles
541 1541 574 1604 in
594 1539 739 1606 tabernis
761 1540 890 1627 publice
912 1539 1035 1622 luserit,
1059 1539 1109 1603 vel
1131 1538 1340 1602 hastiludium
1362 1539 1396 1604 in
1415 1540 1485 1603 foro
1507 1537 1637 1623 publice
1658 1559 1744 1600 exer·

325 1641 436 1721 cuerit,
466 1639 517 1704 vel
548 1641 603 1728 qui
626 1639 735 1705 verbis
763 1641 928 1706 iniuriosis
958 1639 1098 1726 aliquem
1119 1639 1348 1723 magistrorum
1378 1637 1506 1724 publice
1534 1636 1673 1716 laeserit,
1700 1632 1749 1698 νε]

322 1739 427 1824 ipsum
450 1740 606 1804 iniuriose
634 1743 847 1826 percusserit,
875 1739 925 1804 vel
955 1740 1076 1802 furtum
1104 1750 1160 1802 aut
1188 1736 1269 1802 alios
1291 1759 1454 1818 excessus,
1483 1758 1565 1823 quos
1585 1736 1750 1800 comitatur

325 1838 458 1902 infamia
479 1837 530 1902 vel
553 1837 751 1920 scandalum,
776 1839 975 1903 commiserit
997 1836 1047 1902 vel
1070 1837 1317 1923 perpetraverit.
1360 1835 1506 1916 Quorum
1529 1835 1636 1900 mdlus
1657 1835 1749 1898 etiam

322 1938 349 2000 si
378 1936 418 2000 de
446 1935 553 2021 aliquo
584 1937 824 2022 praedictorum
852 1959 1043 2002 excessuum
1072 1945 1239 2022 suspectus
1269 1935 1319 1999 vel
1348 1936 1524 2000 infamatus
1551 1935 1663 2014 fuerit,
1690 1933 1748 1995 nisi

284 2045 313 2099 15
325 2035 365 2100 de
387 2034 442 2099 tali
467 2059 500 2100 se
523 2057 584 2121 per
607 2059 699 2100 suurn
722 2038 935 2101 iuramentum
959 2038 1204 2122 expurgaverit,
1233 2034 1275 2098 ad
1303 2057 1440 2099 examen
1466 2033 1518 2100 vel
1546 2043 1750 2118 temptamen,

324 2135 370 2198 uti
393 2136 610 2221 praemissum
634 2147 691 2217 est,
714 2135 939 2223 aliquomodo
962 2135 1162 2200 admittatur.

554 2305 598 2366 19.
625 2297 685 2386 [Β]
707 2297 779 2388 3612]
803 2319 849 2366 na
872 2319 1003 2366 naemu
1027 2317 1292 2366 surrosrronuu
1315 2318 1351 2364 nv
1376 2318 1534 2366 sunaus.

409 2433 525 2499 Nullus
548 2432 787 2520 promovendus
808 2434 840 2497 in
863 2434 998 2518 artibus,
1026 2436 1095 2500 sive
1124 2435 1167 2498 sit
1194 2431 1399 2498 baocalarius
1422 2434 1491 2498 sive
1520 2432 1660 2520 simplex
1689 2440 1749 2496 stu-

326 2533 417 2616 dens,
442 2534 620 2614 inhoneste,
649 2541 684 2598 ut
706 2534 740 2596 in
762 2533 914 2598 tunicella
934 2534 987 2598 vel
1009 2533 1119 2620 pallio,
1148 2556 1230 2621 quae
1252 2533 1337 2598 ultra
1367 2555 1473 2619 genua
1495 2555 1559 2597 nou
1591 2529 1749 2618 protendi·

283 2642 390 2714 20tur,
420 2631 550 2719 publice
571 2631 701 2695 incedat
720 2641 775 2695 aut
797 2631 879 2696 alias
901 2642 1007 2696 vestes
1029 2632 1215 2696 indecentes
1244 2632 1382 2715 deferat,
1412 2655 1516 2719 neque
1546 2631 1671 2716 caligas
1699 2639 1752 2694 aut

325 2735 468 2795 manicas
490 2731 637 2818 depictas
660 2729 710 2794 vel
733 2731 907 2795 florisutas.
938 2731 973 2795 Si
995 2733 1067 2818 quis
1090 2741 1197 2796 autem
1219 2733 1416 2797 contrarium
1437 2732 1551 2796 feeerit
1571 2745 1628 2796 aut
1648 2733 1750 2795 facere

324 2830 595 2919 praesumpserit,
625 2829 721 2893 talem
753 2829 888 2914 quilibet
911 2833 1140 2916 magistrorum
1169 2854 1206 2897 eo
1235 2840 1391 2917 tempore,
1422 2853 1485 2917 quo
1512 2830 1651 2919 aliquem
1682 2851 1748 2916 gra-

323 2930 399 2994 dum
426 2940 536 3016 petere
565 2939 622 2994 aut
644 2951 809 2993 assumere
831 2930 984 3013 voluerit,
1014 2929 1210 2995 denunciare
1237 2940 1269 2995 et
1298 2930 1457 3017 impedire
1485 2939 1595 3017 potest
1618 2941 1649 2994 et
1668 2941 1749 2994 teue-

324 3041 386 3094 tur.
429 3029 473 3092 Et
495 3029 556 3092 nisi
586 3051 621 3092 se
641 3027 862 3094 emendaverit
889 3041 920 3094 et
947 3029 1091 3094 moribus
1113 3039 1145 3094 et
1164 3030 1233 3094 vita
1255 3031 1375 3094 existat
1396 3029 1690 3111 commendandus,
1711 3026 1750 3093 ad

283 3141 465 3195 25examen
485 3126 538 3192 vel
559 3137 756 3214 tcmptamen
776 3149 833 3192 suo
855 3138 1001 3215 tompore
1022 3150 1087 3192 non
1109 3127 1308 3194 admittatur.

352 3302 402 3362 20.
424 3311 470 3360 ae
491 3310 704 3358 nsvmrnvrs
729 3313 765 3360 nv
789 3313 971 3361 conusens
993 3313 1038 3360 nr
1061 3312 1181 3360 sunem
1203 3310 1348 3360 srnrcrs
1371 3313 1439 3360 raa
1461 3311 1722 3360 ruouovsunos

920 3412 1160 3460 oasnnvsrvns.

406 3527 544 3608 Placuit,
571 3525 658 3614 quod
685 3529 795 3592 stricte
823 3527 965 3592 latinitas
995 3529 1028 3591 in
1055 3526 1203 3592 omnibus
1233 3536 1379 3592 servetur
1402 3526 1547 3614 collegiis
1578 3538 1612 3592 et
1638 3527 1751 3604 bursis,

325 3627 442 3692 nedum
470 3650 530 3713 per
553 3626 715 3712 simplices
742 3627 908 3692 studentes
929 3649 1041 3690 verum
1064 3627 1161 3690 etiarn
1192 3625 1406 3709 baccalarios,
1433 3629 1526 3692 iuxta
1555 3638 1676 3692 statuta
1703 3625 1751 3690 de·

284 3739 426 3813 30super
439 3725 527 3790 edita
549 3737 581 3790 et
599 3727 633 3789 in
655 3727 882 3791 reformatione
901 3725 1111 3791 illustrissimi
1131 3726 1288 3812 principis
1308 3747 1475 3814 expressa,
1494 3726 1647 3791 videlicet
1670 3721 1751 3813 quod

325 3829 358 3890 in
382 3827 489 3890 bursis
517 3835 549 3888 et
577 3823 721 3910 collegiis
750 3824 885 3890 latinum
915 3824 1056 3912 ydeoma
1087 3825 1236 3889 continue
1265 3823 1307 3889 ab
1336 3825 1486 3890 omnibus
1515 3823 1751 3912 promovendis,

329 3925 388 3989 sub
409 3933 496 3988 certa
518 3945 624 4011 poena
646 3925 879 4010 extorquenda,
902 3926 1095 4011 proferatur.
1122 3924 1166 3988 Et
1188 3923 1308 3988 debent
1329 3935 1541 3989 conventores
1564 3927 1657 3989 iuxta
1676 3925 1750 3990 anti·

325 4045 421 4108 quam
452 4031 484 4086 et
511 4022 569 4086 diu
600 4022 806 4088 observatam
829 4024 1092 4089 consuetudinem
1121 4023 1214 4110 lupos
1243 4025 1312 4089 sive
1341 4026 1524 4110 signatores
1552 4027 1751 4100 constituere,

325 4123 379 4208 qui
401 4120 640 4208 vulgarisantes
664 4122 872 4188 conscribant
894 4123 937 4188 ad
966 4135 1087 4188 certum
1111 4125 1294 4208 registrum,
1323 4125 1370 4188 eis
1393 4123 1587 4188 uadendum
1610 4135 1643 4188 et
1665 4143 1751 4210 prae·

284 4232 317 4286 35
330 4221 520 4286 sentandum
543 4222 585 4286 ad
608 4222 736 4309 publiea
761 4221 934 4307 legendum
957 4225 1076 4308 quintis
1098 4225 1199 4288 feriis.
1237 4222 1346 4287 Debet
1367 4224 1464 4286 etiam
1486 4245 1507 4286 a
1527 4219 1750 4309 vulgarisauti·

327 4320 388 4384 bus
416 4342 554 4405 poenam
581 4324 714 4406 exigere
742 4321 831 4385 omni
859 4323 1056 4407 septimana3
1086 4333 1118 4387 et
1145 4322 1172 4386 si
1195 4320 1346 4407 poenales
1374 4342 1446 4385 eam
1474 4320 1603 4386 solvere
1629 4341 1752 4387 recusa·

326 4420 448 4501 verint,
477 4418 596 4484 debent
623 4431 737 4506 postea
768 4419 809 4484 ab
840 4422 886 4484 eis
916 4419 1047 4504 duplum
1076 4431 1282 4508 extorquere,
1312 4419 1449 4485 rebelles
1479 4431 1603 4505 autem,
1633 4421 1751 4487 solvere
1847 4487 1848 4506 ἦ

327 4527 447 4604 puncta
469 4519 597 4583 omnino
619 4529 817 4602 recusantes,
846 4519 888 4584 ad
916 4519 1055 4604 gradum
1081 4519 1221 4608 aliquem
1242 4521 1275 4584 in
1298 4520 1423 4586 artibus
1446 4543 1504 4586 suo
1526 4529 1675 4608 tempore
1694 4539 1752 4583 nou
1847 4527 1848 4548 ¹

327 4618 549 4700 admittantur,
579 4619 642 4682 nisi
670 4617 853 4683 huiusmodi
881 4629 1002 4706 puncta
1027 4642 1100 4683 eum
1124 4629 1212 4684 certa
1238 4642 1324 4684 nova
1345 4641 1461 4706 poena,
1491 4642 1550 4707 per
1571 4619 1750 4686 facultatem
1847 4643 1848 4662 r

293 4717 501 4798 todictanda,
529 4715 659 4780 realiter
681 4727 803 4782 etcum
832 4719 945 4782 effectu
974 4720 1063 4805 prius
1091 4718 1228 4784 solvant.
1268 4717 1411 4784 Pecunia
1435 4741 1525 4801 varo,
1548 4741 1608 4805 pro
1633 4717 1752 4808 punctis
1847 4785 1848 4792 q

329 4839 387 4880 seu
416 4816 487 4880 aliis
515 4815 719 4900 negligentiis
748 4819 989 4902 suppositorum
1019 4839 1077 4902 par
1110 4827 1320 4882 conventores
1344 4817 1490 4900 collecta,
1519 4818 1618 4884 dabat
1647 4819 1752 4886 cedere
1847 4815 1848 4822 ’

332 4918 428 4980 sociis
451 4939 510 5002 pro
532 4915 646 4980 solatio
668 4913 777 5000 aliquo
799 4937 856 4978 seu
886 4916 1034 4978 convivio
1057 4914 1205 4980 habendo
1226 4918 1318 4982 iuxta
1339 4927 1568 4982 conventorum
1593 4917 1751 4984 diseretio

331 5037 413 5077 nem.
443 5016 564 5079 Poterit
585 5023 691 5077 tamen
715 5012 824 5098 aliqua
845 5017 961 5100 portio,
982 5024 1017 5078 ut
1036 5016 1138 5078 tercia
1160 5027 1352 5102 autquarta
1374 5039 1463 5104 pars,
1486 5040 1546 5104 pro
1568 5016 1750 5083 utensilibus
1847 5003 1848 5058 Ῑ

330 5115 488 5202 coquinae
509 5111 682 5178 reservari.
