3758 6072
518 419 603 476 britte
619 421 889 492 Statntenredsotion,
907 441 960 478 von
981 423 1184 482 ttrite-1490.
1500 427 1562 494 429

142 615 212 672 tots
234 605 287 672 vel
306 607 412 672 maior
434 628 511 694 pars
535 607 679 673 eiusdem
701 609 797 674 certis
817 609 1071 675 racionabilibus
1089 633 1130 675 ax
1149 613 1256 676 causis
1270 611 1430 678 hocidem
1443 613 1562 677 facien·

143 705 221 770 dum
249 705 302 772 val
322 705 464 771 fiendum
494 706 692 792 decreverit,
715 707 776 774 sub
799 731 906 794 poena
933 717 1111 796 perpetuae
1139 709 1336 776 exclusionis
1363 735 1383 776 a
1408 711 1563 776 facultate

145 807 270 870 arcium
292 828 332 871 ac
352 807 575 893 suspensionis
596 805 638 871 ab
660 807 786 872 actibus
808 806 1052 895 magistralibus
1074 831 1218 875 necnon
1235 812 1403 876 carenciae
1423 812 1564 876 omnium

145 905 427 971 emolimentorum
449 905 656 992 saepedictae
676 905 839 972 facultatis
862 910 995 973 arcium.

184 1077 232 1139 29.
266 1089 453 1138 srnrurun
476 1087 615 1138 concas
633 1089 793 1139 nncsnos
814 1091 859 1138 ar
882 1091 1097 1158 raxaroaas,
1119 1091 1287 1140 recurras
1309 1091 1372 1142 suu
1394 1092 1523 1141 rasrus
1590 1087 1607 1142 5

215 1189 418 1236 nnoarcruu
430 1188 474 1235 tc
486 1188 734 1240 nxaacaucmu
745 1191 983 1240 maunssn'rns
1000 1193 1068 1240 van
1086 1193 1330 1242 anssnvsrras
1347 1191 1491 1241 norrun.

228 1302 391 1385 Quoniam
428 1313 548 1370 statuto
581 1304 723 1391 quodam
748 1305 912 1371 facultatis
942 1309 1064 1372 arcium
1096 1317 1244 1392 cavetur,
1282 1307 1369 1394 quod
1397 1310 1563 1395 magistris

145 1402 328 1488 legentibus
364 1425 404 1469 ac
437 1404 666 1469 exercentibus
698 1427 758 1492 pro
784 1405 951 1470 laboribus
980 1410 1046 1472 suis
1075 1407 1255 1472 scolasticis
1281 1408 1412 1473 realiter
1442 1417 1567 1473 etcum

144 1503 260 1568 effectu
280 1502 433 1568 satisfieri
457 1503 583 1586 debeat,
606 1525 678 1568 cum
700 1507 940 1590 mercenarius,
963 1505 1129 1593 evangelio
1144 1517 1291 1591 testante,
1316 1508 1434 1594 dignus
1449 1511 1492 1573 sit
1509 1529 1567 1574 sna

144 1602 305 1686 mercede,
327 1611 360 1667 et
381 1605 458 1691 quia
477 1603 622 1668 nonnulli
645 1605 793 1690 magistri
814 1605 958 1692 legentes
980 1627 1019 1670 ac
1038 1615 1225 1671 exercentes
1252 1609 1423 1673 retroactis
1444 1617 1609 1694 tempo-¹0

145 1701 236 1767 ribus
281 1725 340 1766 aua
367 1701 516 1767 mercede
559 1713 591 1767 et
625 1706 735 1790 precio
774 1703 936 1770 deser-vito
977 1728 1035 1792 per
1066 1703 1303 1792 negligenciam
1341 1729 1380 1771 ac
1418 1707 1566 1772 fraudem

146 1798 352 1889 quorundam
374 1801 568 1867 decanorum
591 1814 624 1866 et
644 1813 840 1887 taxatorum,
864 1807 918 1892 qui
942 1807 1107 1890 pecunias,
1128 1829 1188 1893 pro
1209 1805 1401 1871 lectionibus
1423 1817 1455 1871 et
1476 1829 1567 1872 exer-

146 1903 236 1965 ciciis
258 1910 404 1988 tempore
426 1903 609 1967 taxacicnis
636 1901 677 1966 ab
707 1902 907 1968 auditoribus
935 1915 1122 1992 perceptas,
1159 1904 1221 1971 sibi
1249 1907 1330 1992 ipsis
1356 1905 1567 1971 imburaando

145 2009 364 2083 reservarunt,
387 2000 570 2066 defraudati
597 2011 670 2066 sunt
686 2024 724 2066 ac
746 2004 877 2090 privati,
900 2003 941 2068 ob
964 2003 1035 2088 hoc,
1056 2004 1193 2070 natalia
1208 2005 1261 2070 vel
1281 2006 1462 2072 consimilia
1483 2002 1568 2093 [28⁸]

146 2097 301 2185 deinceps
325 2101 515 2186 contingant
534 2113 591 2164 aut
611 2101 683 2165 fieri
704 2103 933 2188 permittantur
953 2125 1034 2168 neve
1055 2103 1199 2190 legentes
1220 2104 1272 2169 vel
1294 2116 1481 2170 exercentes
1503 2127 1569 2169 ma·
1579 2113 1610 2170 15

146 2199 242 2283 gistri
263 2197 394 2264 sallario
417 2208 450 2265 et
470 2200 619 2265 mercede
642 2202 709 2265 suis
731 2200 971 2284 defraudentur,
993 2205 1105 2267 statuit
1126 2225 1165 2268 ac
1185 2203 1349 2270 ordinavit
1369 2226 1567 2293 praememo-

149 2306 222 2363 rata
243 2296 381 2362 facultas
404 2300 528 2363 arcium
550 2299 839 2386 praesentibusque
861 2303 972 2366 statuit
994 2323 1033 2366 ac
1053 2301 1191 2385 ordinat,
1213 2302 1300 2390 quod
1314 2304 1457 2369 decanus
1477 2305 1570 2369 etsui

148 2405 315 2462 taxatores
337 2420 398 2484 pro
416 2407 562 2484 tempore
584 2400 759 2464 existentes
780 2403 945 2487 pecunias,
968 2402 996 2466 si
1019 2424 1099 2488 quas
1120 2401 1161 2466 ab
1181 2401 1383 2468 auditoribus
1394 2403 1570 2469 lectionum

150 2519 189 2561 ac
209 2497 445 2562 exerciciorum
466 2507 613 2584 tempore
633 2501 814 2564 taxacicnis
833 2501 1023 2588 receperint,
1042 2501 1124 2587 ipsis
1144 2503 1310 2587 magistris
1323 2502 1506 2589 legentibus
1528 2527 1567 2570 ac

148 2595 374 2662 exercentibus
406 2607 480 2683 post
506 2597 602 2660 finem
630 2595 814 2663 huiusmodi
842 2598 1015 2664 lectionum
1042 2609 1074 2664 et
1100 2603 1354 2685 exercicionum,
1397 2605 1426 2668 si
1457 2602 1614 2668 saltem20

149 2695 243 2760 iuxta
262 2693 507 2760 ordinacionem
528 2717 568 2760 ac
589 2704 744 2761 statutum
766 2699 934 2784 praefatae
954 2699 1114 2764 facultatis
1128 2702 1251 2766 arcium
1262 2700 1400 2788 legerint
1421 2713 1453 2767 et
1480 2725 1571 2768 exer·

148 2796 284 2876 cuerint,
306 2794 437 2859 realiter
459 2805 583 2860 etcum
606 2797 721 2861 effectu
742 2797 926 2883 persolvere
957 2798 1097 2864 debeant
1122 2823 1193 2865 esse
1218 2802 1353 2884 astricti,
1375 2801 1435 2867 sub
1464 2825 1570 2890 poena

150 2895 374 2981 suspensionis
394 2892 436 2958 ab
447 2893 574 2960 actibus
594 2894 839 2982 magistralibus
861 2921 900 2962 ac
921 2901 1120 2985 privationis
1143 2899 1207 2966 loci
1226 2922 1287 2966 nec
1316 2924 1381 2967 non
1403 2905 1572 2968 carenciae

149 2994 292 3058 omnium
314 2993 590 3060 emolimentcrum
610 2995 716 3061 dictae
736 2995 900 3061 facultatis
920 3007 987 3061 tam
1009 2997 1075 3080 din,
1095 2998 1198 3064 donec
1212 3001 1277 3063 iam
1300 2999 1406 3066 dictae
1426 3002 1572 3068 facultati

151 3115 211 3180 per
232 3091 427 3178 condignam
449 3094 702 3159 satisfactionem
723 3095 922 3160 reconciliati
943 3097 1062 3160 fuerint
1083 3107 1115 3161 et
1135 3099 1300 3183 magistris
1329 3098 1513 3186 legentibus
1534 3112 1614 3169 acti

150 3191 379 3258 exercentibus
401 3191 442 3257 de
464 3204 616 3280 percepto
640 3204 737 3280 pastu
757 3192 888 3258 realiter
909 3204 941 3260 et
962 3216 1033 3260 cum
1055 3195 1170 3261 effectu
1190 3197 1412 3269 satisfecerint.

233 3499 302 3557 Das
334 3517 382 3556 cm
418 3500 466 3562 29.
501 3499 627 3558 October
657 3499 735 3562 1476
765 3499 962 3560 brachiosseae
995 3519 1069 3560 aare
1097 3496 1427 3576 Eide'ssormalar
1440 3511 1503 3580 fltr
1526 3506 1573 3566 dic

152 3598 393 3656 &aminatorcn
418 3595 468 3675 (S.
491 3598 561 3657 oben
582 3598 631 3657 Bl.
646 3597 727 3678 20²)
751 3605 820 3675 erup
842 3603 896 3658 der
917 3600 1065 3677 damalipe
1085 3601 1201 3674 Decea,
1224 3603 1404 3680 Lampcrtas
1425 3625 1481 3664 von
1510 3607 1574 3665 dem

149 3699 248 3772 Haeff
262 3698 299 3755 de
322 3694 413 3777 Goct,
439 3697 634 3774 eiycnltt‘indiy
654 3701 716 3772 aas
730 3697 822 3756 cinam
837 3698 1016 3759 besonderea
1037 3701 1139 3759 Blatte
1159 3697 1226 3778 (Bt.
1249 3701 1344 3784 tab),
1363 3706 1437 3765 dealt
1464 3725 1497 3764 so
1516 3706 1573 3778 eia,

150 3797 224 3854 dass
247 3817 281 3854 cr
302 3795 350 3854 eia
373 3796 545 3856 accenderes
557 3797 722 3856 Formalar
736 3803 797 3870 fiir
818 3799 865 3857 die
888 3800 1127 3858 Examinatorea
1148 3802 1449 3879 dchaqistranden
1471 3800 1616 3889 (iura-³0

152 3901 297 3956 mentum
316 3892 572 3956 examinatorum
595 3915 657 3980 quo
680 3890 722 3956 ad
743 3893 998 3978 magistrandos)
1026 3919 1053 3958 a.
1090 3899 1137 3956 ein
1166 3900 1339 3960 besonderea
1357 3910 1420 3979 fiir
1450 3907 1574 3966 dieder

149 3993 419 4054 Baccalarianden
441 3991 670 4069 (iurarncntum
690 3992 947 4056 examinatorum
974 4016 1037 4079 quo
1070 3993 1113 4058 ad
1140 3994 1422 4080 baccalariandos)
1448 4007 1573 4084 cubate.

149 4094 225 4152 Dies
247 4095 334 4152 Blott
356 4094 462 4168 testate
483 4115 517 4152 er
537 4094 629 4153 actea
650 4095 707 4152 das
728 4096 833 4152 alceste
845 4095 1045 4155 Schwarblatt
1066 4093 1134 4174 (Bt.
1157 4101 1196 4162 43
1203 4121 1215 4170 ,·
1236 4101 1292 4176 aql.
1310 4101 1382 4158 oben
1400 4103 1500 4168 &3²2
1513 4110 1575 4166 and

155 4193 303 4253 Urkandl.
330 4193 455 4258 Qucllea
475 4194 506 4254 S.
528 4195 587 4258 824
610 4213 639 4250 u.
660 4193 691 4254 S.
715 4193 805 4272 834).
847 4195 901 4252 Iob
920 4197 1088 4254 unterlaaae
1119 4194 1206 4256 ibren
1238 4199 1394 4274 Abdruclc,
1434 4205 1502 4263 weil
1530 4207 1572 4266 sic

150 4292 290 4350 wiirtlicb
309 4291 563 4350 iibereinstimmca
583 4293 635 4351 mit
657 4295 711 4351 der
733 4293 804 4352 oben
823 4295 985 4370 qeqebeaen
1007 4295 1147 4372 Fassunq
1176 4299 1240 4370 (Βὶ.
1264 4300 1356 4372 20⁸);
1396 4323 1456 4361 aar
1477 4303 1516 4363 ist
1542 4305 1614 4367 inat

149 4393 209 4454 Nr.
221 4387 245 4453 I.
267 4391 338 4473 (fiir
353 4391 401 4449 die
413 4393 727 4469 derMcpiatrcndert)
750 4393 788 4451 im
810 4395 1067 4470 Ansartpeqesetzt
1088 4394 1291 4478 temptamini
1313 4405 1346 4460 et
1365 4401 1507 4464 examini
1528 4397 1575 4486 (et

141 4497 206 4566 fiir
227 4485 294 4566 vel)
316 4509 344 4551 a.
367 4489 398 4548 ia
419 4493 478 4548 Nr.
502 4492 548 4552 11.
570 4491 609 4550 ist
628 4489 830 4576 temptamini
857 4487 911 4554 vel
930 4493 1082 4553 sattirlr'clt
1112 4513 1191 4569 pana
1211 4501 1426 4575 sortpelassen.
1472 4502 1574 4563 Uebri·

147 4611 223 4668 perte
242 4591 368 4649 wardan
391 4591 471 4649 dicae
491 4591 566 4650 atde
588 4591 693 4651 berotto
714 4593 753 4650 im
766 4595 930 4670 folgenden
952 4593 1097 4652 Semcstsr
1119 4595 1283 4673 antiquiore
1305 4601 1343 4674 (a.
1367 4595 1461 4686 oben).

236 4691 303 4748 Der
330 4690 485 4762 Umstand,
506 4691 578 4750 desa
599 4710 670 4750 man
691 4691 739 4751 die
760 4712 854 4751 neuen
876 4693 1134 4767 Eidessormalarc
1154 4714 1196 4752 aa
1220 4697 1318 4756 dieser
1341 4699 1431 4758 Stella
1463 4701 1573 4776 dales·

150 4799 216 4865 tete,
240 4791 318 4848 idest
336 4790 412 4848 micis
427 4793 506 4866 jctzt
525 4793 711 4864 sarmatica,
742 4794 816 4851 dass
847 4791 894 4851 dic
926 4793 1007 4850 alten
1033 4791 1174 4852 Statutcn
1202 4799 1279 4856 caeli
1302 4799 1419 4858 damnis
1440 4800 1514 4858 aori
1534 4804 1614 4861 zato

150 4891 357 4966 Ansaaqedee
370 4885 471 4952 Liber
491 4885 654 4952 facultatis
675 4894 803 4950 standart
824 4892 883 4963 (bis
906 4893 985 4954 1484
1006 4893 1142 4950 mactas
1163 4893 1348 4956 bekanntlicb
1382 4897 1521 4957 Stataten
1542 4918 1572 4961 a.

149 4989 299 5048 Maerebat
319 4989 376 5046 den
396 4984 497 5050 Liber
517 4986 682 5051 facultatis
704 5010 769 5063 aas,
789 4993 846 5068 apl.
875 4991 945 5052 Urlc.
961 4991 1086 5056 Qucum
1104 4991 1135 5054 S.
1155 4995 1240 5070 784),
1261 4997 1325 5054 aad
1340 4997 1412 5054 dass
1433 4985 1481 5056 die
1501 5017 1574 5058 neas

149 5087 319 5152 Redacrion
341 5109 397 5147 uon
422 5085 1083 5176 1471172ᾱωηαιεηίοὴιυον(ωι·ι]ειιι),
1122 5097 1252 5154 raudera
1278 5096 1376 5154 tiator
1408 5097 1465 5155 dart
1492 5099 1574 5160 alten
