3748 6070
314 1548 353 1615 A.
380 1547 556 1624 ERS'I'ER
577 1549 700 1617 BAND
723 1547 817 1614 Due
837 1547 958 1618 LIBRI
979 1547 1296 1617 STATUTORUM.

112 1905 130 1956 1.
151 1905 209 1958 unt
226 1897 413 1958 BL'I'ES'I'EN
431 1905 623 1958 STATU'I'EN
639 1905 717 1957 VOM
738 1905 855 1958 JAIIRII
878 1907 1020 1973 tlte—10,
1042 1907 1109 1958 MI'I'
1129 1895 1517 1959 ZUSA'I'ZBESCIILIISSEN

615 1991 672 2041 BIS
690 1991 763 2042 zutr
780 1990 897 2042 leuen
916 1990 1003 2043 1115.ι

183 2183 330 2276 [elac-1
351 2189 390 2254 In
407 2188 538 2256 nomine
558 2197 690 2254 sancus
710 2199 741 2255 et
760 2189 948 2256 individuae
965 2191 1120 2255 trinitatis
1140 2188 1276 2254 feliciter
1286 2185 1400 2254 Amen.
1422 2187 1518 2254 Anno

110 2283 220 2352 domini
249 2286 420 2354 mlllesimo
453 2285 770 2375 quadringentesimo
800 2311 884 2355 nono
912 2291 1022 2371 (1409)
1055 2288 1174 2354 electus
1204 2289 1265 2353 firit
1296 2289 1330 2353 in
1361 2287 1518 2354 decanum
1544 2297 1561 2352 5

110 2383 259 2452 facultatis
281 2388 406 2453 arcium
433 2386 532 2453 studii
552 2386 744 2474 Lipcaensis
772 2389 914 2477 primum
942 2410 1025 2475 mgr.
1046 2388 1201 2454 Hinricus
1222 2386 1426 2474 Bernhagen,
1459 2386 1520 2452 sub

84 2525 86 2530 .
111 2484 192 2549 cuius
213 2485 372 2552 decanatu
394 2485 579 2574 subscripta
602 2496 722 2552 statuta
749 2497 824 2554 sunt
849 2509 908 2575 per
930 2488 1104 2574 magistros
1124 2487 1287 2554 facultatis
1309 2487 1433 2552 arcium
1455 2497 1519 2552 stu·

112 2579 151 2646 dii
171 2585 326 2670 praedicti
347 2585 436 2652 edita
457 2595 489 2652 et
511 2585 672 2652 concluse.

309 2759 333 2817 1.
356 2749 415 2837 [Bl.
435 2757 475 2820 16
483 2748 509 2839 b]
532 2771 683 2818 eunurca
701 2771 748 2819 un
769 2769 932 2820 neuronn
952 2769 1157 2820 uuucclorus
1177 2769 1314 2818 ouem.

185 2881 341 2950 Statutum
364 2887 514 2972 primum.
556 2885 711 2952 Facultas
736 2887 861 2952 arcium
881 2887 916 2951 in
938 2909 1023 2951 anno
1045 2885 1162 2952 debeat
1182 2885 1303 2950 habere
1325 2883 1406 2950 duos
1428 2884 1566 2952 deca-10

112 3001 173 3064 uos,
200 3005 335 3070 quorum
355 3006 438 3050 unus
459 2982 555 3050 debet
576 2984 652 3071 eligi
674 2983 833 3052 sabbatho
854 2995 929 3052 ante
948 2986 1065 3052 festum
1088 2987 1191 3050 sancti
1213 2983 1358 3070 Georgii,
1379 2983 1522 3070 reliquus

113 3101 182 3145 vero
203 3081 360 3150 sabbatho
383 3092 458 3150 ante
480 3084 597 3150 festum
619 3085 723 3150 sancti
745 3083 859 3150 Gallia

371 3255 400 3318 2.
424 3267 549 3327 QUALIS
570 3265 729 3314 PERSONA
749 3267 889 3316 Duum
909 3267 1005 3316 ELIGI
1026 3267 1063 3314 m
1083 3264 1258 3313 nucarum

186 3379 262 3446 Item
293 3380 480 3448 conclusum
508 3391 540 3447 et
568 3391 725 3446 statutum
753 3391 817 3464 est,
845 3379 932 3446 nullo
961 3379 1213 3461 contradicente,
1243 3377 1329 3466 quod
1357 3379 1463 3445 nullus
1491 3381 1525 3445 in

115 3473 259 3544 decanum
279 3479 444 3546 facultatis
466 3481 589 3546 arcium
611 3479 728 3545 debeat
755 3480 841 3567 eligi,
869 3482 932 3545 nisi
961 3481 1004 3546 sit
1031 3479 1072 3543 de
1099 3477 1233 3544 consilio
1255 3477 1417 3543 facudtatis
1440 3490 1472 3544 et
1491 3482 1567 3546 inre

115 3575 216 3642 eadem
245 3580 399 3646 facultate
431 3589 506 3645 ectu
538 3601 664 3666 regens.
704 3579 749 3644 Et
776 3582 873 3646 istum
899 3582 933 3646 in
964 3579 1131 3668 proposito
1159 3577 1297 3643 facultas
1326 3587 1422 3642 vocat
1453 3589 1528 3645 actu

115 3686 275 3764 regentem,
304 3681 359 3768 qui
383 3703 475 3745 suum
501 3678 580 3765 legit
604 3677 802 3745 ordinarium
829 3689 860 3745 et
885 3683 919 3746 in
941 3679 1054 3746 ordine
1085 3701 1142 3744 suo
1163 3677 1327 3744 ordinarie
1350 3675 1529 3765 disputavit

116 3775 192 3840 etin
214 3777 401 3865 quotlibeta,
423 3780 451 3844 si
471 3777 578 3864 fuerit,
598 3778 825 3866 respondebat

381 3950 409 4012 3.
431 3962 492 4023 our
513 3962 549 4010 nc
567 3961 698 4010 nncaru
719 3960 915 4010 nunccroun
937 3962 1057 4011 vocnu
1078 3963 1251 4012 massua

192 4075 270 4142 Item
293 4085 448 4144 statutum
470 4076 531 4142 fuit
552 4085 584 4142 et
605 4075 802 4161 conclusum,
823 4075 911 4165 quod
929 4074 1036 4143 nullus
1058 4076 1093 4141 in
1112 4076 1272 4142 eleccione
1288 4075 1403 4142 decani
1416 4087 1572 4146 vocemw

118 4171 233 4262 habeat,
253 4177 320 4244 uisi
341 4177 383 4242 sit
404 4174 445 4241 de
465 4176 601 4244 consilio
623 4176 786 4243 facultatis
807 4185 839 4242 et
857 4184 933 4241 actu
953 4197 1079 4263 regens.

520 4349 551 4409 4.
572 4362 620 4410 nn
641 4360 741 4411 uono
764 4358 931 4409 silenum
952 4358 1128 4408 nucsuou.

189 4473 266 4542 Item
288 4485 441 4542 statutum
467 4476 529 4542 fuit
551 4488 583 4543 et
612 4476 808 4560 conclusum,
835 4473 923 4562 quod
953 4472 1072 4540 eleccio
1101 4472 1215 4538 domni
1243 4475 1276 4538 in
1296 4473 1382 4541 hunc
1403 4475 1532 4543 modum

121 4569 225 4639 debeat
246 4574 412 4642 celebrari.
454 4574 567 4643 Primo
596 4576 655 4642 fiet
682 4576 832 4642 induccio
857 4597 916 4662 per
944 4595 1041 4639 voces
1071 4571 1281 4659 singulorum,
1315 4585 1346 4640 et
1374 4578 1403 4642 si
1429 4578 1533 4643 rnaior

194 4814 205 4864 l
224 4809 267 4864 Im
285 4807 413 4881 original
429 4808 562 4865 erhdten
579 4809 643 4882 Vgl.
661 4808 800 4867 Urkundl.
819 4805 936 4874 Quellen
953 4801 981 4860 S.
999 4809 1049 4861 822
1064 4801 1104 4876 fg.
1124 4803 1222 4860 Zuerst
1237 4804 1460 4880 heransgegeben
1480 4823 1535 4862 rou

120 4887 282 4950 Drobisch
303 4893 334 4948 in
354 4893 409 4948 den
429 4909 541 4948 neuen
558 4891 749 4965 Beitrtigen
772 4908 834 4947 zur
851 4888 1033 4946 Stetistik
1049 4887 1109 4944 der
1126 4887 1355 4945 Universitltt
1375 4889 1534 4962 Leipzig

121 4988 143 5028 u.
159 4991 178 5029 a.
196 4993 225 5032 w.
253 4977 282 5032 in
306 4978 361 5034 den
377 4976 527 5034 Beriehten
544 4974 593 5032 der
611 4971 991 5048 philologischlristorischen
1010 4971 1104 5028 Classe
1127 4971 1177 5028 der
1192 4972 1258 5044 Kgl.
1276 4971 1362 5028 Sticho
1386 4971 1536 5029 Geeellsch.

121 5057 143 5111 d
159 5057 319 5117 Wiraenseh.
336 5061 388 5117 Bd.
406 5061 420 5116 1
437 5061 526 5134 11819)
543 5057 571 5116 S.
590 5065 715 5116 95-113.
736 5061 838 5132 Einige
856 5055 1014 5128 unriclrtigs
1030 5055 1178 5127 Lesungen
1196 5058 1256 5112 siud
1274 5057 1302 5110 in
1319 5057 1368 5112 der
1386 5055 1536 5128 vorliegeu-

121 5139 167 5197 deu
181 5143 310 5217 Auagabe
327 5143 487 5205 verbessert.

194 5229 282 5284 lDer
298 5229 362 5302 'Peg
379 5229 526 5300 Georgii
542 5227 607 5284 frillt
623 5227 675 5284 auf
688 5229 742 5283 deu
761 5233 803 5284 23.
820 5225 911 5298 April,
927 5225 977 5280 der
994 5223 1095 5284 Galli
1114 5221 1165 5280 auf
1178 5225 1232 5280 deu
1251 5229 1289 5280 16.
1309 5221 1436 5280 October.

180 5329 395 5372 ararumauen
412 5332 471 5370 nnn
487 5331 562 5374 urus.
578 5331 700 5370 unare.
1328 5314 1368 5378 20
