3794 6066
364 515 422 577 114
824 509 878 559 Dea
898 510 1033 560 lohannes
1050 509 1128 560 Fabri
1145 511 1180 558 da
1196 509 1310 560 Werdaa

359 694 524 779 gationem
556 699 612 755 ant
642 687 738 754 aliam
772 689 967 776 condignam
997 711 1151 777 posnam,
1187 692 1311 756 institia
1341 692 1521 775 mediante,
1556 690 1778 778 procedemus,

359 795 503 880 ipsorum
524 789 698 856 rebellione
716 797 748 852 et
769 790 973 854 contumacia
994 791 1126 854 minime
1144 789 1358 856 obstantibus.
1387 792 1510 857 Datum
1523 800 1705 858 rectoratus
1720 799 1777 857 etc.

517 977 566 1042 58.
598 991 791 1038 mnarum
811 990 859 1037 ns
880 990 953 1040 non
972 989 1140 1039 nunsrno
1162 991 1198 1038 ιιι
1220 991 1342 1039 cauma
1367 991 1434 1039 sno
1457 991 1615 1040 recussa.

442 1105 504 1195 [Bl.
522 1104 595 1194 25⁸]
621 1104 758 1171 Mandat
780 1104 928 1172 omnibus
949 1115 1024 1171 eto:
1057 1114 1215 1194 quatenus
1242 1105 1364 1172 nullum
1399 1107 1545 1193 ipsorum
1567 1106 1723 1193 deinceps
1745 1109 1778 1172 in

333 1208 498 1289 5rubetis,
526 1207 667 1292 campis,
694 1205 795 1287 arsis,
817 1207 923 1290 agria,
944 1207 1008 1272 viis
1028 1205 1169 1292 publicis
1190 1215 1247 1271 aut
1268 1205 1512 1293 quibuscunque
1530 1205 1611 1272 locis
1632 1217 1665 1272 et
1684 1229 1777 1293 prae·

360 1310 454 1395 cipue
483 1316 557 1393 post
587 1304 700 1370 aedem
722 1303 791 1370 divi
810 1304 964 1369 Iohannis
984 1327 1057 1370 curn
1080 1302 1282 1370 studentibus
1304 1304 1357 1372 vel
1378 1304 1470 1370 laicis
1492 1329 1551 1392 pro
1572 1308 1715 1393 pecunia
1734 1305 1777 1370 lu·

357 1407 435 1474 dere
462 1415 664 1492 praesumat,
690 1427 751 1469 nec
780 1405 878 1470 etiam
906 1405 1093 1468 meretrices
1120 1403 1163 1469 ad
1183 1403 1271 1470 dicta
1291 1403 1363 1469 loca
1383 1426 1491 1470 seeum
1513 1404 1611 1470 ducat
1632 1404 1685 1470 vel
1707 1427 1776 1470 cum

356 1506 479 1572 eisdem
509 1504 585 1570 illae
610 1503 711 1569 vadat
740 1514 796 1568 ant
821 1504 903 1588 ipsis
930 1502 1135 1590 impudenter
1156 1525 1227 1570 sesa
1246 1501 1369 1568 ibidem
1390 1507 1538 1570 associet.
1581 1502 1651 1570 Sub
1674 1525 1778 1590 poena

356 1605 450 1670 unius
473 1604 587 1670 floreni
608 1613 669 1670 etc.

315 1783 347 1838 10
405 1777 456 1840 59·
487 1788 606 1837 rostra
627 1785 917 1836 Rscoortoscnrtm
936 1785 1092 1846 ALIQUEM
1112 1784 1245 1834 LIBRUM
1264 1785 1490 1836 AUTENTICUM
1509 1787 1558 1836 EX
1575 1787 1730 1838 ancmvo

967 1885 1164 1934 Rucnrrunt.

437 2005 506 2071 Nos
535 2003 582 2068 N.
611 2011 718 2068 rector
749 2010 861 2067 tenore
894 2001 1115 2088 praesentium
1142 1997 1272 2086 publice
1297 2002 1559 2088 recognoscimus
1587 2002 1776 2090 profitentes

355 2113 557 2194 praesentem
585 2101 721 2184 librum,
751 2125 790 2166 .n.
816 2102 1029 2166 communiter
1055 2109 1291 2186 nuncupatum,
1321 2123 1392 2166 esse
1419 2111 1450 2166 et
1480 2101 1581 2166 fuisse
1600 2125 1716 2166 verum
1746 2112 1776 2167 et

355 2201 546 2291 originalem
575 2201 692 2268 librum
721 2209 915 2267 statutorum
945 2200 1013 2280 (vel
1042 2197 1266 2265 conclusorum
1298 2209 1329 2264 et
1359 2205 1521 2276 actorum)
1555 2203 1776 2267 universitatis

313 2302 551 2392 15praedictae,
572 2324 614 2366 ex
635 2299 769 2366 archivo
791 2321 917 2387 quoque
938 2297 1112 2364 iamdictos
1136 2290 1357 2364 universitatis
1384 2309 1559 2386 receptum,
1588 2303 1622 2366 in
1651 2299 1775 2366 eodem-

354 2427 416 2492 que
437 2403 552 2489 reponi
573 2401 712 2483 solitum,
735 2398 777 2464 ab
794 2401 885 2464 initio
903 2397 1041 2488 denique
1058 2399 1108 2462 sui
1120 2407 1151 2462 et
1163 2421 1292 2486 semper
1302 2400 1404 2464 fuisse
1419 2421 1458 2463 ac
1469 2398 1564 2464 hodie
1580 2422 1653 2464 esse
1668 2410 1775 2465 auten·

353 2504 470 2586 ticum,
500 2502 667 2589 eidemque
696 2523 824 2586 semper
852 2497 1032 2586 plenariam
1052 2497 1150 2562 fidem
1170 2497 1351 2564 adhibitam
1371 2499 1471 2563 fuisse
1493 2519 1532 2563 ac
1554 2501 1587 2563 in
1609 2501 1773 2586 praesenti

353 2601 484 2691 plenam
504 2603 535 2665 ei
556 2598 704 2665 adhiberi
723 2597 829 2662 fidem.
868 2597 906 2662 In
937 2599 1028 2662 cuius
1047 2597 1096 2661 rei
1117 2597 1250 2662 evidens
1271 2599 1489 2663 testimonium
1510 2600 1613 2664 nostri
1631 2609 1774 2666 rectora·

353 2712 404 2767 tus
427 2699 568 2788 sigillum
590 2699 755 2786 praesenti
775 2706 906 2762 nostrae
927 2696 1140 2782 recognitioni
1160 2696 1452 2785 subimpressimus.
1481 2697 1604 2763 Datum
1617 2721 1703 2765 anno
1718 2711 1773 2766 etc.

310 2877 343 2934 20
553 2871 603 2934 60.
633 2882 714 2930 anm
734 2880 854 2930 rosus
874 2877 1166 2928 nncoanoscannr
1186 2882 1318 2930 nmnnu
1338 2881 1573 2931 sursnrrcura

435 2996 498 3088 [Bl.
517 2996 589 3085 2533]
624 2997 691 3064 Nos
713 2995 762 3063 .N.
792 2996 909 3060 artium
938 2995 1107 3083 magister,
1134 2993 1298 3062 facultatis
1324 2997 1497 3062 sanandam
1529 2998 1649 3062 artium
1678 2999 1771 3063 deca·

349 3123 427 3182 nus,
456 3100 618 3184 ceterique
645 3097 795 3184 magistri
814 3097 848 3160 in
870 3092 959 3160 dicta
978 3094 1132 3160 facultate
1154 3105 1229 3162 actu
1248 3107 1398 3182 regentes
1419 3107 1530 3162 tenore
1551 3101 1770 3185 praesentium

350 3198 480 3287 publice
502 3199 763 3284 recognoscimus
785 3194 990 3282 profitentes,
1019 3205 1222 3281 praesentem
1244 3195 1379 3280 librum,
1409 3199 1622 3262 communiter
1651 3196 1770 3262 librum

350 3297 571 3364 conclusorum
594 3308 625 3362 et
646 3307 790 3361 actorum
811 3294 973 3360 facultatis
995 3294 1112 3358 artium
1134 3294 1347 3382 appellatum,
1380 3319 1423 3362 ex
1444 3296 1577 3361 archivo
1599 3297 1771 3362 iamdictae

308 3397 515 3464 25focultatis
543 3406 709 3482 receptum
729 3397 763 3460 in
786 3393 963 3481 eodemque
986 3414 1113 3479 semper
1133 3396 1248 3480 reponi
1268 3394 1411 3478 solitum,
1441 3393 1483 3460 ab
1511 3396 1603 3460 initio
1632 3396 1771 3482 deniqne

350 3501 399 3564 sui
421 3507 452 3562 ct
473 3519 602 3583 semper
622 3496 723 3559 fuisse
745 3495 951 3570 autenticum,
973 3492 1074 3556 donec
1096 3513 1155 3578 per
1175 3492 1344 3558 Nicolaum
1356 3493 1521 3560 Sohreiter
1543 3493 1584 3558 de
1597 3495 1769 3582 Koburgh,

349 3606 507 3663 assertum
528 3592 736 3680 magistrum,
757 3593 790 3656 in
812 3590 921 3656 multis
941 3589 1021 3656 locis
1043 3612 1102 3677 per
1122 3592 1323 3678 quorundam
1343 3602 1430 3658 recte
1452 3603 1484 3658 et
1502 3615 1579 3658 vere
1598 3595 1769 3681 inscripto·

347 3719 420 3762 rum
448 3694 642 3760 deletionem
668 3701 701 3756 et
727 3689 1010 3771 concenationem,
1040 3690 1136 3754 unius
1161 3689 1230 3756 folii
1250 3691 1447 3759 excisionem
1470 3701 1501 3756 et
1522 3691 1660 3760 duorum
1683 3694 1770 3760 folio-

349 3819 422 3860 rum
443 3793 785 3858 conbituminationem
805 3789 939 3854 vitiatus
961 3812 1000 3854 ac
1021 3788 1212 3855 falsificatus
1234 3792 1356 3875 extitit,
1383 3801 1480 3878 prout
1505 3791 1591 3858 idem
1615 3794 1767 3859 Nicolaus

308 3891 512 3978 30Koburgk
541 3913 651 3956 eoram
681 3888 829 3954 omnibus
858 3897 889 3954 et
910 3889 1046 3975 singulis
1066 3889 1248 3975 magistris,
1277 3893 1310 3954 in
1334 3891 1468 3957 oonsilio
1493 3893 1703 3980 supradictae
1724 3895 1769 3959 fa·

350 3993 479 4058 cultatis
499 3989 716 4055 conciliariter
739 3989 956 4075 congregatis,
976 3987 1142 4054 confessus
1164 3989 1234 4072 fuit,
1256 3993 1420 4077 praesenti
1443 3993 1577 4079 iusuper
1596 3993 1681 4059 libro
1697 4005 1768 4058 ante

350 4088 533 4158 huiusmodi
563 4090 613 4153 sui
640 4087 899 4153 falsificationem
925 4086 1022 4153 fidem
1050 4086 1230 4175 plenariam
1260 4089 1440 4156 adhibitam
1467 4090 1575 4156 fuisse.
1617 4093 1655 4156 In
1678 4095 1767 4159 canus

349 4193 398 4257 rei
426 4189 525 4254 fidem
556 4212 595 4254 ac
631 4187 763 4254 evidens
800 4188 1019 4252 testimonium
1046 4187 1185 4274 sigillum
1214 4188 1419 4276 saepedictae
1445 4189 1609 4256 facultatis
1637 4203 1767 4257 nostrae

348 4291 512 4379 praesenti
532 4289 745 4375 recognitioni
767 4287 1060 4373 subimpressimus.
1103 4286 1226 4352 Datum
1247 4311 1331 4356 anuo
1354 4289 1476 4355 domini
1498 4290 1670 4356 millesimo
1692 4303 1748 4358 etc.

306 4469 339 4526 ³5
449 4463 500 4525 61.
532 4473 711 4522 ΗΟΒΤΔΤΙΟ
733 4471 861 4520 Ducam
882 4470 951 4521 PRO
972 4469 1135 4520 ΗΟΝΕΒΤΟ
1156 4471 1257 4520 thDO
1280 4471 1432 4522 sunam
1451 4475 1489 4524 m
1510 4475 1664 4526 Pmnmo

943 4570 1180 4620 ARISTOTELIS.

431 4689 518 4770 Quia
540 4687 693 4754 discretio
715 4694 818 4751 mater
839 4685 982 4750 omnium
1001 4685 1157 4750 virtutum
1177 4687 1361 4776 artiumque
1381 4711 1453 4754 esse
1473 4689 1678 4777 perhibetur,
1710 4692 1762 4758 bo·

346 4810 470 4878 naeque
496 4786 721 4874 dispositionis
747 4788 882 4850 comitas
915 4794 948 4851 et
968 4783 1059 4867 ordo,
1094 4785 1229 4852 docente
1261 4789 1472 4874 experientia,
1505 4788 1765 4880 quos[26·]libst

346 4901 438 4955 aetus
466 4887 603 4954 decoros
630 4883 740 4950 reddit
769 4893 801 4948 et
827 4883 1040 4950 honorificos:
1065 4883 1107 4950 ob
1135 4883 1197 4950 boo
1222 4884 1363 4952 decanus
1392 4887 1556 4954 facultatis
1586 4892 1705 4956 artium
1724 4913 1764 4956 ex

305 4988 478 5053 todecreto
505 4986 632 5052 consilii
660 4985 889 5068 magistrorum
915 4982 1089 5048 iamdictae
1117 4983 1281 5050 facultatis
1302 4985 1450 5052 hortatur
1473 5009 1584 5054 ornnes
1605 4999 1639 5055 et
1658 4993 1763 5077 singu·

346 5087 393 5152 los
414 5087 590 5173 magistros
612 5093 800 5168 ceterosque
822 5085 992 5165 convivas,
1017 5083 1060 5147 ad
1086 5084 1258 5168 prandium
1279 5085 1464 5152 Aristotelis
1488 5110 1591 5175 nuper
1614 5091 1762 5154 invitatos

346 5197 377 5252 et
405 5188 549 5252 crastina
577 5182 642 5262 (vel
663 5180 833 5258 hodierna)
854 5181 925 5247 luce
947 5182 990 5248 ad
1010 5181 1095 5248 idem
1118 5184 1315 5250 convivandi
1337 5207 1437 5251 causa
1456 5196 1628 5272 venturos,
1655 5199 1761 5277 quate
