3758 6072
540 515 630 568 Vter-te
647 514 916 580 Statntsnredaotlon,
932 531 986 570 von
1006 515 1180 574 tlte-1522.
1504 515 1564 585 443

147 696 254 764 aiones
281 695 477 764 indiscretae
502 697 537 764 in
566 699 862 768 dehonestationem
889 701 954 768 loci
976 709 1008 768 et
1032 703 1263 788 magistrorum
1286 697 1334 764 lbi
1352 699 1563 764 mereseium.

147 796 229 862 Item
257 795 392 863 sollicite
417 797 571 885 vigilent,
603 799 689 888 qnod
720 800 860 867 scolares
891 823 1002 869 eorum
1030 801 1222 868 latinitatem
1251 800 1362 866 stricte
1391 797 1564 865 observent

145 895 274 986 chaque
293 899 368 964 iura
385 895 530 964 bursalia
549 907 689 965 teneam.
731 901 775 967 Et
794 900 834 968 de
854 921 956 968 coena
977 900 1139 968 servanda
1152 901 1397 967 conformantes
1408 897 1563 985 collegiis,

144 997 192 1062 sic
213 993 301 1084 quod
322 1005 396 1062 ante
422 996 536 1064 horem
565 1001 711 1087 quintam
737 1023 802 1068 non
823 1010 957 1068 coenent
975 1025 1036 1068 neo
1060 1001 1103 1068 ad
1129 1023 1261 1068 coenam
1286 997 1410 1087 pulsari
1434 998 1565 1081 faciant,

145 1093 244 1260 sqlpis
267 1097 364 1162 certis
385 1097 590 1186 septimanis,
612 1098 730 1188 quihus
752 1101 793 1169 de
819 1101 1049 1170 consuetudine
1077 1102 1275 1168 casuarium
1295 1095 1338 1163 ab
1359 1097 1493 1185 antiquo
1514 1105 1563 1166 est
1588 1105 1605 1164 d

146 1215 165 1262 0
207 1205 364 1262 emtum.

403 1337 432 1401 8.
453 1347 500 1397 nn
521 1347 636 1398 conus
654 1349 691 1398 ru
711 1351 893 1401 connnans
911 1349 958 1400 nr
979 1349 1099 1402 nuans
1122 1317 1309 1400 serviani

226 1460 356 1545 Placet,
378 1463 464 1550 quod
491 1465 526 1530 in
553 1465 642 1534 nulle
672 1466 879 1554 collegiorum
906 1477 963 1534 ant
986 1466 1160 1534 bursarum
1180 1476 1250 1532 tam
1269 1468 1304 1532 in
1325 1474 1448 1532 aestate
1469 1487 1568 1554 quam

143 1563 178 1626 in
197 1559 303 1627 hieme
325 1584 426 1629 coena
452 1563 524 1630 fieri
554 1563 652 1632 debet
680 1576 736 1632 aut
764 1566 808 1632 ad
837 1591 908 1634 earn
940 1567 1065 1655 pulsari
1095 1577 1169 1632 ente
1189 1567 1302 1632 horam
1323 1566 1485 1652 quintam,
1506 1565 1566 1632 snb

145 1683 250 1748 poena
265 1670 402 1747 quatuor
416 1685 615 1748 grossorum,
636 1667 753 1732 totiens
773 1670 922 1756 quotiens
945 1689 965 1732 a
985 1667 1108 1732 decane
1130 1666 1292 1731 facultatis
1313 1667 1439 1731 arcium
1456 1674 1607 1731 exter-10

145 1759 365 1848 quendorum,
392 1773 526 1850 propter
553 1765 686 1830 nimiam
715 1769 908 1853 voganeiam
931 1768 1026 1832 nimis
1050 1767 1147 1852 longo
1167 1773 1313 1853 tempore
1333 1773 1409 1852 post
1429 1785 1563 1830 coenam

143 1859 322 1927 vitandam
376 1861 476 1929 Salvo
507 1873 616 1930 umen
648 1887 702 1948 eo,
735 1865 822 1950 quod
853 1889 912 1954 per
944 1876 1077 1932 octavas
1103 1866 1243 1948 Pasoae,
1272 1865 1465 1930 mutationes
1495 1873 1563 1930 tam

144 1958 317 2024 hiemalem
334 1984 432 2049 quam
447 1963 635 2030 aestivalem
656 1973 689 2030 et
708 1973 854 2054 tempore
876 1965 1084 2054 carnisprivii
1105 1965 1255 2032 demere
1278 1965 1409 2048 antiquo
1432 1971 1481 2028 est
1501 1961 1563 2029 ob·

145 2066 323 2124 servatum.

471 2199 499 2262 9.
521 2189 583 2284 [Bl.
600 2193 651 2286 7¹]
680 2216 726 2264 nn
749 2215 974 2278 Quonnnsnro
995 2213 1229 2265 nrsrnrsuno.
1571 2201 1601 2260 tt

226 2327 357 2394 Placuit
384 2329 551 2415 magistris
577 2327 618 2396 de
644 2330 777 2397 oonsilio
808 2331 973 2398 facultatis
1005 2333 1144 2414 arcium,
1172 2329 1259 2416 qnod
1287 2330 1381 2396 iuxta
1410 2327 1563 2394 reforma·

147 2429 274 2494 cionem
295 2425 430 2492 illustris
450 2428 609 2515 principis
629 2427 721 2494 ducis
743 2429 878 2517 Georgii
900 2441 932 2496 et
958 2431 1080 2498 domini
1109 2431 1258 2520 episcopi
1285 2426 1569 2512 Mersburgensis¹

148 2525 372 2613 quodlibetum
392 2525 545 2613 deinceps
563 2537 597 2592 et
610 2529 646 2593 in
666 2528 808 2596 futurum
830 2530 871 2598 de
892 2531 1109 2619 quinquennio
1129 2532 1164 2596 in
1184 2528 1438 2616 quinquennium
1459 2525 1569 2612 dispu-

148 2626 249 2694 tando
274 2625 464 2692 celebretur.
506 2626 551 2692 Et
565 2629 672 2714 prima
687 2627 863 2698 collacione
882 2630 1041 2718 deposita,
1063 2639 1138 2720 post
1156 2629 1254 2696 finem
1274 2624 1458 2694 huiusmodi
1478 2634 1570 2692 acan

144 2725 320 2808 laboriosi,
341 2747 402 2813 pre
424 2725 572 2792 omnibus
593 2726 782 2794 doctoribus
803 2740 835 2796 et
855 2733 1021 2818 magistris
1043 2729 1177 2796 collaoio
1204 2727 1356 2795 solemnia
1376 2724 1613 2812 expediendae

147 2827 181 2892 in
198 2823 294 2891 stuba
310 2823 473 2890 facultatis
492 2825 621 2912 collegii
638 2829 779 2894 maioris.
821 2829 866 2895 Et
886 2830 998 2896 electio
1018 2829 1076 2896 fiat
1097 2826 1328 2918 qu'edlihetarii
1347 2825 1436 2890 circa
1454 2823 1572 2890 festum

147 2925 251 2990 sancti
272 2922 492 2990 Bartholomei
517 2930 589 3006 (deo
610 2932 660 2995 24.
680 2929 825 3012 August),
852 2951 916 3014 qua
943 2929 1105 2996 celebrata
1136 2949 1196 3015 per
1228 2924 1414 2992 facultatem
1445 2924 1569 2990 arcium

147 3023 267 3090 electus
289 3022 510 3113 quodlibetum
531 3034 606 3113 post
625 3025 755 3113 lapsum
776 3027 920 3094 eiusdem
941 3031 1018 3094 anni
1040 3029 1127 3094 circa
1148 3025 1431 3114 praenominatum
1452 3024 1570 3088 festum

146 3121 365 3188 Bartholcmei
374 3123 519 3211 incipiat.
561 3123 679 3190 Modus
696 3147 784 3208 vero,
808 3127 992 3193 solemnitas
1013 3135 1046 3192 et
1065 3125 1172 3192 forma
1192 3123 1385 3212 disputandi
1408 3143 1448 3188 ac
1469 3117 1585 3188 colla·-

146 3223 244 3288 tionis
265 3223 300 3288 in
320 3221 384 3288 fine
403 3232 494 3288 actus
512 3223 737 3312 expediendae
757 3223 898 3292 habetur
920 3227 954 3291 in
975 3225 1136 3292 conclusis
1158 3225 1219 3290 suh
1240 3224 1401 3290 decanatu
1421 3221 1612 3308 magistrilt

146 3321 260 3408 Magni
274 3321 391 3390 Hundt
404 3321 698 3411 Magdehurgensis
719 3328 816 3404 (1497
822 3322 862 3412 ·),
885 3335 1019 3392 extense
1040 3326 1120 3391 satis
1142 3323 1185 3390 ed
1205 3322 1326 3390 librum
1347 3319 1572 3388 conclusorum

150 3422 321 3509 papireurn
342 3422 506 3509 scriptis.²
1516 3441 1519 3448 ·

590 3589 630 3658 V.
658 3607 904 3658 cnrsrunun
929 3607 1125 3669 Qururuu.

188 3738 352 3805 Statnta
374 3741 660 3806 concernentia
681 3743 899 3827 magistros
920 3740 968 3806 de
988 3737 1159 3806 consilio
1180 3736 1406 3818 facultatis,
1428 3757 1529 3822 qnae

261 3848 440 3924 tempore
467 3837 790 3926 dispensationis
816 3839 1174 3928 promovendorum
1194 3837 1276 3924 legi
1295 3835 1454 3902 dehent
1577 3841 1612 3900 ³0

295 4009 320 4068 t.
347 4019 489 4081 cusano
510 4023 653 4073 casnm
674 4025 768 4072 ornat
786 4023 1080 4073 nrsrnusa‘nouns
1102 4020 1423 4070 raonovnunoauu.

231 4133 361 4219 Placet,
390 4136 477 4224 qnod
503 4139 611 4224 prima
639 4137 838 4227 dispensatio
867 4138 1162 4226 magistrandornm
1189 4137 1224 4200 in
1256 4134 1374 4223 hyeme
1398 4135 1457 4200 fiat
1483 4135 1572 4200 circa

147 4235 264 4300 festum
279 4233 424 4301 Thomas
445 4235 587 4322 apostoli
607 4235 650 4326 (d.
662 4245 710 4306 21.
722 4241 901 4322 December),
923 4235 1247 4304 baccalariandorum
1268 4237 1302 4301 in
1323 4235 1440 4322 hyeme
1461 4235 1570 4322 prime,

146 4336 181 4400 in
193 4335 302 4422 capite
314 4335 422 4418 ieiuni,
442 4336 478 4400 in
498 4345 622 4404 aestate
643 4341 731 4405 circa
749 4339 868 4404 festum
879 4337 1119 4418 Pentheocstes‚
1139 4337 1174 4400 in
1194 4345 1347 4402 autumno
1368 4357 1447 4400 vero
1468 4330 1567 4422 paulo

147 4432 360 4500 antefactum
383 4435 590 4504 exaltationis
612 4447 744 4505 sanotae
764 4439 870 4506 crucis
892 4443 935 4515 (d.
958 4443 1005 4504 14.
1028 4440 1216 4518 September).
1575 4441 1609 4498 ³5

210 4605 238 4666 2.
260 4616 434 4677 chalrnn
458 4617 558 4666 crece
579 4619 1020 4671 sun1r10unnnncr10unn
1041 4620 1086 4668 nr
1108 4617 1371 4668 sxnnmcrosnu
1389 4615 1507 4664 unsar

752 4719 964 4770 arsennaria.

230 4831 385 4898 Decanus
406 4832 466 4900 sub
489 4856 548 4900 suc
570 4836 751 4904 iuramento
771 4836 868 4902 debet
888 4857 959 4900 esse
981 4835 1133 4900 astrictus
1150 4844 1297 4924 tempore
1318 4830 1567 4920 dispensationis

149 4952 305 5018 quaerere
324 4930 378 4997 vel
398 4935 510 5019 quaeri
531 4933 640 5002 facere
662 4957 774 5004 omnes
796 4936 980 5026 promoveri
1000 4934 1146 5001 volentes
1175 4937 1209 5001 in
1228 4935 1312 5002 libro
1333 4927 1568 5017 complenoium

232 5102 243 5154 1
266 5097 330 5169 vgt
348 5096 419 5155 oben
436 5095 465 5156 S.
483 5102 524 5169 2⁶,
541 5103 582 5155 tt.

228 5186 244 5238 2
262 5181 364 5239 Laoc
378 5178 418 5238 iot
433 5182 522 5239 dieses
538 5181 618 5241 Buch
635 5182 768 5242 sederem
802 5183 867 5257 Vgl.
886 5183 953 5242 llrk
971 5182 1089 5252 melleo
1106 5181 1134 5240 S.
1151 5187 1212 5243 820.
