3794 6060
623 437 674 492 Die
691 437 872 490 &brucum
890 450 952 488 ron
968 437 1053 490 dabra
1074 440 1146 490 ttae.
1547 441 1584 502 15

160 621 223 708 giis
245 620 499 708 collegiatarum
524 641 643 685 vacare
670 621 859 705 contigerit,
887 618 974 704 quod
995 619 1175 706 collegiati,
1203 619 1295 683 iuxta
1325 639 1385 682 sua
1405 627 1526 685 statuta
1545 618 1589 684 ad

159 720 357 788 electionem
371 721 564 802 evenientes,
585 741 650 784 non
664 727 796 783 utantur
817 719 930 784 favore
945 720 1085 804 privato,
1108 718 1166 784 sed
1177 717 1302 784 oculum
1314 718 1588 784 consideracionis

159 821 201 886 ad
224 840 285 887 eos
308 821 473 908 dirigant,
500 820 555 906 qui
577 819 706 904 ingenio
728 818 890 905 praeclari
917 827 949 882 et
971 821 1216 892 couversatione
1237 815 1425 882 tractabiles
1448 819 1588 882 existant

160 931 259 1008 atque
281 919 433 986 moribus
454 919 574 985 sanctis
597 919 720 1004 pariter
742 927 775 982 et
794 916 961 984 laboribus
974 917 1046 1006 plus
1069 919 1142 984 aliis
1163 917 1284 983 firerint
1304 916 1461 1002 insigniti.
1504 917 1587 982 Nam

159 1027 218 1107 per
237 1020 358 1086 talium
381 1020 616 1107 promotionem
637 1017 738 1082 abiles
765 1015 918 1082 abiliores
947 1028 979 1083 et
1001 1018 1137 1085 studiosi
1166 1015 1376 1083 studiosiores
1397 1013 1585 1100 redduntur,
1613 1027 1629 1080 5

159 1141 289 1185 necnon
313 1120 421 1186 honor
449 1127 480 1183 et
507 1121 737 1182 incrementum
765 1118 1016 1182 universitatis.
1045 1166 1054 1180 .
1085 1166 1092 1180 .
1117 1121 1126 1159 ¹
1156 1126 1188 1182 et
1215 1135 1349 1181 numero
1377 1135 1588 1202 personarum

161 1219 394 1307 multipliciter
415 1217 624 1282 dinoscrmtur
643 1217 824 1303 procurari.
1416 1249 1418 1254 ·

244 1319 333 1386 Item
354 1315 502 1384 volumus
522 1325 554 1380 et
573 1315 779 1398 mandamus,
802 1313 889 1400 quod
908 1325 1051 1380 rectores
1071 1315 1243 1381 bursarum
1264 1336 1336 1380 cum
1363 1316 1429 1382 suia
1452 1315 1588 1381 conbur-

159 1417 289 1485 salibus
326 1420 362 1483 in
395 1437 507 1482 mensa
543 1426 575 1480 et
607 1414 681 1480 aliis
715 1415 781 1479 suis
813 1413 1111 1480 conversationibus
1142 1413 1245 1480 latina
1278 1415 1401 1502 ligua²
1443 1423 1584 1481 utantur.

161 1517 217 1584 Sic
237 1521 329 1584 enim
350 1517 517 1604 magistris
537 1537 614 1580 usus
637 1513 767 1602 proficit
786 1521 819 1578 et
840 1512 981 1578 scolares
1000 1513 1076 1579 inde
1097 1515 1210 1580 melius
1230 1517 1441 1580 metuuntur.
1600 1518 1631 1582 to

244 1618 373 1684 Verum
395 1639 468 1682 cum
487 1615 628 1682 humana
649 1623 767 1680 natura
792 1633 895 1678 novas
919 1635 1046 1701 semper
1072 1613 1271 1702 deproperat
1296 1613 1392 1680 cdere
1418 1615 1540 1682 formas
1559 1627 1591 1681 et

161 1739 279 1806 parum
303 1726 391 1784 esset
412 1724 534 1782 statuta
555 1713 710 1797 condere,
737 1714 799 1778 uisi
822 1714 1005 1779 executioni
1030 1712 1159 1780 debitae
1185 1713 1470 1782 demandarentur:
1501 1715 1589 1782 ideo·

160 1837 241 1902 que,
274 1825 313 1882 ut
331 1827 400 1886 turn
420 1815 502 1882 baec
521 1837 618 1902 quam
640 1813 706 1878 alia
725 1813 946 1878 universitatis
967 1821 1087 1880 statuta
1115 1813 1276 1880 salubrius
1305 1812 1519 1881 observentur
1546 1823 1587 1897 et,

165 1918 193 1980 si
214 1914 298 2002 quid
319 1913 523 2002 negligenter
532 1914 554 1997 ³,
575 1912 686 1979 debita
713 1911 993 1978 animadversione
1018 1915 1249 2001 corriperetur:
1271 1913 1344 1980 ideo
1368 1915 1537 1980 statuimus
1559 1923 1591 1978 et

162 2015 374 2098 ordinamus,
404 2012 492 2100 quod
519 2012 671 2098 deinceps
698 2011 834 2096 siugulis
866 2014 968 2078 auuis'
988 2012 1130 2078 secunda
1156 2012 1209 2078 die
1235 2015 1356 2080 mensis
1382 2015 1526 2080 Ianuarii
1552 2015 1629 2080 ints

167 2115 427 2207 congregatione
440 2111 594 2200 generali,
616 2121 751 2198 propter
771 2110 833 2176 hoc
849 2134 908 2198 per
921 2119 1080 2178 rectorem
1093 2111 1253 2197 facienda,
1275 2137 1334 2202 per
1353 2117 1501 2180 nationes
1514 2135 1590 2199 qua·

162 2223 239 2280 tuor
259 2215 413 2300 magistri
434 2221 489 2278 aut
510 2211 674 2294 doctores,
700 2209 851 2276 videlicet
879 2233 938 2297 per
963 2215 1133 2278 necionem
1152 2209 1365 2278 Misuensium
1387 2213 1429 2278 de
1455 2210 1590 2298 collegio

164 2315 287 2380 maiori
308 2335 407 2396 unus,
441 2333 500 2399 per
520 2313 684 2378 nationem
706 2311 873 2404 Saxonum
894 2310 936 2375 de
956 2310 1091 2398 collegio
1112 2313 1230 2376 minori
1253 2317 1327 2396 ius,
1348 2313 1591 2399 perustionem

163 2413 372 2478 Bavarorum
399 2411 440 2476 dc
462 2411 597 2498 collegio
626 2409 741 2476 beatae
768 2411 905 2496 virginis
925 2412 1045 2476 tercius
1072 2421 1104 2476 et
1124 2433 1182 2498 per
1208 2412 1371 2478 nationem
1392 2409 1588 2477 Polonorum

166 2521 304 2597 quartus
333 2511 374 2578 de
393 2510 547 2577 facultate
575 2512 763 2576 iuristarum
791 2520 980 2576 executores
1002 2509 1178 2596 eligantur,
1208 2512 1264 2597 qui
1289 2513 1359 2576 sine
1384 2511 1629 2576 recusationem

167 2612 228 2677 sub
253 2633 360 2698 poena
383 2611 494 2676 decem
521 2611 554 2676 fl.
576 2611 715 2675 officium
742 2609 947 2674 execucionis
977 2607 1161 2676 huiusmodi
1188 2613 1353 2699 suscipere
1377 2608 1510 2697 debent,
1536 2611 1592 2696 qui

165 2712 277 2774 statim
300 2719 473 2800 postquam
499 2707 593 2774 electi
624 2719 698 2774 sunt
725 2709 870 2792 quintum
903 2707 1217 2796 superintendentem
1246 2709 1287 2776 de
1307 2708 1461 2776 facultate
1482 2707 1592 2796 aliqua

166 2810 292 2897 eligere
313 2819 475 2874 tenentum.
516 2807 574 2872 Hii
601 2829 711 2872 omnes
739 2807 911 2894 diligenter
940 2807 983 2872 ad
1009 2806 1268 2874 observationem
1294 2811 1437 2874 omnium
1458 2817 1591 2874 statuto·

167 2933 241 2976 rum
263 2908 432 2975 intendere
453 2905 586 2988 debent,
615 2928 654 2971 ac
675 2905 731 2972 ubi
748 2907 907 2972 defectum
922 2909 1111 2994 reperirent,
1133 2908 1293 2974 adiutorio
1314 2908 1436 2975 domini
1455 2911 1591 2974 rectoris

166 3008 391 3095 delinquentes
413 3008 539 3093 punire.
582 3005 618 3070 Si
632 2999 710 3092 'quis
733 3015 839 3070 antem
859 3005 923 3070 illis
941 3027 975 3070 se
996 3008 1203 3095 pertinaciter
1220 3019 1408 3096 opponeret,
1431 3007 1526 3074 debet
1547 3007 1632 3074 abts

37 3158 43 3173 .
165 3110 380 3174 universitate
402 3106 541 3172 excludi.
582 3105 628 3169 Et
648 3115 683 3170 ut
706 3105 805 3170 iidem
825 3115 1016 3172 executores
1037 3109 1102 3172 sint
1116 3107 1236 3173 forcius
1259 3107 1301 3173 ad
1318 3107 1502 3175 huiusmodi
1524 3107 1591 3174 offi-

167 3209 254 3273 cium
272 3207 415 3274 fideliter
437 3203 659 3292 exequendum
686 3205 827 3288 astricti,
854 3205 988 3292 quilibet
1016 3229 1125 3272 eorum
1149 3210 1258 3273 statim
1278 3218 1354 3295 post
1373 3209 1441 3273 eius
1463 3207 1590 3274 electio·

165 3327 242 3372 nem
262 3307 297 3372 in
318 3305 470 3372 manibus
492 3304 614 3370 domini
640 3304 776 3368 rectoris
802 3305 1015 3369 iuramentum
1043 3316 1211 3392 praestare
1238 3307 1335 3373 debet
1356 3305 1416 3372 sub
1437 3306 1500 3372 hae
1520 3329 1591 3372 ver-

166 3405 283 3472 borum
304 3408 429 3473 forma:
458 3403 550 3491 „Ego
571 3403 613 3470 N.
633 3404 720 3485 iuro,
753 3401 840 3489 quod
861 3401 958 3467 velim
985 3403 1125 3468 officium
1152 3405 1250 3471 michi
1274 3407 1451 3472 iniunctum
1474 3408 1590 3494 exequi

167 3527 360 3594 proposse,
382 3505 492 3590 nilque
512 3505 544 3568 in
565 3502 627 3568 hoc
649 3504 795 3568 omittere
813 3501 866 3566 vel
888 3523 986 3588 agere
1004 3503 1081 3587 odii,
1101 3506 1258 3588 rancoris,
1279 3506 1391 3592 precii,
1413 3507 1493 3593 spei,
1516 3517 1633 3593 gra-³0

170 3607 239 3672 ciae
258 3607 453 3691 timorisque
474 3625 582 3670 causa.
626 3601 681 3667 Sic
707 3623 758 3666 me
780 3600 858 3666 deus
885 3601 1016 3668 adiuvet
1037 3615 1069 3668 et
1094 3606 1198 3669 sancti
1220 3605 1320 3671 eius.“
1361 3603 1399 3670 si
1419 3605 1490 3690 quis
1512 3611 1590 3674 ver'o

170 3724 281 3771 eorum
299 3705 388 3770 infra
407 3727 526 3770 annum
548 3701 751 3792 praedictum
771 3700 938 3768 recederet
958 3712 1014 3768 uut
1034 3702 1215 3790 decederet,
1236 3705 1378 3770 habeant
1398 3703 1454 3770 alii
1477 3729 1590 3772 execu-

169 3811 255 3871 tores
283 3813 479 3893 potestatem
505 3801 670 3868 inlocum
697 3802 767 3867 eius
794 3800 893 3866 alium
920 3803 1064 3870 eiusdem
1089 3804 1254 3872 facultatis
1281 3827 1338 3872 seu
1368 3803 1495 3894 collegii
1522 3826 1589 3872 sur-

170 3905 318 3991 rogandi.

249 4003 409 4071 Volumus
431 4003 571 4090 insuper,
593 3999 679 4085 quod
697 3999 803 4065 nrallus
825 4000 948 4086 doctor,
969 4006 1125 4090 magister
1141 4015 1197 4070 aut
1218 4006 1363 4090 scolaris,
1385 4007 1420 4074 in
1437 4005 1631 4074 clericatutt

173 4107 323 4188 existens,
346 4101 483 4168 barbam
504 4103 628 4167 nutrire
649 4108 847 4186 praesumat,
867 4123 938 4166 cum
962 4105 1064 4170 eciam
1085 4127 1106 4168 a
1126 4105 1196 4170 iure
1218 4106 1378 4171 communi
1396 4106 1460 4174 hoc
1481 4109 1527 4173 eis
1550 4110 1592 4174 sit

171 4203 388 4270 interdictum.
431 4201 532 4268 Secus
554 4212 661 4266 autem
681 4199 806 4266 faciens
827 4224 887 4287 pro
910 4201 1055 4288 qualibet
1076 4203 1267 4287 ebdomada,
1290 4226 1353 4290 qua
1367 4204 1457 4272 illam
1479 4205 1592 4292 defert,

172 4306 288 4370 rectori
315 4309 328 4368 l
352 4301 386 4367 fl.
405 4321 574 4367 renensem
594 4299 720 4366 solvere
741 4309 905 4383 teneatur,
932 4323 990 4388 per
1011 4327 1087 4388 nos,
1108 4303 1286 4369 Iohannem
1308 4305 1514 4394 episcopum,
1536 4316 1592 4376 aut

172 4415 316 4470 neruum
336 4400 506 4468 officialem
526 4421 633 4487 poena
654 4401 813 4466 canonica
832 4399 1059 4468 nichilominus
1080 4402 1273 4492 puniendus.

250 4503 420 4569 Postremo
442 4521 514 4566 eum
537 4499 728 4566 obediencia
750 4503 793 4566 sit
813 4502 917 4566 virtus
936 4502 1020 4568 inter
1042 4503 1122 4568 alias
1143 4504 1279 4570 virtutes
1300 4503 1390 4590 talis,
1412 4504 1500 4592 quod
1521 4505 1632 4570 sinete

175 4623 210 4668 ea
227 4604 424 4670 universitas
445 4601 619 4668 subsistere
639 4623 705 4666 non
726 4608 849 4688 potest,
870 4600 993 4668 idcirco
1017 4604 1197 4687 statuimus,
1219 4604 1306 4690 quod
1327 4604 1468 4671 scolares
1488 4606 1590 4691 magi·

175 4707 255 4789 atris,
275 4704 428 4789 magistri
447 4702 589 4766 iuniores
611 4699 793 4766 senioribus
814 4710 846 4766 et
866 4702 1009 4767 seniores
1028 4701 1225 4788 doctoribus,
1245 4703 1457 4792 doctoresque
1471 4705 1591 4769 rectori
1677 4729 1682 4734 ·

175 4801 313 4870 debitam
342 4801 562 4868 obedienciam
589 4822 662 4866 cum
689 4822 768 4866 vera
794 4799 974 4866 humilitate
1002 4802 1178 4870 exhibeant
1203 4805 1238 4869 in
1267 4805 1401 4874 cunctis.
1450 4801 1486 4870 Si
1517 4805 1590 4889 quis

175 4913 276 4972 autem
299 4902 499 4970 contrarium
516 4923 557 4966 ex
571 4922 760 4987 quacunque
776 4923 876 4966 causa
892 4909 1086 4989 attemptare
1104 4905 1367 4991 praesumpserit,
1388 4901 1462 4970 ulis
1483 4905 1589 4990 primo

241 5129 251 5179 ι
270 5116 453 5180 namuci.
488 5123 503 5173 a
521 5114 651 5173 niseus
668 5115 752 5172 utne
770 5115 859 5190 pesga
875 5123 953 5173 sone
971 5119 1055 5190 rtem
1071 5135 1107 5174 sn
1122 5117 1273 5174 semisse
1308 5118 1538 5191 emma
