3762 6074
482 447 571 498 Vierte
590 445 925 508 annumerarentur
945 445 1128 500 ttae-15²2.
1468 445 1527 508 477

108 669 154 732 16.
176 680 224 728 nn
247 677 388 726 snrsrn
410 679 455 726 nr
477 679 630 727 nonnus
650 677 982 743 usorsrasrnonou,
1005 659 1109 748 quod
1131 661 1264 724 eciam
1284 662 1324 724 in
1348 659 1532 722 examine

208 783 367 827 morum
392 783 479 826 cum
505 771 681 849 quatuor
703 759 967 847 sequentibus
988 761 1166 825 statutis
1187 758 1273 844 legi
1297 758 1425 823 debet.

714 896 775 960 vgr.
795 896 871 961 xur,
889 896 929 948 ao.

188 1011 251 1102 [Bl.
274 1007 349 1099 25⁵]
375 1011 458 1077 Item
484 1009 590 1075 nullus
613 1008 801 1074 admittatur
828 1009 871 1074 ad
898 1017 1096 1096 temptamen
1124 1031 1184 1097 pro
1212 1008 1318 1096 gradu
1344 1008 1533 1095 magisterii,

105 1117 168 1182 nisi
197 1112 343 1198 attigerit
367 1133 487 1176 annum
507 1111 696 1174 vicesimum
726 1109 865 1195 primum
893 1120 925 1173 et
951 1109 991 1173 de
1019 1108 1176 1194 legittimo
1204 1110 1408 1175 matrimonio
1435 1117 1530 1172 natus
1557 1117 1573 1170 5

106 1219 149 1282 sit
169 1222 202 1279 et
224 1211 306 1278 alies
329 1208 473 1274 moribus
495 1207 762 1273 commendabilis
783 1209 918 1292 existat,
949 1209 997 1272 sic
1019 1207 1105 1295 quod
1126 1209 1159 1272 in
1181 1207 1269 1273 nullo
1289 1231 1425 1273 excessu
1445 1216 1534 1271 nota-

105 1315 164 1380 bili
192 1323 225 1378 et
250 1310 379 1376 notorio
401 1306 620 1396 deprehensus
648 1307 755 1372 fuerit.
795 1306 892 1388 Quod
921 1307 961 1372 de
991 1305 1135 1395 quolibet
1161 1331 1315 1391 seorsum,
1345 1306 1468 1372 scilicet
1494 1305 1534 1369 de

106 1423 213 1481 aetate
242 1420 274 1476 et
298 1407 525 1494 legitimitate,
555 1415 629 1471 ante
658 1405 888 1471 admissionem
914 1405 958 1472 ad
977 1417 1174 1494 temptameu
1200 1429 1260 1496 per
1286 1406 1443 1472 decanum
1465 1403 1535 1470 dili-

107 1523 222 1601 genter
243 1510 435 1593 inqniratur.
478 1506 567 1588 Quos
593 1507 697 1571 eciam
718 1513 750 1569 et
773 1504 947 1593 quemlibet
966 1507 999 1572 in
1023 1507 1141 1596 aliquo,
1168 1517 1204 1572 ut
1226 1508 1454 1594 praemittitur,
1477 1527 1536 1568 ex·

107 1634 202 1679 cessu
232 1605 368 1674 notabili
399 1611 525 1671 notorio
552 1603 747 1692 culpabilem
775 1603 1006 1690 magistrorum
1031 1605 1166 1692 quilibet
1193 1610 1297 1672 sciens
1326 1606 1535 1672 denunctiare
1546 1611 1578 1668 10

112 1723 144 1778 et
163 1706 327 1796 impedire
348 1715 456 1793 potest
476 1713 508 1770 et
527 1713 670 1788 tenetor3
697 1727 759 1769 nec
782 1707 884 1768 eciam
907 1704 982 1770 talis
1002 1707 1036 1770 in
1058 1716 1222 1793 posterum
1246 1706 1446 1789 admittatur,
1472 1705 1536 1769 nisi

110 1811 192 1878 adeo
220 1805 429 1874 laudabiliter
456 1813 490 1870 et
516 1805 659 1870 virtuose
677 1827 720 1868 se
748 1806 885 1887 rexerit,
916 1804 1003 1892 quod
1032 1827 1074 1870 ex
1101 1815 1268 1872 tranmeta
1292 1807 1441 1872 virtuosa
1468 1807 1536 1870 eius

109 1915 179 1978 rita
212 1909 253 1974 de
287 1905 495 1990 subsequenti
526 1905 595 1968 eius
624 1905 876 1969 conversacione
906 1902 1064 1969 laudabili
1091 1914 1327 1992 praesumatur.
1367 1906 1412 1972 Et
1439 1903 1538 1970 talem

111 2029 282 2076 excessum
303 2003 441 2070 facultas
463 2005 585 2068 arcium
607 2011 738 2090 reputat
757 1998 932 2067 notabilem
953 2011 985 2067 et
1005 2005 1176 2088 notorium,
1204 2004 1244 2070 de
1271 2027 1335 2091 quo
1356 2027 1415 2092 per
1436 2013 1537 2070 recto·

111 2133 181 2176 rem
211 2117 243 2174 et
272 2125 454 2170 assessores
482 2104 552 2167 eius
584 2103 803 2166 incarceratus
834 2103 947 2185 fuerit,
975 2102 1028 2167 vel
1061 2106 1089 2168 si
1118 2103 1267 2190 publicus
1297 2105 1580 2169 meretricarius15

112 2210 223 2290 fuerit,
252 2203 376 2270 scilicet
398 2200 485 2289 qnod
506 2203 540 2266 in
566 2200 661 2268 domo
683 2200 894 2266 habitationis
916 2223 994 2266 suae
1014 2201 1179 2268 mulierem
1203 2215 1387 2291 suspectam
1407 2201 1538 2289 publice

112 2307 253 2374 tenuerit
274 2303 331 2386 vel⁸
347 2301 392 2368 ad
414 2300 588 2367 comodum
610 2300 730 2366 bursae
751 2322 829 2366 suae
848 2299 947 2364 talem
964 2302 1189 2386 introduxerit,
1213 2302 1265 2368 vel
1285 2303 1350 2368 alia
1371 2302 1467 2368 domo
1486 2299 1539 2367 vel

115 2402 310 2474 domanam
341 2401 394 2466 vel
423 2399 557 2466 comodo
585 2400 747 2464 meretrici
781 2399 932 2486 publicae
959 2400 1011 2465 vel
1046 2402 1271 2468 meretricibus
1300 2402 1440 2490 publicis
1467 2423 1539 2467 con·

113 2513 264 2573 versatus
285 2501 396 2582 luerit,
424 2500 476 2565 vel
498 2498 604 2565 locum
628 2507 823 2585 suspectum,
850 2499 1005 2564 videlicet
1031 2501 1258 2587 prostibulum,
1285 2503 1469 2567 visitaverit
1486 2499 1540 2565 vel

116 2608 149 2670 in
168 2599 396 2670 collationibus
418 2607 474 2664 aut
494 2597 651 2685 prandiis,
679 2597 735 2663 ubi
756 2597 854 2662 talem
874 2597 927 2664 vel
945 2599 1028 2664 tales
1046 2622 1117 2664 esse
1139 2602 1285 2683 sciverit,
1309 2602 1422 2684 fuerit,
1448 2611 1480 2664 at
1499 2598 1583 2664 dem

116 2705 179 2770 hoc
199 2702 366 2768 convictus
388 2697 440 2763 vel
462 2698 626 2764 confessus
648 2696 701 2764 vel
725 2721 784 2785 per
806 2709 1033 2764 conventorem
1055 2708 1188 2786 propter
1208 2700 1294 2765 hunc
1315 2709 1347 2766 et
1369 2698 1542 2786 quemlibet

118 2804 218 2869 alium
247 2821 416 2866 excessum
439 2797 479 2874 de
505 2797 606 2862 bursa
632 2819 690 2862 sua
717 2797 873 2885 expulsus
898 2798 1009 2880 fixerit,
1034 2797 1087 2863 vel
1112 2801 1147 2863 in
1172 2799 1352 2887 prostibulo
1374 2800 1427 2865 vel
1448 2811 1544 2866 extra

118 2901 249 2991 publice
279 2921 314 2964 se
342 2899 553 2986 percusserit,
579 2896 632 2962 vel
660 2896 707 2961 ibi
734 2897 923 2962 vulneratus
950 2919 991 2962 ex
1019 2897 1116 2985 culpa
1144 2922 1204 2965 sua
1227 2899 1325 2964 fuerit
1351 2910 1465 2986 captus
1492 2899 1544 2965 vel

119 3001 351 3090 deprehensus,
373 2995 424 3062 vel
446 2998 503 3083 qui
524 2995 567 3061 ad
585 2995 717 3061 taxilles
738 2998 772 3060 in
792 2995 935 3062 tabernis
957 2996 1088 3082 publice
1107 2996 1233 3081 luserit,
1262 2997 1314 3063 vel
1334 2998 1544 3064 hastiludium

118 3104 154 3168 in
179 3101 251 3166 soro
279 3095 408 3185 publice
435 3097 631 3178 exercuerit,
659 3095 711 3160 vel
741 3097 796 3180 qui
820 3095 931 3160 verbis
957 3097 1121 3162 iniuriosis
1149 3097 1295 3184 aliquem
1315 3100 1585 3183 magistrorum25

119 3199 252 3289 publice
273 3195 413 3277 laeserit,
434 3193 487 3259 vel
506 3196 613 3282 ipsum
635 3195 789 3259 inimicae
811 3196 1022 3281 percusserit,
1042 3195 1095 3260 vel
1116 3195 1236 3261 furtum
1258 3195 1310 3261 vel
1331 3196 1411 3262 alios
1434 3219 1543 3262 exces-

121 3324 188 3382 sus,
217 3316 298 3386 quos
328 3297 499 3361 comitatur
527 3294 661 3360 infamia
686 3292 739 3358 vel
768 3291 967 3377 scandalum,
996 3295 1193 3361 commiserit
1219 3294 1271 3360 vel
1298 3301 1544 3383 perpetraverit.

122 3399 271 3481 Quorum
291 3394 398 3460 nullus
425 3395 528 3460 eciam
556 3395 585 3460 si
613 3391 653 3456 de
681 3391 789 3478 aliquo
816 3391 1058 3479 praedictorum
1084 3415 1277 3460 excessuum
1304 3405 1472 3482 suspectus
1492 3395 1545 3460 vel

121 3499 296 3564 infamatus
325 3495 436 3576 fuerit,
464 3495 529 3558 nisi
556 3515 591 3557 se
618 3489 657 3556 de
686 3489 745 3556 tali
775 3513 835 3578 per
862 3514 954 3556 suurn
981 3493 1196 3558 iuramentum
1225 3495 1473 3581 expurgaverit,
1502 3494 1546 3560 ad

121 3606 332 3685 temptamen,
354 3595 401 3659 uti
421 3594 635 3680 praemissum
658 3601 722 3674 est,
744 3589 970 3678 aliquomodo
993 3591 1190 3658 admittatur.
1553 3601 1587 3658 ³0

540 3763 588 3824 17.
618 3775 664 3822 on
686 3775 817 3824 namra
839 3774 1139 3825 nnccsnmuoaou.

717 3893 806 3956 Vergt.
825 3893 897 3956 xm,
918 3893 961 3944 21.

213 4009 329 4076 Nullus
351 4005 557 4073 baccalarius
587 4007 622 4071 in
647 4006 771 4072 artibus
800 4017 907 4094 portet
938 4005 1073 4094 pallium
1099 4007 1152 4073 vel
1179 4011 1338 4094 tunicam,
1371 4033 1455 4097 quae
1482 4035 1549 4077 non

127 4107 334 4200 protenditur
354 4107 441 4172 ultra
461 4129 578 4192 genua,
599 4128 704 4194 neque
728 4105 826 4171 aliurn
850 4106 1053 4172 indecentem
1081 4117 1138 4173 aut
1167 4109 1366 4196 prohibitum
1394 4110 1549 4195 habitum,

123 4219 161 4275 ut
184 4207 308 4294 caligas
331 4217 387 4272 aut
408 4205 552 4270 manicas
577 4205 723 4292 depictas
754 4204 806 4270 vel
832 4204 1015 4288 florizatas,
1056 4206 1196 4273 biretum
1226 4211 1349 4293 eciam,
1383 4210 1471 4297 quod
1500 4213 1590 4276 in·35

124 4309 292 4396 signium¹
323 4317 373 4372 est
401 4303 605 4390 magistrale,
647 4305 681 4368 in
708 4303 840 4391 publico
872 4327 1077 4392 nequaquam
1108 4307 1240 4372 deferat.
1284 4307 1320 4374 Si
1351 4312 1421 4398 quis
1443 4319 1551 4374 autem

125 4408 326 4475 contrarium
353 4405 467 4470 fecerit
497 4413 554 4468 aut
579 4404 687 4468 facere
715 4405 987 4491 praesumpserit,
1019 4405 1186 4472 inhoneste
1215 4405 1338 4474 scilicet
1359 4407 1549 4490 incedendo,

123 4508 227 4574 talem
249 4504 384 4593 quilibet
404 4505 635 4588 magistrorum
657 4525 695 4569 eo
717 4515 880 4590 ternpore,
923 4525 986 4590 quo
1017 4503 1155 4591 aliquem
1186 4505 1325 4592 gradum
1355 4517 1466 4596 petere
1494 4517 1550 4572 aut

125 4627 295 4673 assumere
322 4603 478 4687 voluerit,
522 4601 730 4668 denunctiare
762 4613 794 4666 et
824 4601 982 4689 impedire
1012 4613 1118 4690 potest
1138 4615 1170 4670 et
1191 4615 1326 4672 tenetur.
1365 4607 1410 4672 Et
1429 4609 1491 4671 nisi
1516 4629 1550 4671 se

126 4703 368 4788 emendaverit,
402 4703 450 4766 ita
470 4700 558 4789 quod
580 4701 701 4766 vestitu
723 4701 850 4767 decenti
871 4701 1019 4786 incedat,
1050 4705 1118 4767 vita
1139 4705 1241 4770 eciam
1263 4716 1296 4771 et
1317 4706 1461 4772 moribus
1483 4707 1592 4770 exi-40

127 4814 196 4872 stat
225 4800 516 4884 commendandus,
559 4800 602 4865 ad
629 4823 766 4866 examen
793 4799 845 4866 vel
874 4809 961 4887 temp
969 4799 1021 4888 [26
1029 4798 1054 4888 ⁸]
1064 4811 1171 4868 umen
1194 4827 1253 4891 pro
1276 4805 1464 4892 magisterio
1485 4826 1550 4870 non

127 4904 331 4972 admittatur.

220 5124 230 5176 l
251 5119 305 5174 Am
322 5117 420 5173 Raude
439 5133 493 5170 von
510 5119 633 5186 spenser
649 5115 734 5172 Haud
751 5116 896 5187 corrigiert
913 5115 942 5170 in
959 5116 1072 5187 inciam.
