3748 6070
599 477 651 528 Die
668 477 789 530 Statntsn
805 487 867 526 voro
885 474 967 526 Jahre
987 473 1060 526 1628.
1490 471 1551 538 285

122 659 214 724 luerit
233 655 287 722 vel
318 677 383 720 non
404 655 548 742 potnerit
574 677 615 720 ex
637 677 686 738 eo,
715 653 801 743 quod
821 654 898 720 hinc
920 652 1088 720 discedere
1110 649 1215 717 aliove
1237 652 1380 737 migrare
1400 650 1548 734 voluerit,

121 757 277 822 locarium
299 756 450 820 instantis
472 755 638 819 semestris
659 753 711 820 vel
731 756 894 841 integrum
923 751 1087 841 persolvet
1109 756 1165 814 aut
1186 745 1250 836 [11]
1274 749 1314 814 de
1336 747 1551 836 persolvendo

123 857 262 921 curatori
292 861 422 937 caveat,
452 854 643 940 priusquam
671 855 843 940 quicquam
871 875 1004 917 suarum
1033 873 1143 916 rernm
1169 847 1245 913 inde
1273 857 1426 934 exportat
1454 857 1551 935 atque

122 954 283 1036 transfert,
313 950 365 1017 vel
387 951 487 1017 alium
508 951 659 1017 idoneum
683 951 921 1034 conductorem,
951 952 1005 1039 qui
1032 950 1067 1014 in
1089 949 1195 1014 locum
1221 947 1325 1034 ipsius
1348 945 1501 1011 succedat
1521 954 1554 1010 et

122 1051 281 1118 mercedis
302 1050 555 1138 persolutionem
573 1051 608 1116 in
629 1073 663 1117 se
684 1053 832 1138 recipiat,
851 1051 1006 1131 inveniat,
1027 1051 1149 1114 sciente
1169 1055 1202 1110 et
1222 1045 1381 1132 probante
1401 1043 1436 1109 id
1457 1065 1549 1108 oura-
1576 1053 1592 1108 5

122 1161 197 1216 tore.
241 1149 278 1214 Si
300 1150 408 1215 facere
428 1149 464 1213 id
483 1159 622 1232 recuset,
642 1149 845 1238 hypothecae
866 1149 938 1216 loeo
960 1149 1079 1231 omnia,
1100 1168 1185 1235 quse
1209 1147 1243 1210 in
1264 1144 1466 1211 habitatione
1486 1144 1552 1207 fue-

123 1251 195 1332 rint,
216 1271 236 1314 a
260 1247 397 1335 collegio
419 1247 658 1314 detinebuntur.

500 1429 549 1480 DE
570 1431 643 1480 NON
664 1430 851 1480 VIOLANDIS
872 1428 1178 1479 merrsmomus

719 1566 887 1617 Statntum
914 1566 965 1617 lv.

204 1675 251 1765 [S.
267 1673 318 1764 12]
343 1675 535 1765 Quicunque
556 1680 589 1744 in
611 1679 811 1746 habitatione
834 1703 854 1746 a
874 1701 909 1746 se
931 1679 1089 1745 conducta
1110 1678 1234 1766 aliquid
1254 1677 1397 1764 fregerit,
1417 1675 1551 1762 ruperit,
1562 1683 1595 1738 ¹0

124 1777 294 1858 amoverit,
324 1785 381 1840 aut
400 1775 484 1841 ullas
505 1787 617 1862 partes
640 1778 769 1843 aedium
791 1778 918 1863 collegii
940 1777 1154 1844 deformando
1184 1776 1424 1863 lacerandoque
1453 1775 1554 1838 laese·

123 1878 179 1958 rit,
210 1877 238 1940 is
268 1885 301 1938 et
332 1873 486 1939 damnum
519 1876 630 1941 datum
668 1877 789 1942 sarciat
824 1887 856 1942 et
886 1876 1037 1941 mulctam
1072 1878 1176 1942 solvat
1209 1879 1341 1962 insuper
1374 1873 1555 1939 ioachimici

123 1976 227 2056 unius,
258 1995 342 2061 quae
364 1976 461 2038 etiam
483 1996 544 2060 pro
567 1974 676 2039 delicti
697 1977 860 2060 gravitate
882 1999 923 2040 ex
946 1977 1105 2040 sententia
1134 1974 1264 2061 collegii
1292 1975 1413 2060 poterit
1433 1971 1555 2058 augeri.

124 2075 226 2138 Nemo
250 2073 349 2138 etiam
370 2075 542 2160 quicquam
563 2077 640 2138 novi
665 2075 774 2159 operis
799 2076 832 2138 in
855 2097 913 2139 sua
934 2073 1133 2140 habitatione
1159 2096 1220 2161 pro
1249 2095 1307 2138 suo
1336 2072 1471 2137 arbitrio
1500 2093 1555 2134 ex-

124 2177 237 2254 struat,
265 2172 330 2236 nisi
355 2172 561 2257 permittente
583 2182 740 2238 curatore.
782 2172 817 2238 Si
848 2174 920 2259 quis
946 2173 1060 2237 fecerit
1086 2181 1118 2237 et
1147 2183 1311 2238 structura
1338 2169 1594 2256 improbetur,15

125 2282 281 2358 quantum
310 2269 420 2336 damni
447 2269 561 2334 datum
587 2292 658 2336 esse
686 2269 854 2356 collegium
885 2273 1049 2352 statuerit,
1079 2281 1205 2336 tantum
1231 2270 1285 2334 ille
1314 2279 1474 2356 praestet3
1506 2270 1557 2332 sin

125 2367 187 2456 [13]
212 2367 381 2456 probetur,
409 2367 599 2434 aedificator
625 2370 772 2455 impensa
798 2372 862 2434 ista
885 2373 1022 2456 pecunia
1043 2380 1169 2453 cereto,
1198 2369 1355 2456 adeoque,
1383 2390 1447 2454 quo
1469 2369 1555 2453 quis-

128 2491 189 2557 que
211 2467 310 2534 modo
331 2467 565 2533 habitationem
594 2489 685 2532 suam
708 2470 848 2555 accepit,
877 2467 990 2534 abiens
1012 2468 1124 2534 eodem
1145 2470 1296 2534 restituat
1315 2489 1388 2532 eam
1410 2466 1555 2552 collegio.

124 2569 227 2634 Nemo
249 2589 377 2654 quoque
396 2568 431 2630 in
452 2565 519 2630 ulla
540 2575 633 2654 parte
661 2567 827 2654 superiore
853 2566 982 2633 aedium
1011 2565 1140 2654 collegii
1167 2589 1272 2654 neque
1300 2567 1430 2652 uspiam
1457 2589 1558 2652 supra

122 2667 252 2749 limina,
286 2664 391 2751 ligna,
425 2687 552 2730 asseres
578 2674 634 2730 aut
663 2665 847 2731 huiusmodi
876 2665 942 2731 alia
967 2665 1071 2732 findat
1100 2676 1156 2731 aut
1181 2676 1283 2748 secet,
1318 2665 1359 2731 ob
1391 2667 1599 2752 ingentemtd

123 2766 231 2831 labem
252 2764 531 2850 contignationem
552 2773 584 2828 et
605 2771 885 2851 compacturarum
905 2764 1055 2830 aedificii.
1083 2765 1145 2846 Qui
1168 2767 1290 2847 t'ecerit,
1313 2763 1355 2830 ab
1378 2785 1416 2830 eo
1436 2762 1558 2829 mulcta

124 2864 232 2930 florini
255 2861 417 2928 dimidiati
443 2863 608 2948 exigetur;
639 2865 667 2928 si
691 2863 819 2946 iterum,
847 2863 915 2928 luat
938 2863 1088 2952 duplum3
1120 2865 1148 2929 si
1174 2863 1324 2952 amplius,
1353 2861 1502 2928 trahatur
1523 2863 1557 2926 in

124 2961 283 3028 iudicium
305 2960 443 3047 collegii.

440 3159 486 3207 DE
507 3159 812 3221 TRANQUILLITATE
833 3159 879 3206 ΕΤ
902 3159 1031 3220 QUIETE
1054 3160 1242 3209 SERVANDA.

673 3287 710 3363 [S.
731 3287 771 3361 14]
792 3293 964 3346 statutum
983 3295 1014 3346 V.
1567 3301 1601 3359 25

209 3425 317 3512 Saepe
339 3423 406 3488 iras
426 3446 490 3488 non
512 3423 601 3489 leves
624 3447 664 3490 ac
685 3423 867 3489 voluntates
891 3423 1027 3490 acerbas
1046 3436 1156 3491 movet
1176 3425 1405 3514 intempestiva
1433 3436 1465 3490 et
1493 3435 1559 3490 tur·

125 3525 259 3592 bulento
281 3522 484 3588 tumultuatio
507 3523 591 3588 inter
621 3545 686 3607 eos,
714 3525 770 3610 qui
791 3523 844 3588 vel
866 3525 899 3588 in
921 3522 1035 3589 eodem
1061 3522 1133 3591 loco
1159 3525 1212 3590 vol
1238 3526 1373 3612 propius
1398 3523 1558 3590 habitant.

126 3623 239 3704 Quare
260 3645 437 3705 monemus,
460 3630 495 3687 ut
515 3623 650 3709 quisque
668 3645 702 3687 se
721 3624 830 3710 ipsum
852 3621 996 3688 modeste
1019 3632 1121 3709 regat,
1147 3623 1258 3689 sedulo
1281 3623 1427 3709 cogitans
1450 3623 1558 3710 „quod

125 3723 186 3788 tibi
208 3744 274 3788 non
294 3723 345 3786 vis
368 3719 449 3803 fieri,
471 3720 566 3786 alteri
584 3743 626 3786 ne
646 3721 794 3805 feceris“,
817 3723 918 3787 etsie
940 3724 1104 3808 strepitus,
1126 3723 1289 3808 tumultus,
1310 3724 1468 3809 fragores,
1489 3725 1558 3811 qui-

125 3821 186 3887 bus
216 3820 274 3886 alii
303 3818 545 3908 perturbantur,
567 3822 662 3903 vitet3
691 3841 796 3907 neque
830 3819 990 3904 saliendo,
1019 3821 1231 3909 impingendo
1258 3825 1373 3888 ianuas
1409 3822 1602 3909 postibus30

125 3920 348 3986 vehementius
389 3916 492 4005 (qnod
529 3939 632 4005 parvo
662 3917 826 4005 impendio
863 3923 1055 4005 praecaveri
1089 3930 1212 4008 potest,
1247 3923 1353 3987 unctis
1388 3923 1487 4005 seris,
1526 3932 1562 3987 ut

127 4019 367 4086 conclusionem
387 4017 483 4082 facile
504 4015 690 4104 recipiant),
715 4013 778 4104 [15]
802 4016 962 4103 pulsando
984 4019 1062 4084 item
1084 4023 1167 4086 ostia
1193 4021 1378 4108 importune
1406 4020 1559 4088 molestus

127 4121 170 4185 sit
193 4117 277 4184 aliis.
319 4115 445 4198 Quodsi
469 4117 642 4203 quispiam,
671 4137 691 4180 a
718 4127 866 4182 curatore
886 4115 938 4181 vel
966 4118 1073 4185 vicino
1101 4142 1159 4186 suo
1189 4119 1287 4185 semel
1316 4129 1413 4207 atque
1443 4123 1561 4188 iterum

128 4218 324 4298 admonitus,
352 4214 415 4280 sibi
436 4237 502 4280 non
525 4215 770 4301 temperaverit,
798 4215 1055 4301 obiurgationem
1085 4241 1105 4282 a
1133 4219 1322 4306 praeposito
1354 4229 1399 4302 et,
1427 4221 1455 4284 si
1478 4242 1560 4307 opus

126 4317 234 4400 fuerit,
257 4335 395 4401 poenam
416 4335 542 4401 quoque
565 4313 776 4380 arbitrariam
797 4314 930 4379 sufferet
952 4337 971 4379 a
995 4315 1140 4404 collegio.
1180 4317 1233 4382 Ad
1256 4318 1419 4404 strepitus,
1442 4318 1601 4406 quibus35

126 4413 278 4501 inquilini
305 4411 492 4500 perturbari
521 4412 634 4495 solent,
662 4415 826 4500 pertinent
848 4415 944 4478 etiam
971 4413 1093 4481 beluini
1114 4416 1230 4482 boatus
1257 4425 1289 4481 et
1311 4419 1452 4483 rusticae
1474 4420 1560 4484 voci-

126 4515 318 4595 forationes,
348 4511 458 4597 quales
489 4510 679 4600 plerumque
708 4512 749 4577 ab
779 4511 878 4578 ebriis
907 4535 980 4579 curn
1010 4517 1153 4579 maxima
1179 4515 1383 4603 turpitudine
1412 4528 1561 4602 gestuum

128 4614 278 4697 eduntur,
311 4631 410 4698 saepe
439 4611 537 4675 etiam
567 4609 609 4675 ab
638 4611 797 4699 improbis
827 4622 859 4677 et
887 4611 1122 4699 petulantibus,
1154 4616 1303 4700 quamvis
1332 4637 1397 4680 non
1426 4616 1561 4680 nimium

127 4712 324 4801 potaverint,
354 4731 457 4775 sanna
477 4711 553 4774 item
576 4719 608 4774 et
628 4732 837 4797 quaecunque
858 4711 920 4777 hoc
941 4709 1138 4799 no[16]mine
1162 4711 1332 4800 collegium
1355 4712 1559 4778 dedecorant.

128 4811 261 4878 Talium
293 4811 395 4896 igitur
424 4807 677 4874 debachantium
710 4809 899 4897 petulantia,
933 4811 1006 4897 plus
1042 4832 1138 4897 quam
1171 4811 1312 4895 beluina,
1347 4813 1453 4900 prima
1487 4813 1603 4878 viceto

127 4909 317 4977 ioachimici
349 4908 445 4972 unius
473 4905 595 4972 mulcta
623 4917 702 4990 esto,
732 4908 836 4974 altera
865 4908 1002 4976 duorum
1031 4919 1063 4974 et
1092 4912 1139 4975 sic
1169 4934 1296 4999 semper
1326 4910 1470 4996 duplum,
1498 4913 1563 4976 nisi

128 5011 265 5097 gravius
287 5007 455 5095 quippiam
478 5029 500 5072 a
520 5006 656 5093 collegio
678 5015 846 5074 statuetru.
890 5007 934 5073 Et
957 5011 1034 5097 quia
1061 5007 1104 5074 ad
1127 5009 1286 5077 eiusmodi
1311 5009 1458 5074 beluinos
1484 5009 1561 5076 boa-

127 5119 180 5176 tus
214 5127 448 5195 saepenumero
474 5129 539 5174 non
566 5107 734 5173 minimam
762 5129 894 5175 causam
928 5107 1087 5196 praebent
1118 5110 1372 5198 compotationes
1400 5110 1562 5178 convicto-
