3788 6078
695 458 745 518 Die
762 463 873 516 tlteaten
892 462 1018 518 Statuten.
1507 461 1567 530 557

146 659 202 714 aut
222 645 389 732 decanum,
410 659 506 737 prout
528 645 738 732 baccalarii,¹
768 647 827 713 sub
852 651 965 734 poenis
987 649 1068 734 ipsis
1093 670 1152 734 per
1173 647 1359 714 facultatem
1380 647 1567 734 infligendis

150 751 214 814 sint
229 751 370 832 astricti3
391 751 467 814 item
484 747 579 836 quod,
603 750 699 814 sicuti
721 770 822 834 supra
842 749 946 813 eciam
967 757 1094 811 cautum
1115 758 1172 829 est,
1191 747 1297 812 nullus
1319 749 1353 812 in
1375 757 1469 813 antea
1490 771 1567 833 qua-

150 871 275 936 cunque
291 849 460 914 occasione
479 849 513 912 in
535 871 664 912 cursum
686 849 753 913 sive
777 847 956 911 sentencias
978 847 1174 932 principium
1196 847 1304 928 faciat,
1326 845 1496 912 licenciam
1514 858 1570 911 aut

146 947 303 1012 birretum
316 949 349 1013 in
365 947 528 1033 theologia
550 949 687 1034 recipiat
709 970 729 1011 a
749 947 831 1011 festo
842 945 930 1010 Petri
952 955 984 1010 et
996 944 1101 1027 Pauli,
1124 956 1312 1010 sauctorum
1333 946 1564 1031 apostolorum,

147 1067 248 1131 usque
277 1046 320 1110 ad
346 1047 462 1112 festum
491 1048 594 1112 sancti
622 1047 790 1133 Lamperti
817 1044 992 1127 inclusive,
1021 1045 1085 1108 nisi
1114 1043 1354 1110 racionabiliter
1381 1067 1440 1130 per
1469 1045 1567 1110 facid-
1593 1058 1609 1110 5

146 1157 244 1211 tatem
260 1169 369 1212 secum
384 1147 481 1212 fuerit
502 1145 740 1232 dispensatum,
764 1146 840 1208 item
862 1143 950 1231 quod
970 1143 1074 1208 nullus
1096 1146 1130 1210 in
1151 1143 1315 1225 theologia
1339 1145 1569 1229 magistrorum

148 1256 204 1310 aut
226 1244 470 1311 licenciatorum
499 1268 559 1332 pro
588 1245 779 1310 canonicatu
808 1254 841 1308 et
868 1241 1056 1329 praebenda
1082 1243 1205 1328 aliqua,
1228 1244 1432 1308 universitati
1454 1269 1474 1309 a
1495 1245 1571 1310 sede

147 1343 330 1431 apostolica
350 1354 519 1410 reservata
541 1341 626 1430 [15¹³]
650 1355 681 1408 et
701 1345 927 1430 incorporata,
957 1341 1064 1430 aliquo
1092 1343 1186 1408 modo
1213 1343 1344 1424 instet,²
1365 1345 1434 1408 sive
1462 1345 1569 1432 ipsum

149 1443 200 1508 vel
223 1466 317 1508 suum
337 1445 405 1526 ius,
427 1442 490 1508 sibi
512 1443 554 1507 ad
576 1444 682 1528 ipsum
704 1453 906 1528 competens,
929 1464 1001 1506 cum
1023 1441 1123 1506 altero
1149 1451 1309 1528 permutet
1331 1464 1387 1507 seu
1408 1442 1502 1509 alteri
1522 1467 1570 1510 re·

147 1544 262 1627 signet,
283 1543 513 1629 praefatosque
536 1544 744 1607 canonicatus
767 1551 799 1606 et
818 1540 1022 1627 praebendas
1044 1563 1064 1605 a
1084 1540 1264 1626 theologica
1285 1539 1438 1607 facultate
1460 1543 1567 1610 nullus
1580 1556 1611 1609 10

149 1644 295 1728 ipsorum
317 1641 436 1706 alienet
457 1663 560 1726 neque
582 1644 615 1704 in
637 1640 820 1705 huiusmodi
842 1640 1089 1721 alienacionem,
1113 1662 1302 1726 quacunque
1324 1644 1493 1708 occasione
1514 1667 1571 1708 seu

149 1739 256 1805 colore
270 1743 424 1828 quaesito,
447 1743 642 1822 consenciat,
665 1739 724 1804 sub
740 1761 847 1826 poena
861 1740 1082 1825 suspensionis
1104 1762 1124 1802 a
1145 1737 1278 1804 consilio
1299 1738 1462 1806 facultatis
1484 1743 1571 1808 theo·

151 1837 279 1924 logicae
293 1847 324 1903 et
335 1841 534 1924 privacionis
547 1841 786 1926 promotionum
804 1849 900 1925 atque
917 1839 1054 1904 aliorum
1077 1838 1352 1904 emolimentorum
1373 1841 1572 1926 singulorum

150 1936 314 2002 facultatis
336 1938 488 2004 eiusdem.

221 2141 269 2204 26.
298 2153 345 2200 DE
368 2154 613 2204 communione
634 2155 765 2204 BIllNNIl
787 2155 879 2202 ANTE
901 2155 1096 2204 lN'l'llOI'l'Ull
1118 2155 1267 2204 consum
1288 2156 1511 2210 succursum..
1584 2152 1613 2206 15

235 2269 332 2333 Anno
361 2269 482 2334 domini
507 2277 584 2336 1444
610 2269 663 2335 die
686 2278 722 2335 14
751 2272 871 2334 mensis
893 2271 977 2335 lunii
1009 2269 1193 2334 conclusum
1223 2271 1283 2335 fuit
1312 2272 1515 2337 concorditer
1541 2285 1572 2338 et

151 2377 307 2434 statutum
322 2378 397 2432 tunc
415 2391 473 2454 per
496 2370 670 2454 magistros
692 2369 732 2434 de
754 2369 887 2434 consilio
909 2369 1072 2434 facultatis
1094 2371 1277 2452 existentes,
1300 2370 1386 2457 quod
1407 2375 1571 2458 magister,

149 2467 261 2533 volens
282 2468 376 2532 iuxta
397 2468 609 2532 iuramentum
636 2491 728 2532 suurn
751 2468 912 2556 complere
943 2468 1124 2550 biennium,
1154 2468 1250 2534 debet
1276 2479 1349 2554 post
1376 2469 1571 2558 disputacio·

151 2589 225 2632 nem
250 2565 290 2630 de
310 2568 493 2653 resumpta³
521 2589 581 2653 per
611 2567 691 2634 duos
722 2591 823 2632 annos
850 2570 883 2632 in
908 2567 1070 2653 theologia
1095 2567 1231 2653 singulis
1253 2567 1367 2633 diebus
1388 2568 1573 2655 legibilibus

150 2669 182 2730 in
206 2665 320 2732 ordine
340 2688 398 2729 suo
419 2665 545 2751 legere;
576 2678 607 2731 et
636 2669 664 2731 si
693 2689 764 2731 eum
795 2667 855 2732 sub
877 2667 939 2733 hoc
959 2667 1089 2731 biennio
1110 2665 1224 2730 abesse
1246 2670 1434 2752 contigerit,
1455 2671 1488 2734 in
1510 2670 1615 2735 alioao

150 2765 200 2830 vel
223 2765 257 2829 in
279 2763 351 2829 aliis
372 2785 456 2829 anno
479 2764 531 2829 vel
553 2767 647 2830 annis
667 2777 782 2851 postea
802 2767 967 2854 suppleat,
990 2776 1145 2852 quantum
1173 2765 1379 2852 neglexerat,
1402 2778 1573 2855 antequam

151 2863 322 2930 consilium
349 2861 511 2928 facultatis
533 2867 680 2929 introeat.

524 3035 571 3094 27.
596 3027 656 3116 [Βί.
678 3027 746 3116 16⁸]
775 3048 822 3096 na
844 3049 943 3096 nono
966 3049 1196 3096 scurranum.

233 3163 314 3228 ltcm
332 3159 454 3248 placuit
468 3160 599 3244 ibidem,
618 3161 705 3248 quod
724 3164 888 3246 magister,
910 3161 1038 3227 biennio
1062 3185 1119 3228 suo
1141 3165 1198 3245 sic,
1221 3175 1256 3228 ut
1268 3166 1475 3251 promittitur,
1487 3190 1572 3232 com-

151 3263 256 3351 pleto,
279 3263 307 3326 si
330 3260 499 3326 consilium
520 3259 684 3325 facultatis
705 3261 827 3324 intrare
849 3260 1001 3343 voluerit,
1030 3260 1165 3326 accedat
1185 3261 1341 3328 decanum
1364 3273 1434 3348 aut,
1458 3288 1495 3332 eo
1517 3266 1615 3332 ab-as

149 3373 251 3444 sente,
264 3362 351 3425 vices
372 3361 476 3446 ipsius
493 3369 663 3440 tenentem,
686 3361 791 3446 ipsum
814 3381 910 3445 super
930 3358 1113 3426 huiusmodi
1128 3361 1347 3449 complecicne
1358 3365 1572 3448 informanda,

149 3469 312 3549 petatque,
330 3458 392 3523 sibi
409 3461 584 3523 convocari
602 3459 775 3543 magistros
794 3457 835 3522 de
858 3459 991 3524 consilio
1013 3460 1177 3526 facultatis
1199 3463 1373 3528 existentes
1396 3464 1438 3529 ad
1459 3463 1572 3530 horam

149 3563 237 3626 eius⁴
261 3569 387 3645 aptam,
410 3556 466 3623 ubi
489 3579 579 3622 suam
602 3567 764 3643 proponat
784 3559 984 3644 peticionem.
1028 3558 1072 3623 Et
1092 3561 1126 3625 in
1153 3559 1306 3625 absencia
1327 3563 1395 3626 eius
1417 3562 1573 3630 delibera-

149 3661 232 3726 bunt
253 3659 417 3743 magistri,
440 3667 472 3722 et
493 3658 520 3721 si
543 3655 632 3722 aliud
652 3677 717 3721 non
741 3656 912 3740 obstiterit,
943 3660 1052 3736 statim
1073 3659 1197 3747 absque
1218 3661 1476 3728 contradiccioue
1497 3687 1573 3750 qua-

148 3759 229 3825 libet
253 3757 451 3822 admittatur.
1581 3774 1615 3830 30

526 3926 574 3989 28·
600 3939 646 3986 Du
669 3939 907 3987 anulr'rsnnls
933 3940 979 3986 AD
1001 3941 1198 3990 LICENCIAM.

236 4055 318 4120 Item
341 4055 384 4121 ad
404 4055 575 4120 licenciam
601 4056 634 4118 in
664 4053 826 4140 theologia
858 4053 1012 4141 deinceps
1038 4056 1145 4121 nullus
1172 4058 1377 4142 admittatur,
1404 4062 1469 4126 nisi
1498 4072 1573 4128 actu

149 4159 184 4221 in
207 4155 393 4220 sacerdocio
413 4155 511 4219 fuerit
533 4155 750 4219 constitutus.⁵
793 4152 925 4218 sivero
948 4153 1152 4222 baccalarius
1173 4157 1329 4223 formatus
1351 4159 1482 4228 alterius
1505 4165 1573 4227 uni·

153 4257 320 4320 versitatis
355 4254 398 4318 ad
428 4253 599 4318 licenciam
627 4254 729 4338 recipi
756 4252 910 4335 voluerit,
940 4253 1035 4318 debet
1062 4255 1104 4320 ad
1130 4258 1235 4321 minus
1257 4279 1316 4344 per
1337 4281 1435 4325 uuum
1454 4284 1573 4327 annum

152 4357 314 4441 integrum
337 4353 389 4418 hic
406 4353 532 4418 stetisse
549 4360 589 4434 et,
611 4360 646 4416 ut
666 4355 766 4418 moris
785 4362 843 4433 est,
864 4353 1072 4438 respondisse
1094 4365 1125 4420 et
1155 4355 1315 4422 lecciones
1338 4361 1568 4445 magistrorum
1577 4371 1609 4426 35

153 4453 325 4540 diligenter
348 4453 515 4534 visitasse3
547 4451 628 4516 alias
657 4450 745 4517 nullo
777 4451 871 4516 modo
898 4451 1096 4536 admittatiu,
1125 4465 1406 4545 quantumcunque
1436 4459 1516 4525 diul
1541 4461 1574 4524 in

241 4726 250 4775 l
271 4719 458 4776 Geschriebeu
476 4719 551 4774 steht
570 4719 743 4775 bacculae-iis.

240 4810 256 4860 2
275 4805 328 4860 Am
347 4803 457 4858 Raude:
477 4803 532 4866 Qui
547 4819 603 4858 aon
619 4811 658 4858 eet
670 4809 826 4874 professor,
844 4806 988 4860 irridemus
1004 4814 1043 4860 est
1058 4807 1099 4860 nd
1114 4808 1311 4864 sacromentum.

237 4895 253 4944 3
272 4887 309 4944 So
325 4885 398 4942 steht
414 4884 602 4958 geschrieben.
637 4887 703 4958 Vgl.
724 4886 810 4942 sehon
827 4887 899 4944 oben
918 4895 975 4959 555,
991 4895 1019 4945 21
1041 4892 1099 4944 und
1116 4895 1173 4960 56³,
1190 4895 1230 4946 25.

238 4979 254 5029 4
273 4971 309 5027 So
328 4970 402 5026 steht
417 4969 604 5043 gescbrieben.

239 5063 254 5110 5
274 5055 327 5108 Am
345 5055 454 5110 Raude:
478 5057 563 5126 Infra
573 5055 633 5124 sol.
653 5059 684 5110 22
704 5056 895 5110 mbdiccoruoe.

240 5145 256 5194 6
273 5135 459 5194 Geschrieben
478 5137 551 5194 steht
566 5140 618 5194 die.
