3748 6070
603 435 653 487 Dte
671 433 789 488 Statutsu
807 444 869 486 vom
887 433 970 486 Jahrs
991 435 1064 489 154³.

744 655 818 706 Irsx
835 655 937 706 XIIX.

206 773 308 838 Nemo
330 779 405 838 ante
435 769 582 837 sumendi
605 768 670 836 cibi
689 779 838 856 tempora
866 771 902 834 in
929 770 1165 836 communitatis
1190 770 1352 853 conclave,
1382 793 1442 836 nec
1467 769 1541 836 ullis

130 873 203 940 aliis
222 869 423 958 temporibus
442 871 477 936 iu
491 869 600 953 cedas,
622 868 761 936 culinam
781 869 909 956 aliaque
929 869 1002 936 loca
1014 869 1152 955 collegii,
1173 872 1207 934 in
1223 870 1339 958 quibus
1353 870 1433 936 nihil
1446 871 1543 936 fuerit

129 971 213 1059 quod
232 971 416 1036 necessario
440 979 527 1055 agat,
555 991 627 1034 sese
647 969 776 1054 ingerat
799 978 831 1034 et
858 991 897 1034 ea
922 970 1048 1034 curiose
1075 981 1130 1036 aut
1150 969 1343 1056 vagabunde
1371 979 1544 1057 perreptet,

128 1095 189 1138 neu
208 1070 397 1159 praeposito
421 1065 494 1134 cibo
520 1067 705 1155 praebendo
726 1068 911 1134 familiaeve
939 1070 1041 1156 ipsius
1066 1069 1217 1135 molestus
1247 1071 1297 1137 sit.
1336 1067 1401 1151 Qui
1420 1070 1585 1153 feceriut

127 1170 253 1258 singula
273 1171 308 1236 in
328 1169 391 1235 hoc
410 1189 529 1254 genere
550 1166 669 1234 delicta
690 1167 825 1253 singulis
847 1168 970 1254 grossis
991 1167 1066 1236 luat.

747 1335 821 1386 Lex
838 1337 917 1386 XIX.

208 1454 291 1521 Cum
312 1453 438 1540 signum
463 1449 594 1539 prandii
621 1471 803 1538 coenasque
828 1448 939 1514 datum
961 1451 1072 1534 firerit,
1102 1453 1298 1518 introeuntes
1326 1455 1360 1518 in
1389 1453 1542 1520 conclave

127 1553 360 1620 communitatis
389 1551 463 1618 lotis
493 1549 642 1616 manibus
671 1548 902 1636 expectabunt,
931 1548 1007 1614 dum
1036 1551 1078 1615 ad
1106 1553 1223 1616 ostium
1250 1551 1384 1618 sedendi
1416 1555 1543 1640 signum

127 1655 236 1720 datum
257 1653 363 1735 fuerit,
393 1660 522 1716 actum
544 1651 612 1716 sine
633 1649 770 1714 tumultu
792 1651 960 1736 capiteque
980 1649 1101 1717 nudato
1128 1651 1232 1718 locum
1255 1649 1316 1716 sibi
1336 1651 1541 1738 designatum
1553 1661 1584 1717 ¹0

127 1754 260 1840 quisquo
283 1753 398 1837 capiet,
424 1749 584 1837 psalmum
606 1771 627 1813 a
646 1747 775 1834 legente
802 1748 921 1832 audiet,
949 1753 1126 1816 orationem
1149 1750 1345 1818 dominicam
1371 1759 1402 1816 et
1427 1773 1541 1838 preces

126 1861 259 1934 ceteras,
286 1851 385 1916 tacite
409 1857 560 1937 precatus
587 1850 668 1935 ipse,
694 1847 865 1936 diligenter
885 1849 1087 1931 auscultabit,
1116 1850 1200 1916 inter
1221 1849 1444 1939 prandendum
1465 1873 1542 1940 quo·

126 1973 187 2037 que
207 1948 449 2016 coenandumve
470 1950 567 2016 etiam
588 1947 724 2031 silentio,
745 1948 822 2036 quid
844 1949 979 2036 legatur,
1002 1949 1157 2016 attendet

762 2119 834 2169 Lex
851 2119 914 2170 XX.

205 2233 309 2298 Nemo
335 2232 378 2296 ad
404 2251 549 2296 mensam
579 2251 780 2296 communem
807 2231 1023 2298 studiosorum
1044 2232 1202 2297 bonarum
1228 2234 1345 2298 artium
1367 2241 1540 2302 extraneos
1552 2245 1583 2300 15

128 2343 158 2399 et
184 2333 333 2399 indoctos
355 2329 501 2396 adducet.
542 2329 607 2410 Qui
634 2329 732 2395 alium
758 2330 938 2398 studiosum
960 2331 1002 2395 ad
1030 2330 1237 2420 quotidianas
1264 2332 1376 2420 epulas
1403 2335 1542 2399 invitare

127 2433 274 2514 voluerit,
303 2433 331 2495 si
355 2430 444 2496 locus
477 2428 573 2494 alicui
599 2451 669 2496 osse
696 2431 828 2515 poterit,
856 2430 963 2494 facore
990 2433 1021 2495 ei
1047 2430 1108 2496 hoo
1135 2431 1340 2515 concedatur,
1369 2431 1542 2498 dummodo

127 2557 184 2622 pro
206 2531 337 2618 hospite
357 2527 559 2595 dimidiatum
586 2551 736 2616 grossum
763 2529 869 2594 solvat
893 2532 1090 2618 praeposito.
1129 2530 1229 2613 Idem,
1258 2533 1285 2596 si
1307 2539 1433 2618 patrem
1461 2532 1542 2617 quis,

127 2634 259 2697 fratrem
279 2629 538 2717 propinquumve
558 2628 658 2695 alium
680 2637 737 2694 aut
757 2627 947 2715 popularem
969 2651 1062 2696 suum
1083 2628 1310 2696 adducendum
1333 2630 1376 2696 ad
1399 2653 1543 2696 mensam

128 2752 330 2798 communem
352 2728 527 2817 putaverit,
550 2737 703 2794 servetur.
1553 2738 1587 2812 2⁰

754 2896 827 2948 Irex
844 2897 926 2950 xxt

209 3009 437 3080 constituendi
458 3011 493 3075 in
514 3009 649 3096 singulis
669 3009 850 3075 mensibus¹
872 3011 999 3097 singuli,
1020 3013 1076 3100 qui
1089 3017 1247 3076 vocantur
1270 3013 1422 3095 seniores,
1444 3014 1545 3078 maxi·

128 3135 258 3201 mopere
289 3110 342 3176 vel
375 3111 494 3176 artium
524 3108 731 3175 baccalaurei
761 3109 813 3174 vcl
848 3110 967 3198 alioqui
999 3112 1160 3198 gravioris
1191 3119 1286 3176 notae
1317 3114 1459 3176 iuvenes.
1500 3112 1545 3176 Hi

130 3213 234 3278 eibum
264 3212 426 3296 attingant
456 3208 597 3296 primum
625 3207 846 3296 modestiaque
875 3218 907 3274 et
934 3209 1050 3276 decoro
1077 3220 1232 3296 praeeant
1260 3209 1347 3292 aliis,
1376 3212 1543 3296 castigent,

129 3320 289 3394 moneant,
308 3311 480 3393 minentur,
503 3306 698 3390 denuntient,
719 3309 747 3372 si
768 3309 846 3393 quid
867 3330 887 3374 a
908 3311 1022 3375 ceteris
1044 3311 1249 3374 commissum
1268 3307 1458 3396 intelligant
1553 3319 1585 3374 2⁵

743 3478 813 3528 Lex
833 3477 933 3529 XXII.

208 3595 240 3660 A
262 3591 425 3682 precibus,
447 3589 671 3657 benedictione
692 3599 725 3655 et
744 3593 924 3678 gratiarum
945 3594 1072 3659 actione
1092 3592 1252 3659 neminem
1273 3590 1459 3675 liberamus,
1487 3592 1546 3658 sed

131 3695 242 3764 aoibo
262 3691 396 3759 ferendo
418 3692 560 3756 seniores
580 3690 666 3756 solos
693 3693 854 3757 exemtos²
873 3692 1018 3757 facimus.
1059 3692 1158 3779 Apud
1184 3693 1334 3758 ostiolum
1361 3695 1545 3780 patinarum

131 3791 393 3884 accipiendarum
414 3790 534 3881 spaciis
557 3791 605 3856 sio
625 3789 744 3856 distent
765 3790 915 3878 dapiferi,
937 3815 977 3858 ne
1000 3803 1109 3860 mutuo
1129 3794 1319 3882 impingant.

736 3960 807 4009 nex
824 3949 944 4012 xxrrr.
1344 4037 1346 4042 ,
1553 3971 1588 4026 ³0

209 4076 302 4144 Ordo
323 4074 410 4140 idem
430 4075 473 4140 sit
494 4071 756 4160 accipiendarum
783 4074 967 4160 patinarum
989 4085 1021 4140 et
1041 4074 1319 4163 reportandarum,
1342 4076 1397 4162 qui
1419 4099 1544 4142 mensa·

129 4202 207 4263 rum,
236 4185 269 4243 et
290 4176 377 4242 absit
397 4174 575 4246 concitatus
602 4173 746 4238 incessus
768 4181 799 4237 et
819 4175 939 4239 vitetur
962 4176 1065 4240 omnis
1087 4178 1214 4253 omuino
1235 4174 1407 4240 indecorus
1429 4186 1543 4242 motus.

739 4341 810 4391 Irsx
827 4341 936 4393 XXIV.

208 4459 323 4527 Vorax
349 4457 414 4524 ista
441 4465 473 4523 et
501 4455 614 4543 lupina
639 4455 802 4543 rapacitas
826 4455 977 4521 vescendi
1006 4467 1037 4522 et
1064 4457 1197 4542 quaevis
1226 4456 1423 4544 deglutiendi
1445 4479 1543 4544 aegre

128 4559 294 4650 prohiberi
314 4565 421 4647 potest
441 4554 531 4643 apud
548 4554 727 4644 plerosque.
757 4555 898 4622 Prosunt
918 4565 1026 4622 tamen
1047 4555 1243 4623 hortationes
1265 4557 1354 4645 apud
1373 4557 1484 4639 bonos,
1509 4565 1583 4622 stat

127 4685 191 4728 non
212 4682 290 4727 raro
310 4656 463 4725 studiosis
482 4657 517 4720 in
535 4666 674 4721 mentem
695 4657 828 4720 veniunt
846 4655 991 4722 salubres
1012 4655 1199 4740 sententiae,
1227 4657 1279 4744 pie
1305 4663 1479 4736 monentes,
1508 4663 1543 4722 ut

126 4760 325 4829 continentia
347 4767 444 4842 atque
465 4753 616 4822 decorum
635 4755 670 4820 iu
690 4755 778 4822 victu
799 4757 884 4826 omni
906 4765 1099 4844 praestetur.

211 5033 223 5085 1
242 5021 326 5082 Doch
343 5019 414 5078 wohl
431 5020 550 5076 mmsis!

210 5117 227 5170 2
245 5105 434 5168 Geaehnebeu
450 5103 523 5162 steht
539 5111 656 5162 aomos.
