3748 6070
601 502 652 554 Dis
668 502 787 556 suman
806 517 860 554 von
882 503 1058 555 tros-1445.
1475 505 1535 568 317

488 687 516 749 3.
539 699 657 760 Quom
677 699 772 750 nona
795 701 909 750 conas
930 702 1024 750 rmru
1042 701 1170 749 asnar.

193 799 278 864 Item
307 797 413 863 nullus
445 801 674 884 magistrorum
708 799 877 886 disputans
914 801 1048 888 incipiet
1084 800 1281 864 exercicium
1316 799 1536 884 vespertinum

110 907 187 962 ante
210 897 328 963 horam
349 900 477 964 tertiam
502 898 554 963 vel
583 909 659 964 ante
685 899 813 986 pulsum
835 899 1064 964 monachorum
1092 898 1332 985 predicatorum
1357 897 1398 962 ad
1423 919 1536 984 vespe-

109 1019 175 1080 ras,
198 1007 231 1062 et
244 997 351 1063 nullus
372 999 788 1085 conventorumpermittat
804 999 928 1086 pulsari
949 999 993 1064 ad
1010 1021 1142 1064 coenam
1155 997 1208 1063 vel
1218 1019 1351 1062 coenam
1371 996 1443 1061 fieri
1464 1007 1538 1061 ante

110 1101 260 1184 quintam
285 1097 398 1162 horam
418 1099 452 1161 in
478 1096 577 1162 bursa
597 1097 650 1163 vel
677 1101 711 1163 in
738 1096 937 1164 habitatione
963 1121 1031 1180 sua,
1060 1097 1119 1162 sub
1140 1119 1246 1183 poena
1267 1105 1286 1164 4
1307 1117 1494 1182 grossorum
1517 1117 1538 1162 a
1563 1105 1579 1162 5

111 1195 238 1261 decano
265 1195 428 1262 facultatis
450 1197 753 1284 extorquendomm,
781 1208 915 1286 propter
944 1197 1077 1263 nimiam
1098 1198 1304 1283 vagationem
1324 1197 1420 1261 nimis
1441 1195 1539 1282 longo

111 1307 261 1382 tempore
281 1307 355 1382 post
375 1318 508 1363 coenam
529 1295 708 1362 vitandam.

637 1623 687 1684 26.
713 1635 794 1684 Vam
812 1635 912 1685 Jahre
933 1633 1018 1685 1423.

201 1757 228 1816 1.
256 1745 318 1836 [Bt.
340 1745 413 1835 54¹³]
437 1747 531 1814 Anno
556 1748 678 1816 domini
697 1749 749 1814 Μ0
772 1748 1006 1816 OOOOXXHI
1034 1748 1068 1812 in
1096 1745 1255 1811 decanatu
1277 1747 1425 1832 magistri
1447 1747 1539 1812 Nico·

113 1847 156 1912 lai
178 1847 340 1914 Schulteti
370 1847 410 1912 de
438 1847 707 1930 Frankenfordis,
735 1849 823 1914 facta
851 1847 948 1935 plena
973 1847 1228 1933 congregacione
1249 1848 1477 1931 magistrorum
1499 1846 1583 1912 delo

115 1947 252 2013 consilio
284 1945 458 2030 facultatis,
486 1948 520 2012 in
549 1947 602 2013 die
631 1959 815 2014 sanctorum
844 1947 990 2035 Philippi
1017 1957 1048 2012 ct
1075 1944 1186 2010 Iacobi
1216 1947 1541 2028 (statuentium

114 2045 304 2112 conclusum
327 2055 359 2111 et
381 2055 534 2112 statutum
554 2049 625 2130 fuit,
654 2047 739 2134 quod
761 2046 873 2112 decem
901 2049 1053 2128 seniores,
1077 2045 1112 2109 in
1132 2043 1356 2131 disputacione
1377 2043 1544 2111 ordinaria

114 2155 306 2232 praesentes
327 2147 412 2210 etin
435 2145 548 2212 ordine
575 2169 632 2212 suo
659 2155 842 2232 arguentes,
869 2156 937 2210 tam
965 2145 1019 2211 diu
1045 2143 1166 2208 ibidem
1193 2153 1429 2230 permanentes,
1456 2144 1544 2232 quod

115 2244 317 2332 praecedens
346 2254 379 2309 et
410 2268 545 2332 sequens
580 2245 774 2332 arguebant,
811 2248 839 2312 si
873 2245 986 2310 saltem
1017 2242 1264 2331 praecedentem
1295 2252 1327 2308 et
1359 2253 1543 2330 sequentem

115 2344 294 2410 habuerint
319 2343 415 2424 (alias
436 2355 504 2409 tam
526 2343 582 2409 diu
607 2344 750 2428 sedeant,
780 2344 867 2430 quod
894 2345 957 2410 duo
984 2343 1133 2428 magistri
1162 2353 1310 2428 arguant,
1340 2343 1368 2406 si
1394 2343 1440 2408 ibi
1470 2353 1544 2408 sunt
1554 2353 1585 2410 15

117 2445 268 2532 magistri
291 2465 428 2530 arguere
447 2443 603 2528 volentes,
631 2446 658 2510 si
681 2444 795 2510 saltem
815 2444 922 2510 locum
950 2440 1109 2529 arguendi
1128 2441 1249 2506 hahere
1270 2443 1420 2528 possint),
1447 2441 1544 2508 habe·

118 2554 172 2607 ant
202 2565 264 2630 per
291 2542 372 2608 duos
401 2565 533 2630 grossm
564 2546 714 2633 antiquos
743 2542 892 2632 quilibet,
925 2566 1004 2630 quos
1033 2541 1174 2606 decanus
1200 2539 1323 2606 eisdem
1351 2540 1464 2608 eodem
1493 2543 1546 2609 die

118 2641 371 2728 praesentabit.¹

201 2747 231 2807 2.
260 2740 342 2806 Item
362 2743 396 2805 in
420 2740 534 2807 eadem
555 2744 811 2829 congregacione
831 2741 943 2808 eodem
965 2740 1018 2806 die
1040 2739 1225 2806 conclusum
1245 2739 1306 2806 fuit
1327 2749 1359 2806 et
1381 2749 1546 2825 statutum,

119 2840 205 2928 quod
227 2837 335 2906 nullus
357 2839 546 2906 admittatur
573 2842 613 2906 de
635 2865 718 2907 nove
746 2841 789 2906 ad
810 2841 978 2907 consilium
999 2839 1172 2923 facultatis,
1199 2841 1263 2904 nisi
1284 2841 1318 2904 in
1340 2842 1587 2906 conscienciam

119 2962 177 3004 sua
208 2938 314 3020 dicat,
344 2939 430 3027 quod
459 2963 614 3026 praesens
642 2943 676 3005 in
696 2941 758 3006 XL
781 2939 1059 3028 disputationibus
1089 2938 1248 3025 arguebat
1269 2939 1321 3004 vel
1348 2942 1469 3004 tociens
1499 2939 1547 3006 ibi

119 3061 276 3126 praesens
298 3039 395 3103 fuerit
415 3051 447 3104 et
472 3039 580 3106 locum
607 3041 765 3125 arguendi
792 3039 914 3106 habere
939 3063 1005 3104 non
1031 3041 1144 3126 potuit
1186 3037 1282 3118 Quod
1308 3061 1373 3104 non
1402 3039 1546 3104 extendi-

119 3141 188 3204 tur²
210 3137 256 3204 ad
270 3137 415 3204 volentes
438 3139 524 3204 infra
544 3138 680 3203 alterum
700 3138 869 3204 dimidium
889 3161 1008 3202 annum
1029 3139 1152 3203 intrare
1171 3137 1367 3220 facultatem,
1387 3137 1445 3204 sed
1463 3138 1546 3204 tales

120 3240 153 3303 in
174 3239 383 3304 consciencia
405 3261 464 3303 sua
485 3238 605 3320 dicant,
634 3238 721 3325 quod
748 3240 782 3302 in
802 3239 1007 3302 medietatem
1029 3237 1298 3324 disputacionum,
1326 3246 1400 3302 ante
1421 3250 1548 3325 tempus

122 3341 169 3402 sui
192 3338 346 3403 introitus
368 3336 411 3402 ad
432 3337 619 3402 facultatem
641 3339 846 3420 currentium,
869 3359 928 3423 pro
951 3359 1013 3424 quo
1033 3344 1222 3422 praesentes
1243 3346 1344 3419 erant,
1366 3336 1589 3422 arguebanttt

122 3438 172 3502 vel
194 3440 322 3503 tociens
344 3436 391 3502 ibi
412 3447 599 3524 praesentes
620 3436 748 3501 fuerant
767 3448 799 3500 et
820 3435 924 3501 locum
948 3434 1107 3521 arguendi
1128 3433 1249 3500 habere
1269 3457 1334 3500 non
1355 3437 1526 3522 potuerint

202 3577 235 3638 3.
264 3569 348 3635 Item
369 3569 483 3635 codem
510 3569 573 3654 die,
601 3569 682 3652 loco,
709 3579 745 3633 ut
771 3591 885 3655 supra,
914 3567 1099 3634 conclusum
1125 3569 1185 3633 fuit
1210 3577 1241 3632 et
1268 3576 1436 3650 statutum,
1464 3569 1550 3656 quod

122 3669 229 3736 nullus
251 3667 509 3735 baccalariorrnn
531 3671 654 3736 arcium
675 3668 865 3733 admittatur
887 3667 929 3732 ad
949 3677 1146 3755 temptamen
1161 3667 1465 3754 magistrandorum,
1486 3669 1551 3735 nisi

123 3771 156 3834 in
178 3769 386 3836 consciencia
408 3792 467 3834 sua
488 3769 585 3854 dicat,
615 3768 700 3856 quod
722 3771 755 3833 in
776 3767 877 3832 XXX
898 3767 1176 3855 disputacionibus
1199 3766 1372 3833 ordinariis
1395 3789 1550 3854 praesens

123 3871 181 3934 fuit
208 3879 278 3934 tam
308 3868 374 3951 diu,
403 3870 504 3935 donec
532 3869 575 3935 ad
603 3871 708 3934 minus
739 3869 880 3956 quinque
906 3869 1055 3954 magistri
1082 3867 1273 3954 arguebant,
1303 3868 1332 3931 si
1362 3865 1475 3934 saltem
1503 3875 1592 3932 totas

125 3978 198 4033 sunt
218 3967 267 4033 ibi
288 3968 437 4054 magistri
459 3977 646 4055 arguentes,
677 3967 763 4032 idem
785 3966 982 4052 intelligatur
1004 3966 1044 4032 de
1066 3966 1278 4050 studentibus,
1304 3965 1488 4032 volentibus
1509 3965 1552 4030 ad

125 4067 265 4152 gradum
288 4065 526 4134 baccalariatus
546 4069 580 4134 in
602 4067 727 4133 artibus
750 4067 942 4153 promoveri.
971 4065 1067 4146 Quod
1086 4090 1151 4132 non
1173 4065 1357 4132 extenditur
1378 4066 1421 4132 ad
1442 4065 1550 4132 volen-

125 4175 173 4230 tes
194 4169 260 4232 isto
284 4167 386 4231 auno³
407 4169 601 4253 promoveri,
630 4165 688 4231 sed
713 4167 747 4232 in
775 4166 977 4232 consciencia
1005 4189 1064 4231 sua
1087 4166 1206 4249 dicant,
1231 4165 1318 4254 quod
1344 4164 1550 4232 medietatem

126 4263 400 4351 disputacionum‚
421 4277 496 4331 ante
509 4277 636 4354 tempus
658 4287 736 4332 suae
757 4264 974 4352 promocionis
991 4268 1196 4349 currentium,
1216 4287 1278 4353 pro
1290 4287 1352 4352 quo
1364 4276 1552 4353 praesentes

128 4376 230 4449 erant,
252 4386 319 4430 non
339 4365 552 4452 neglexerint
872 4395 877 4404 ·
1559 4371 1592 4429 ³⁵

209 4473 240 4531 4.
261 4465 344 4530 Item
368 4463 448 4530 nulli
477 4463 642 4551 sophistae
665 4475 856 4552 conputetur
875 4467 1044 4552 responsio
1065 4465 1233 4531 ordinaria
1252 4463 1305 4530 vel
1328 4462 1553 4530 extraordina-

126 4567 185 4650 ria,
212 4566 278 4632 nisi
298 4573 365 4630 tarn
391 4564 447 4629 din
473 4573 678 4652 permaneat,
708 4563 811 4630 donec
839 4587 949 4632 omnes
972 4566 1121 4650 magistri
1142 4563 1324 4652 arguebant
1343 4573 1375 4629 et
1394 4585 1491 4628 unam
1513 4563 1553 4628 de

126 4665 230 4730 trihus
258 4662 494 4752 principalibus
522 4664 790 4752 responsionibus
811 4663 962 4748 habebat,
991 4666 1054 4730 nisi
1083 4687 1125 4730 cx
1153 4665 1338 4731 necessaria
1361 4683 1460 4728 carisa
1482 4683 1554 4726 eum

127 4767 217 4830 exire
242 4763 421 4850 oportebat

212 5005 223 5054 1
247 4997 289 5052 Ist
307 4995 352 5052 dle
368 5013 423 5051 von
441 4995 493 5050 mir
510 4999 633 5066 gesetzte
651 4994 863 5065 Interpunction
883 4994 1007 5068 richtig‘l

211 5088 227 5138 2
248 5081 284 5136 D.
299 5077 327 5136 h.
348 5081 394 5134 fiir
409 5081 455 5136 die
472 5077 588 5135 nttchstc
606 5077 668 5134 Zeit
686 5079 737 5135 soll
754 5083 834 5150 Jeuas
852 5079 948 5137 Statut
965 5079 1037 5136 noch
1054 5080 1133 5136 nicht
1152 5078 1182 5134 in
1198 5075 1282 5132 Kraft
1299 5080 1396 5132 trsten.

211 5171 227 5224 3
249 5166 284 5221 D.
303 5165 330 5222 h.
349 5165 386 5220 im
403 5163 627 5237 gegenwurtigen
648 5163 736 5220 Jahre
755 5167 806 5222 sall
824 5183 854 5222 es
873 5164 946 5222 noch
963 5163 1042 5221 nicht
1059 5183 1091 5223 so
1111 5163 1242 5238 gehalten
1260 5158 1376 5216 werden.
