3788 6078
96 749 116 780 ἱ

534 483 620 542 Acbte
637 483 901 555 Ststntattredsction‚
919 498 981 544 vom
998 481 1081 544 dabre
1102 484 1174 544 1558.
1509 489 1569 560 543

784 677 892 741 Caput
906 677 940 728 X.

229 767 465 838 Universorum
487 773 702 839 attentissima
721 795 800 838 cura
820 776 863 838 sit
884 773 1072 838 occasiones
1094 795 1204 838 omnes
1224 775 1429 858 removendi,
1452 773 1569 863 quibus

144 872 215 937 lieri
231 882 352 959 posset,
365 881 402 936 ut
417 874 493 958 igne
515 871 669 938 damnum
691 873 830 938 daretur.
863 873 1004 937 Lumina
1024 871 1250 937 tractabuntur
1272 883 1375 956 caute,
1395 874 1486 959 ligna
1506 896 1570 939 non

145 981 343 1058 reponentur
366 971 409 1036 ad
428 973 577 1038 fornaces
599 982 655 1036 aut
674 974 760 1036 intra
781 971 940 1054 cubicula,
963 970 1021 1036 sed
1041 971 1123 1052 loca,
1145 993 1229 1058 quae
1250 975 1418 1058 assignata
1441 972 1572 1060 quibus·

145 1093 208 1157 que
239 1071 375 1152 fuerint,
407 1070 449 1135 ad
479 1071 565 1136 hunc
593 1093 685 1136 usum
712 1069 935 1136 conducantur
962 1080 1059 1157 atque
1089 1076 1313 1157 occupentur.¹
1366 1072 1614 1152 Qui,contra5

146 1171 259 1234 facere
281 1168 438 1234 admoniti
460 1173 684 1256 perrexerint,
718 1193 773 1236 eos
804 1171 997 1256 permissum
1033 1179 1081 1234 est
1110 1169 1246 1235 locatori
1276 1194 1336 1236 usn
1362 1171 1572 1237 habitationis

149 1271 294 1355 privare.
335 1269 375 1332 ln
396 1268 554 1334 cubiculis
574 1273 707 1356 nequis
728 1271 902 1358 quicquam
923 1269 1053 1352 habeat,
1075 1291 1138 1356 quo
1160 1271 1246 1355 ignis
1269 1269 1468 1336 carbonesve
1489 1293 1573 1336 com-

149 1367 425 1454 praebendantur.

683 1479 729 1570 [S.
745 1480 816 1570 146]
841 1503 946 1567 ceput
963 1505 1010 1556 xi.

229 1601 333 1664 Fores
356 1597 487 1664 aedium
509 1597 637 1685 collegii
659 1600 763 1665 bieme
786 1599 976 1667 claudentur
991 1611 1088 1666 noctu
1099 1601 1180 1668 hora
1191 1625 1287 1686 nona,
1309 1612 1432 1668 aestate
1446 1613 1477 1669 et
1493 1613 1571 1669 tem·
1585 1615 1616 1670 10

144 1698 279 1786 poribus
302 1701 399 1763 trium
420 1709 619 1764 mercatuum
642 1699 722 1764 hora
743 1698 877 1766 decima.
920 1701 985 1782 Qui
1007 1701 1158 1766 exclusus
1179 1699 1338 1788 pulsando
1360 1693 1572 1768 clamandore

148 1797 192 1862 ad
215 1799 302 1863 sores
324 1801 435 1864 autin
457 1799 567 1888 platea
588 1801 793 1886 importunus
822 1801 934 1884 luerit,
956 1801 1090 1866 multam
1119 1800 1224 1866 solvat
1250 1801 1356 1866 florini
1386 1801 1574 1868 dimidiati.²

149 1896 215 1976 Qui
247 1919 325 1962 vero
351 1898 506 1964 famulum
533 1898 687 1963 locatoris
714 1898 766 1963 vel
794 1903 936 1985 coegerit
965 1903 1032 1964 vim
1061 1899 1242 1983 afferendo,
1269 1901 1322 1965 vel
1348 1901 1575 1988 persuadendo

148 2019 341 2085 quocunque
353 1997 450 2064 modo
466 2020 503 2064 eo
522 1996 722 2086 perduxerit,
740 2009 775 2063 ut
795 2022 854 2064 suo
878 1998 1013 2064 arbitrio
1035 1999 1122 2064 fores
1145 1998 1311 2065 clauderet
1331 2011 1387 2066 aut
1407 2000 1574 2089 panderet,

149 2095 248 2180 quive
264 2097 336 2181 ipse
355 2097 389 2160 in
408 2119 465 2162 sua
487 2105 648 2184 potestate
670 2097 794 2162 clavem
816 2099 934 2163 forium
957 2098 1171 2186 publicarum,
1192 2100 1479 2186 quomodocunque
1502 2111 1617 2188 par-15

152 2205 240 2276 tam,
260 2193 428 2277 habuerit,
450 2199 546 2282 quive
568 2219 759 2284 quacunque
782 2196 961 2263 clanculum
981 2201 1151 2284 irrepserit
1172 2208 1228 2262 aut
1249 2221 1284 2262 se
1305 2200 1525 2283 insinuaverit,
1547 2203 1575 2264 is

148 2296 247 2358 unius
259 2291 386 2359 florini³
398 2293 530 2360 multam
549 2294 663 2380 solvat,
683 2298 747 2361 nisi
759 2299 876 2386 potius,
897 2309 933 2362 ut
955 2321 972 2362 e
993 2297 1129 2384 collegio
1153 2298 1300 2384 emigret,
1321 2297 1481 2364 iubendus
1503 2321 1575 2364 esse

148 2391 309 2458 videatur.

772 2515 878 2580 Caput
894 2517 953 2567 Xll.

230 2606 478 2696 Disputationes
502 2612 673 2694 serotinae,
696 2611 738 2676 ab
760 2613 891 2697 antiquo
912 2613 946 2678 in
971 2611 1178 2698 collegiorum
1201 2609 1321 2678 scheba
1343 2613 1520 2698 institutae,
1543 2625 1618 2682 etro

147 2705 229 2772 alibi
252 2717 284 2771 et
306 2705 394 2794 apud
423 2729 484 2772 nos
514 2710 639 2774 servari
663 2709 778 2796 placet.
828 2710 953 2798 Estque
981 2713 1171 2776 exercitatio
1199 2715 1264 2778 ista
1289 2711 1385 2777 valde
1412 2715 1517 2798 utilis,
1548 2718 1577 2780 si

149 2828 231 2870 vera
252 2807 378 2872 ratione
400 2829 452 2872 res
473 2817 640 2874 tractetur.

233 2901 278 2992 [S.
297 2903 366 2991 147]
396 2905 562 2972 Baculerii
591 2910 691 2994 igitur
713 2931 802 2974 more
823 2911 999 2992 maiorum,
1021 2919 1057 2975 ut
1079 2912 1163 2975 serie
1184 2911 1332 2978 collocati
1351 2913 1480 2978 fuerunt
1502 2936 1578 2979 con-

151 3003 324 3069 suetudine
345 3006 533 3072 academiae
555 3019 705 3090 nostrae,
727 3010 774 3073 ita
798 3031 856 3074 sua
877 3010 949 3074 vice
972 3009 1186 3094 disputationi
1207 3010 1415 3096 praesideant
1437 3013 1506 3078 sine
1527 3035 1575 3076 re·

155 3105 344 3187 cusatione,
366 3103 538 3192 descriptis
560 3107 776 3190 thematibus,
805 3107 845 3172 de
878 3106 995 3194 quibus
1018 3107 1210 3194 disputetur.
1261 3109 1441 3197 Disputare
1468 3121 1619 3177 autemtt

152 3201 286 3292 placide
307 3202 404 3268 liceat
425 3204 591 3288 omnibus,
611 3206 727 3291 quibus
748 3205 890 3271 libuerit.
932 3205 985 3270 Ad
1007 3205 1258 3293 disputationem
1280 3211 1452 3274 convenire
1473 3212 1576 3297 inqui-

153 3303 214 3366 lini
235 3303 419 3387 frequentes
442 3302 576 3388 debent,
600 3327 735 3392 quorum
759 3327 858 3370 causa
882 3307 1083 3392 potissimum
1108 3306 1161 3371 hic
1182 3307 1274 3372 labor
1296 3311 1480 3397 suscipitur.
1514 3311 1576 3375 Lo-

150 3403 256 3467 catori
278 3411 400 3486 autem,
423 3411 566 3467 totores
587 3413 721 3468 utvera
748 3406 874 3469 ratione
895 3403 1138 3470 administretur
1159 3416 1365 3496 geraturque,
1389 3431 1485 3475 curae
1507 3411 1578 3492 erit,

152 3504 223 3583 cui,
246 3500 369 3566 iubenti
397 3500 482 3589 quod
504 3503 575 3567 fieri
596 3505 762 3568 consuevit
784 3513 815 3568 et
836 3503 951 3586 debet,
972 3505 1026 3588 qui
1048 3527 1112 3568 uon
1133 3509 1297 3591 paruerit,
1321 3507 1436 3574 solvito
1458 3508 1578 3574 multae

152 3600 285 3665 nornine
306 3599 415 3665 florini
435 3600 675 3688 quadrantem.⁴
1585 3617 1619 3674 30

235 3698 428 3787 Quicunque
449 3704 532 3765 inter
554 3699 785 3787 disputandum
806 3723 896 3785 voce,
919 3724 1007 3784 sono,
1028 3713 1122 3788 gestu
1136 3703 1333 3793 obstrepere,
1354 3706 1499 3792 illudere,
1520 3709 1577 3773 im·

152 3797 269 3885 pedire
290 3799 528 3886 praesidentem
549 3811 606 3865 aut
625 3799 714 3881 aliis,
737 3802 791 3885 qui
813 3812 941 3883 assunt,
963 3801 1116 3868 molestus
1137 3827 1208 3869 esse
1227 3817 1259 3869 et
1279 3829 1471 3895 quacunque
1493 3810 1577 3872 inso-

154 3899 256 3962 lentie
267 3921 390 3964 vexare
402 3898 541 3984 aliquem
559 3921 657 3964 ausus
670 3899 777 3980 fuerit,
800 3899 842 3964 ab
865 3923 902 3964 eo
924 3899 1027 3965 multa
1047 3925 1235 3988 grossorum
1257 3907 1396 3992 quinque
1418 3909 1577 3993 exigatur.

147 3997 185 4062 Si
213 3997 386 4063 insolentia
415 4000 479 4063 ista
506 3998 682 4064 notabilem
709 3996 829 4064 habeat
855 4003 1142 4086 importunitatem,
1165 4001 1266 4068 multa
1293 4003 1516 4092 duplicetur,⁵
1543 4011 1577 4074 id

147 4094 237 4184 quod
257 4096 381 4163 locator
403 4096 563 4164 decernet.
1455 4165 1458 4175 ,
1586 4119 1620 4176 35

756 4249 869 4314 Caput
894 4251 968 4302 XIII.

236 4341 365 4434 [utta]
397 4345 499 4412 Nemo
527 4346 756 4434 inquilinorum
785 4347 939 4412 famulum
959 4347 1002 4412 ad
1025 4371 1059 4413 se
1080 4352 1219 4439 recipiat
1240 4352 1291 4418 vel
1315 4377 1425 4421 secum
1447 4359 1576 4443 habeat,

151 4468 249 4532 quem
268 4455 304 4510 ut
328 4447 476 4533 recipere
497 4447 659 4512 habereve
680 4447 710 4511 ei
736 4446 848 4512 liceret
876 4446 1001 4512 locator
1026 4471 1091 4513 non
1114 4455 1310 4519 concesserit
1337 4467 1394 4521 aut
1422 4480 1517 4543 quem
1544 4470 1579 4524 ut

147 4545 329 4612 dimitteret
341 4547 482 4611 iusserit.
513 4546 578 4613 Pro
598 4569 635 4612 eo
654 4555 772 4631 autern,
793 4568 888 4632 quem
908 4535 1125 4614 consentiente
1145 4549 1297 4637 locatore,
1319 4565 1354 4620 ut
1375 4556 1496 4623 dictum
1518 4567 1578 4642 est,

221 4747 249 4879 ht
271 4742 325 4798 Die
343 4744 443 4800 Worte
466 4751 516 4800 aut
538 4746 614 4798 intra
635 4745 693 4799 aab.
712 4742 754 4798 bis
778 4750 943 4815 conspectur
965 4743 1026 4798 sind
1050 4748 1144 4816 spiter
1160 4745 1388 4820 cingellamrnert
1404 4755 1463 4810 und
1480 4755 1578 4812 durch·

147 4826 220 4882 stric
240 4841 282 4882 en

235 4915 251 4966 2
269 4909 370 4980 Spilter
389 4913 497 4983 inupti.

234 4998 250 5048 3
270 4993 370 5064 Spiiter
387 4997 470 5050 trium
482 4997 662 5067 florenorum.

235 5084 252 5133 4
271 5077 370 5148 Spiter
383 5081 518 5150 florimm
533 5099 622 5137 unam.

235 5167 251 5217 5
269 5160 369 5234 Spiter
388 5164 551 5236 captarem.
