3794 6066
695 429 814 480 Libellus
832 427 990 480 formatoris.
1053 442 1056 452 ’
1498 430 1553 491 111

138 613 218 695 dum,
238 611 373 676 realiter
394 619 427 674 et
447 629 519 674 cnm
540 610 655 676 effectu
679 610 854 697 persolvat
896 609 965 676 Sub
987 632 1094 696 poena
1114 620 1251 695 quatuor
1272 628 1469 693 grossorum,
1490 611 1558 673 uni-

140 713 285 778 versitati
307 707 577 776 irremissibiliter
599 708 896 796 persolvendorum.
937 709 1061 774 Datum
1084 717 1262 774 rectoratus
1284 718 1342 774 etc
1384 705 1479 774 Anno
1499 719 1559 773 etc.

241 884 292 945 46.
323 893 521 944 MANDATUM
541 891 588 940 DE
611 892 803 941 Batauum
824 895 891 941 vah
914 893 1081 941 EXCLUSIS
1102 891 1174 940 NON
1197 889 1446 940 RECEPTANDIS.

214 1029 269 1094 Ex
289 1027 520 1094 commissione
541 1036 598 1093 etc.
621 1027 667 1092 .N.
688 1036 794 1092 rector
816 1025 951 1092 mandat
971 1026 1120 1092 omnibus
1141 1035 1214 1092 eta:
1249 1033 1407 1110 quatenus
1437 1022 1559 1090 nullum

140 1133 281 1216 ipsorum
303 1125 487 1212 relegatum
508 1124 559 1190 vel
580 1125 757 1212 relegatos,
786 1124 954 1192 exclusum
979 1125 1032 1192 vel
1058 1123 1208 1190 exclusos
1234 1123 1374 1210 hospitio
1402 1127 1582 1210 reciperat

141 1251 250 1294 mensa
270 1227 400 1306 fovere,
430 1223 629 1306 conducere,
658 1228 835 1308 associare,
860 1227 896 1290 in
915 1225 1063 1313 oppidis,
1086 1223 1173 1293 villis
1194 1222 1309 1290 aliisve
1329 1223 1557 1290 circumiacen-

141 1327 225 1394 tibus
247 1324 329 1393 locis
350 1326 522 1412 degentem
543 1325 595 1390 vel
616 1324 771 1412 degentes
791 1327 942 1408 visitare,
965 1325 1017 1390 vel
1037 1325 1078 1390 de
1097 1325 1175 1406 hiis,
1198 1345 1281 1410 quae
1300 1324 1335 1388 iu
1354 1323 1416 1390 hoc
1438 1323 1560 1410 oppido

137 1438 168 1492 et
188 1427 365 1514 praecipue
386 1428 421 1490 in
444 1424 506 1492 hac
527 1423 695 1490 academia
715 1436 871 1512 geruntur
891 1435 922 1490 et
942 1425 1038 1507 fiunt,
1070 1423 1248 1488 certificare
1269 1432 1324 1488 aut
1343 1444 1416 1490 eum
1437 1421 1558 1488 eisdem

137 1526 188 1592 vel
219 1525 328 1611 aliquo
357 1547 471 1590 eorum
496 1523 734 1611 quomodolibet
755 1527 983 1590 commercium
1004 1523 1124 1588 habere
1147 1545 1203 1588 seu
1223 1524 1410 1590 conversari
1430 1543 1563 1610 praesu·

139 1637 213 1692 mat
254 1623 324 1690 Sub
345 1646 456 1712 poena
475 1621 682 1708 relegationis
705 1623 757 1688 vel
780 1648 820 1689 .x.
841 1625 1037 1690 florenorum
1058 1633 1116 1692 etc.
1157 1622 1280 1688 Datim
1299 1630 1356 1686 etc
1572 1630 1606 1686 10

138 1797 186 1858 47.
219 1809 419 1858 MANDATUM
440 1809 488 1856 DE
510 1807 632 1859 nmis
653 1806 726 1856 NON
746 1808 920 1858 vnxanms
936 1809 972 1856 lli
984 1806 1220 1858 Paoulssslorsn
1235 1805 1404 1856 consonis
1418 1805 1565 1857 cuntant.

221 1923 361 1990 Mandat
381 1933 460 1988 etc:
492 1933 649 2010 quatenus
682 1921 803 1988 nullum
824 1925 970 2010 ipsorum
992 1945 1062 2004 eos,
1091 1924 1148 2009 qui
1168 1925 1203 1987 in
1227 1943 1382 2009 praesens
1405 1920 1560 2009 oppidum

140 2023 236 2090 studii
271 2046 372 2089 causa
398 2022 575 2090 adveniunt
604 2024 698 2110 (quos
721 2046 779 2088 suo
800 2025 929 2087 nomine
949 2021 1071 2088 beauce
1094 2021 1291 2110 appellant),
1318 2019 1403 2108 [21¹¹]
1424 2023 1457 2086 in
1476 2021 1558 2103 foro,

140 2123 272 2210 plateis,
298 2125 382 2188 vicis
409 2122 525 2188 aliisve
552 2122 750 2211 quibuslibet
775 2122 872 2204 locis,
900 2132 932 2186 et
954 2123 1120 2207 signanter
1140 2124 1175 2185 in
1198 2123 1336 2187 statione
1358 2145 1414 2187 sen
1434 2143 1564 2208 prooes-

142 2227 243 2306 sione,
275 2224 422 2288 crastina
451 2221 522 2288 luce
551 2246 610 2310 per
636 2220 878 2303 christifideles,
909 2220 1221 2287 venerabilissimum
1243 2223 1389 2308 corporis
1410 2221 1562 2286 dominici
1573 2229 1604 2284 tt

142 2333 382 2390 sacramentum
404 2321 613 2388 conducendo
635 2333 855 2396 veneraturos,
875 2320 1071 2386 sollemniter
1093 2320 1217 2404 fienda,
1236 2321 1346 2407 palam
1368 2320 1419 2385 vel
1441 2319 1564 2386 occidte

142 2422 307 2505 molestet,
336 2421 538 2488 contumeliis
567 2431 624 2487 aut
650 2422 777 2486 iniuriis
805 2421 944 2503 afficiat,
970 2443 1027 2485 seu
1057 2419 1160 2487 modis
1182 2418 1424 2507 quibuscunque
1447 2443 1560 2507 corpo-

142 2522 253 2588 raliter
279 2520 470 2586 offenderel
497 2531 701 2608 praesumat,
730 2543 791 2586 nec
822 2522 904 2608 ipsis
931 2529 988 2586 aut
1014 2518 1112 2584 alicui
1140 2520 1285 2606 ipsorum
1307 2529 1410 2604 serta,
1446 2522 1563 2608 siqua

143 2644 231 2686 more
261 2619 420 2686 laudabili
444 2621 479 2684 in
507 2620 669 2708 capitibus
698 2619 888 2703 detulerim,
922 2621 1063 2695 auferat,
1091 2619 1233 2706 deponat
1260 2643 1317 2685 seu
1342 2619 1479 2703 laceret,
1508 2629 1564 2686 aut

144 2719 269 2809 aliquid
295 2719 417 2803 illiciti,
446 2729 578 2808 propter
608 2720 695 2808 quod
725 2719 981 2786 christifidelium
1010 2719 1140 2784 devotio
1162 2719 1213 2784 vel
1235 2722 1397 2785 minuatur
1418 2721 1470 2786 vel
1492 2727 1607 2808 per-2⁰

143 2821 291 2886 turbetur
314 2829 371 2885 aut
392 2821 492 2885 etiam
513 2819 702 2886 scandalum
723 2823 807 2886 inter
829 2843 885 2886 eos
907 2819 1110 2901 suboriatur,
1137 2829 1274 2905 protunc
1299 2843 1450 2886 exercere
1472 2843 1564 2908 prae·

145 2932 259 2986 sumat.
304 2919 372 2985 Sub
394 2941 500 3007 poena
520 2921 614 2984 unius
634 2918 763 3002 florem,
785 2919 991 2984 universitati
1011 2927 1072 2984 etc.

237 3094 288 3157 48.
320 3104 515 3152 mnarum
536 3103 583 3151 ns
606 3103 872 3152 senescemus
894 3101 1103 3151 mosomus
1123 3101 1196 3149 sou
1218 3101 1471 3152 osrnunsvnrs

226 3217 367 3285 Mandat
394 3218 542 3283 omnibus
563 3230 622 3283 etc.
643 3241 799 3306 praesens
829 3217 999 3304 collegium
1020 3219 1101 3296 (sive
1121 3217 1205 3282 hanc
1227 3217 1371 3296 bursam)
1393 3219 1565 3286 immoran-

146 3321 231 3386 tibus
251 3318 305 3385 vel
326 3317 448 3384 ibidem
469 3339 510 3382 ex
532 3340 721 3406 quacunque
742 3341 840 3382 causa
859 3315 1071 3400 intrantibus,
1103 3329 1260 3402 quatenus
1277 3316 1399 3382 nullum
1419 3320 1606 3406 ipsorumlt

146 3429 338 3508 purgatores
366 3417 548 3484 cloacarum
580 3421 732 3505 (quorum
756 3416 849 3482 labor
869 3414 958 3480 utilis
979 3439 1019 3481 ac
1039 3418 1243 3482 necessarius
1265 3439 1336 3482 esse
1357 3421 1566 3506 conspicitur)

147 3543 187 3584 ex
213 3515 470 3584 habitationibus
496 3519 561 3583 suis
588 3527 644 3582 aut
669 3517 881 3604 undecunque
909 3516 1100 3598 inclamare,
1133 3515 1350 3593 subsannare,
1378 3517 1564 3602 affistrdare,

147 3619 292 3701 laedere,
323 3627 508 3705 percutere,
535 3617 693 3704 proiieere
720 3627 776 3682 aut
803 3615 1042 3704 quomodolibet
1066 3616 1259 3682 conturbare
1278 3617 1330 3682 vel
1350 3619 1477 3684 iniuriis
1498 3619 1566 3684 affi-

149 3741 218 3784 cere
254 3726 451 3804 praesumat.
504 3713 588 3804 [22⁸]
627 3716 694 3784 Sub
732 3739 838 3804 poena
878 3717 977 3782 trium
1005 3715 1216 3800 florenorum,
1254 3719 1458 3783 universitati
1488 3721 1566 3784 irre

148 3815 348 3883 missibiliter
362 3816 659 3904 persolvendorum,
677 3827 733 3881 aut
746 3817 1012 3882 incarcerationis
1024 3839 1190 3904 perunum
1203 3841 1353 3884 mensem.
1373 3818 1496 3884 Datum
1507 3829 1566 3884 etc.
1576 3827 1610 3884 30

167 3989 215 4052 49.
246 4000 458 4066 saunaruu,
480 3997 644 4048 rsuroaa
666 3999 894 4052 csamsrmvu
915 4001 1236 4068 memoravimus
1259 4005 1439 4055 arevacos
1461 4005 1539 4066 ovis

777 4099 939 4148 mossur.

228 4213 365 4280 Mandat
386 4213 534 4279 omnibus
555 4223 631 4278 etc:
661 4225 818 4302 quatenus
837 4214 960 4280 nullum
980 4216 1126 4302 ipsorum
1149 4215 1211 4282 hoc
1230 4219 1471 4306 carnispriviali
1490 4231 1568 4286 tem·

150 4336 237 4402 pore,
262 4313 364 4379 larvis
387 4323 443 4378 aut
462 4313 610 4378 vestibus
630 4315 761 4378 rusticis
779 4337 835 4378 seu
856 4313 969 4379 habitu
988 4323 1112 4380 mutato
1125 4315 1283 4400 indutum,
1305 4323 1479 4406 pervices,
1501 4321 1569 4408 pla-

149 4425 215 4480 teas
235 4422 293 4479 aut
315 4412 428 4480 domos
449 4415 590 4478 civitatis
611 4413 763 4480 hincinde
780 4413 931 4499 vagando
955 4413 1132 4496 discurrat,
1161 4435 1265 4502 neque
1291 4417 1448 4485 clamores
1466 4421 1612 4486 torri-ss

149 4513 228 4578 biles
250 4521 308 4578 aut
329 4521 443 4578 cantus
463 4511 660 4580 clamorosos
681 4523 713 4578 et
732 4513 879 4580 insolitos
901 4515 934 4577 in
956 4513 1077 4578 eisdem
1099 4514 1231 4579 suscitet
1245 4525 1301 4580 aut
1315 4516 1429 4604 globos
1448 4539 1569 4602 aereos,

149 4612 274 4698 gladios
294 4611 348 4676 vel
371 4611 522 4698 cuspides
545 4635 602 4678 seu
621 4635 831 4700 quaecunque
853 4612 919 4676 alia
939 4635 1031 4676 arma
1051 4635 1159 4678 secum
1181 4613 1319 4699 delerat,
1349 4641 1409 4682 neo
1429 4618 1569 4704 aliquem

149 4711 247 4778 verbo
267 4711 321 4776 vel
340 4713 426 4776 sacto
447 4713 602 4777 iniuriose
622 4712 774 4793 offendat,
796 4721 851 4776 aut
873 4733 1082 4798 quaecunque
1102 4711 1167 4777 alia
1188 4713 1310 4797 illicita,
1333 4727 1465 4803 propter
1486 4739 1568 4802 quae

149 4811 342 4876 universitas
370 4813 543 4898 inquietari
565 4821 692 4898 posset,
720 4820 911 4898 perpetrare
938 4821 1132 4898 praesumat.
1175 4811 1243 4878 Sub
1265 4835 1371 4900 poena
1393 4816 1490 4880 trium
1513 4816 1569 4880 flo-

151 4933 297 4977 renorum
318 4921 380 4976 etc.
401 4925 458 4976 aut
478 4911 743 4976 incarcerationis
766 4933 824 4997 per
845 4933 943 4974 unum
966 4933 1116 4979 iriensem.
1159 4913 1279 4976 Datum
1300 4923 1358 4978 etc.
1576 4927 1610 4982 to

215 5118 227 5168 1
249 5111 437 5169 Geschrieben
456 5111 530 5166 steht
549 5113 656 5182 offerre.
