3768 6072
452 481 585 533 Aeltestes
605 482 802 548 statutenbncb,
818 482 867 534 mit
882 482 1010 532 Zusittzen
1030 483 1070 532 bis
1090 481 1162 534 1440.
1462 485 1523 548 227

188 669 218 732 2.
243 663 338 730 Anno
360 661 483 730 domini
509 664 680 732 millesimo
702 664 1019 753 quadringentesimo
1044 664 1202 750 vigesimo
1232 664 1333 729 tercio
1362 662 1524 729 dominica

101 762 247 828 secunda
268 773 343 850 post
363 765 479 830 festum
505 776 638 832 sanctae
659 765 831 832 Trinitatis
854 761 950 850 (1423
970 770 999 828 d.
1022 770 1067 832 13.
1088 760 1177 850 Juui)
1200 762 1387 828 conclusum
1408 774 1440 829 ct
1461 773 1524 826 sta-

99 875 205 928 tutum
225 863 288 928 fuit
308 863 518 949 collegialiter
538 888 598 952 per
619 887 730 930 omnes
750 865 925 950 magistros
944 873 1021 928 tnnc
1042 873 1188 928 extantes
1203 864 1236 926 in
1249 860 1384 948 collegio
1398 863 1524 944 minori,

97 961 186 1049 qnod
213 961 321 1028 nullus
353 965 582 1050 magistrorum
612 964 730 1030 absens
762 965 887 1050 privari
919 961 1036 1028 debeat
1066 961 1201 1048 collegio
1227 971 1283 1026 aut
1310 961 1381 1028 loco
1408 984 1465 1026 suo
1493 965 1526 1026 in

99 1061 246 1147 collegio,
277 1063 340 1126 nisi
360 1065 451 1150 prius
474 1062 644 1151 collegium
673 1063 738 1129 sibi
764 1064 945 1150 scripserit,
975 1061 1035 1127 sub
1064 1063 1215 1150 expensis
1240 1073 1348 1126 tamen
1377 1063 1524 1149 magistri
1550 1071 1567 1126 5

97 1161 253 1244 absentis,
276 1164 332 1250 qui
353 1173 478 1228 tenetur
499 1167 616 1230 nuncio
639 1163 702 1230 sibi
723 1164 823 1228 misso
845 1161 941 1226 finale
964 1161 1042 1227 dare
1062 1183 1261 1249 responsum.

180 1267 229 1330 23.
261 1260 388 1328 Eodem
407 1285 491 1328 anno
513 1262 703 1329 conclusum
725 1272 757 1340 et
777 1271 933 1328 statutum
955 1263 1024 1344 fuit,
1045 1262 1191 1328 omnibus
1213 1261 1438 1349 praesentibus
1460 1285 1524 1326 uno

97 1361 238 1448 dempto,
262 1360 386 1428 scilicet
406 1363 563 1448 magistro
585 1362 770 1448 Vollquino,
791 1363 881 1426 cuius
905 1383 1095 1427 consensum
1118 1361 1231 1427 babuit
1252 1364 1409 1448 magister
1431 1361 1524 1426 Nico-

97 1460 169 1526 laua
189 1460 542 1545 Franckenfordensis,
573 1461 659 1550 quod
686 1463 842 1549 magister
864 1462 976 1526 exiens
998 1461 1131 1526 babebit
1160 1484 1258 1526 unam
1288 1483 1485 1548 sexagenum
1506 1484 1526 1524 a

98 1562 266 1646 magistro,
287 1562 343 1648 qui
363 1561 572 1648 ingredietur,
593 1563 726 1626 inantea
747 1569 877 1647 praeter
897 1562 1082 1647 pecuniam,
1104 1584 1201 1648 quam
1221 1560 1355 1626 habebit
1369 1561 1524 1646 magister
1535 1568 1567 1624 10

98 1661 209 1725 exiens
241 1659 282 1726 de
311 1662 444 1747 collegio
475 1663 569 1728 iuxta
595 1660 683 1725 aliud
713 1670 869 1726 statumm
902 1660 1040 1745 collegii.
1083 1659 1226 1726 Tenetur
1254 1671 1363 1727 tamen
1391 1659 1526 1748 quilibet

97 1761 252 1845 magister
273 1762 468 1828 reformare¹
491 1761 659 1828 comodum
682 1763 716 1825 in
738 1759 918 1826 defectibus
938 1759 1120 1843 intellectis,
1140 1770 1306 1847 utsupra.

179 2121 229 2182 24.
254 2113 314 2202 [ΒΙ.
337 2112 390 2203 3¹³]
419 2114 465 2180 Ut
486 2117 635 2202 magistri
657 2115 860 2181 concorditer
881 2124 912 2179 et
934 2115 1069 2200 pacifice
1090 2116 1205 2178 vivant
1227 2123 1259 2178 et
1284 2123 1525 2196 conversentur,

99 2223 254 2280 statrrtnm
275 2225 308 2280 et
328 2213 514 2280 conclusum
541 2224 591 2279 est
620 2237 678 2301 per
702 2239 813 2280 omnes
840 2215 1013 2300 magistros
1042 2213 1213 2300 collegium
1241 2223 1524 2300 repraesentantes

99 2337 183 2381 anno
216 2314 337 2380 domini
369 2314 540 2379 millesimo
570 2315 890 2402 quadringentesimo
918 2319 968 2395 38,
998 2312 1050 2377 die
1078 2318 1108 2380 8.
1137 2315 1369 2400 assumptionis
1395 2313 1520 2378 Mariae
1533 2323 1565 2377 15

2 2401 3 2410 ἵ
99 2420 194 2492 (1438
216 2421 244 2478 d.
266 2419 315 2480 22.
327 2418 469 2496 depost),
492 2414 578 2501 quod
601 2414 725 2480 habens
747 2413 989 2480 contencionem
1011 2411 1176 2478 verbalem
1197 2435 1269 2479 cum
1292 2413 1400 2501 aliquo
1422 2413 1523 2500 magi·

101 2523 239 2579 atrorum
263 2536 324 2600 pro
347 2536 537 2602 quacunque
559 2537 660 2579 causa
681 2513 777 2580 debet
801 2523 888 2579 stare
911 2511 1077 2578 dictamini
1104 2515 1209 2600 partis
1236 2513 1363 2600 collegii
1392 2513 1525 2579 maioris

98 2624 130 2677 et
162 2615 310 2678 sanioris.
356 2612 393 2678 Si
421 2623 529 2678 autern
559 2613 675 2702 aliquis
703 2616 933 2700 magistrorum
964 2612 1062 2678 alium
1094 2615 1255 2699 percussit
1284 2624 1341 2678 ant
1370 2612 1528 2700 depilavit

99 2714 179 2778 citra
191 2713 458 2795 vulnerationem,
482 2713 584 2778 solvet
604 2736 665 2800 pro
682 2736 788 2801 poena
809 2713 944 2800 collegio
966 2723 1032 2777 tres
1055 2735 1237 2798 sexagenas
1257 2735 1415 2779 novorum
1436 2735 1526 2798 gros-

100 2836 207 2877 sorum
228 2821 261 2876 et
282 2813 370 2900 parti
393 2812 501 2877 laesae
523 2813 712 2878 satisfaciat.
736 2813 771 2878 si
795 2823 902 2878 autem
923 2811 1063 2900 aliquem
1086 2813 1308 2878 vulneraverit
1328 2815 1410 2878 citra
1431 2814 1568 2878 muti-20

98 2911 267 2994 lacionem,
296 2912 389 2978 dabit
415 2935 474 3000 pro
495 2935 601 2999 poena
628 2911 763 2999 collegio
786 2919 804 2980 8
826 2912 966 2978 florenos
993 2921 1025 2976 et
1051 2911 1277 2978 nichilominus
1304 2915 1391 3002 parti
1418 2911 1527 2977 laesae

99 3013 189 3076 iuxta
208 3011 370 3077 dictamen
391 3013 524 3077 maioris
547 3021 579 3076 et
600 3013 738 3077 sanioris
761 3013 866 3098 partis
888 3012 1078 3076 satisfaciat.
1119 3011 1154 3076 si
1176 3023 1293 3096 autem,
1317 3012 1404 3101 quod
1427 3011 1524 3095 absit,

100 3111 236 3198 aliquem
260 3111 473 3194 mutilaverit,
503 3111 545 3176 ab
567 3113 639 3198 ipso
661 3110 797 3197 collegio
818 3119 972 3198 tanquam
995 3133 1073 3197 pars
1101 3112 1232 3198 putrida
1260 3114 1389 3200 penitus
1418 3112 1525 3178 exclu-

100 3209 202 3276 datur.
834 3275 837 3288 ,

180 3315 227 3376 25.
256 3311 339 3376 Item
360 3309 473 3376 lcvans
493 3309 646 3398 lapidem,
670 3318 817 3374 centrum
840 3318 896 3374 aut
916 3309 1082 3374 consimile
1105 3311 1212 3374 animo
1235 3311 1428 3396 proiiciendi
1449 3320 1566 3397 post25

101 3432 216 3496 corpus
243 3410 380 3476 alicuius
410 3411 572 3496 magistri,
602 3431 666 3473 non
692 3419 801 3474 tamen
830 3408 1021 3494 proiiciens,
1050 3407 1142 3474 dabit
1168 3409 1304 3496 collegio
1331 3433 1391 3496 pro
1421 3433 1525 3496 poena

103 3514 139 3575 10
160 3533 258 3576 novos
280 3533 421 3596 grossos.
463 3509 499 3574 Si
520 3531 598 3574 vero
622 3509 794 3595 proiecerit
815 3517 848 3572 et
870 3529 988 3594 corpus
1010 3531 1075 3574 non
1097 3509 1249 3595 tetigerit,
1274 3507 1367 3574 dabit
1388 3508 1523 3596 collegio
1553 3557 1560 3570 .

100 3614 118 3676 8
139 3608 277 3675 florenos
298 3632 358 3697 pro
380 3630 495 3696 poena.
536 3607 571 3673 Si
594 3617 700 3672 autem
721 3609 828 3694 ipsum
851 3607 1007 3693 tetigerit,
1032 3610 1114 3672 citra
1132 3607 1403 3692 vulueracionem,
1432 3612 1525 3676 iuxta
1594 3625 1598 3642 ¹

100 3708 233 3774 formam
255 3710 377 3798 prioris
399 3709 509 3773 statuti
532 3710 694 3795 puniatur.
735 3708 779 3772 Et
799 3705 879 3772 illud
906 3706 1042 3792 quilibet
1068 3709 1151 3773 iuret
1178 3709 1211 3772 in
1237 3709 1370 3775 introitu
1395 3733 1451 3775 suo
1481 3710 1524 3775 ad

101 3807 276 3895 collegium.
317 3807 438 3873 Nolens
460 3818 568 3873 autem
590 3807 722 3872 obedire
744 3806 874 3890 talibus,
905 3829 984 3893 erga
1006 3815 1024 3872 4
1046 3807 1234 3894 deputatos²
1258 3819 1313 3874 aut
1333 3812 1566 3898 episcopum30
1632 3832 1635 3842 ·

101 3907 358 3975 denunciandus³
389 3910 481 3972 iuxta
514 3907 677 3971 dictamen
709 3907 844 3972 maioris
873 3917 905 3970 et
938 3909 1077 3972 sanioris
1108 3909 1211 3994 partis
1242 3908 1370 3995 collegii
1402 3922 1434 3976 et
1463 3934 1523 3998 pro

101 4008 226 4092 periuro
247 4017 425 4096 reputetur.

180 4113 228 4175 26.
256 4107 339 4172 Item
362 4107 498 4193 quilibet
525 4115 712 4192 assumptus
732 4108 766 4170 in
788 4103 958 4191 collegium
981 4104 1077 4170 debet
1100 4107 1222 4170 intrare
1244 4106 1414 4194 collegium
1435 4109 1520 4174 infra

101 4228 240 4272 mensem
260 4206 303 4272 ad
324 4207 431 4272 locum
451 4216 631 4288 vacantem,
659 4204 719 4270 sub
748 4227 852 4292 poena
879 4206 1077 4292 privacionis
1106 4203 1346 4290 collegiaturae,
1372 4207 1437 4270 nisi
1465 4230 1524 4293 per

101 4305 267 4393 collegium
289 4330 362 4373 cum
384 4306 444 4372 tali
465 4315 632 4393 assumpto
653 4305 751 4370 fuerit
772 4303 995 4390 dispensatum
1017 4303 1130 4368 habita
1152 4327 1250 4369 causa
1272 4305 1468 4372 rationabili.
1531 4317 1563 4370 35

183 4411 229 4474 27.
258 4408 340 4474 Item
364 4405 472 4472 nullus
501 4405 745 4492 collegiatorum
770 4403 866 4468 debet
892 4402 1050 4474 familiam
1077 4402 1205 4490 collegii
1235 4404 1397 4470 offendere
1424 4405 1523 4471 verbo

100 4504 153 4570 vel
171 4507 263 4574 facto.
290 4504 357 4573 Sed
372 4508 400 4572 si
415 4507 486 4595 quis
501 4515 614 4571 contra
629 4527 761 4570 causam
777 4501 953 4586 habuerit⁴,
969 4507 1137 4590 proposita
1152 4525 1250 4568 causa
1265 4503 1412 4592 collegio,
1429 4505 1524 4570 debet

187 4746 197 4794 1
217 4739 317 4796 Miiller
333 4737 418 4794 malta
434 4741 480 4796 die
492 4739 667 4810 Abkiirrung
684 4738 766 4808 nach,
781 4739 827 4796 die
843 4737 896 4794 mir
912 4737 970 4794 dies
983 4737 1065 4794 Wort
1081 4737 1204 4794 deutbch
1220 4755 1256 4793 au
1272 4738 1392 4808 ergebeu
1410 4737 1524 4806 sclreint,

100 4823 205 4878 obvobl
220 4824 322 4880 nuber
340 4825 427 4880 solbat
445 4841 474 4880 es
491 4825 602 4894 reficere
618 4823 692 4880 lesen
709 4823 808 4880 wollte.

184 4913 199 4963 2
218 4908 416 4966 Zweifclsobue
442 4909 487 4966 die
509 4909 568 4965 viar
588 4906 811 4978 Reformatorcn,
835 4907 881 4963 die
905 4911 970 4962 1438
995 4905 1148 4976 eingcsetat
1172 4907 1292 4964 worden.
1328 4907 1391 4978 Vgl.
1409 4905 1480 4960 oben
1499 4911 1523 4974 8,

104 4995 135 5046 ¹⁸
152 4989 438 5134 fg:tilrirriibcialutra·f
459 5079 526 5136 oder
543 5078 613 5135 fehlt
629 5080 666 5134 ait
683 5079 749 5134 oder
766 5080 842 5133 esto?

183 5163 293 5218 tl'eblt
308 5163 413 5218 etwas?
