<?xml version="1.0" encoding="UTF-8"?>
<!DOCTYPE html PUBLIC "-//W3C//DTD XHTML 1.0 Transitional//EN"
    "http://www.w3.org/TR/xhtml1/DTD/xhtml1-transitional.dtd">
<html xmlns="http://www.w3.org/1999/xhtml" xml:lang="en" lang="en">
 <head>
  <title>
</title>
<meta http-equiv="Content-Type" content="text/html;charset=utf-8" />
  <meta name='ocr-system' content='tesseract 3.04.00' />
  <meta name='ocr-capabilities' content='ocr_page ocr_carea ocr_par ocr_line ocrx_word'/>
</head>
<body>
  <div class='ocr_page' id='page_1' title='image "./diestatutenbche00leipgoog_0633.png"; bbox 0 0 3788 6078; ppageno 0'>
   <div class='ocr_carea' id='block_1_1' title="bbox 325 473 1225 544">
    <p class='ocr_par' dir='ltr' id='par_1_1' title="bbox 325 473 1225 544">
     <span class='ocr_line' id='line_1_1' title="bbox 325 473 1225 544; baseline -0.019 0"><span class='ocrx_word' id='word_1_1' title='bbox 325 477 387 544; x_wconf 71' lang='lat' dir='ltr'><strong>flii</strong></span> <span class='ocrx_word' id='word_1_2' title='bbox 823 475 875 528; x_wconf 82' lang='lat' dir='ltr'><strong>Dte</strong></span> <span class='ocrx_word' id='word_1_3' title='bbox 894 474 1079 526; x_wconf 70' lang='lat' dir='ltr'><strong>msdrduisctse</strong></span> <span class='ocrx_word' id='word_1_4' title='bbox 1098 473 1225 528; x_wconf 70' lang='lat' dir='ltr'><strong>suetan.</strong></span> 
     </span>
    </p>
   </div>
   <div class='ocr_carea' id='block_1_2' title="bbox 276 655 1745 1917">
    <p class='ocr_par' dir='ltr' id='par_1_2' title="bbox 315 655 1744 1044">
     <span class='ocr_line' id='line_1_2' title="bbox 315 655 1744 746; baseline 0 -21"><span class='ocrx_word' id='word_1_5' title='bbox 315 660 474 726; x_wconf 80' lang='lat' dir='ltr'>talentum</span> <span class='ocrx_word' id='word_1_6' title='bbox 502 681 601 725; x_wconf 89' lang='lat' dir='ltr'><strong>unum</strong></span> <span class='ocrx_word' id='word_1_7' title='bbox 631 657 672 724; x_wconf 92' lang='lat' dir='ltr'><strong>de</strong></span> <span class='ocrx_word' id='word_1_8' title='bbox 701 657 861 740; x_wconf 89' lang='lat' dir='ltr'><strong>confecto,</strong></span> <span class='ocrx_word' id='word_1_9' title='bbox 889 658 916 722; x_wconf 89' lang='lat' dir='ltr'><strong>si</strong></span> <span class='ocrx_word' id='word_1_10' title='bbox 945 655 1069 745; x_wconf 89' lang='lat' dir='ltr'><strong>plures,</strong></span> <span class='ocrx_word' id='word_1_11' title='bbox 1100 655 1237 746; x_wconf 77' lang='lat' dir='ltr'><strong>quilibet</strong></span> <span class='ocrx_word' id='word_1_12' title='bbox 1263 679 1361 724; x_wconf 88' lang='lat' dir='ltr'><strong>uuum</strong></span> <span class='ocrx_word' id='word_1_13' title='bbox 1388 657 1547 724; x_wconf 86' lang='lat' dir='ltr'><strong>talentum</strong></span> <span class='ocrx_word' id='word_1_14' title='bbox 1576 679 1637 746; x_wconf 90' lang='lat' dir='ltr'><strong>pro</strong></span> <span class='ocrx_word' id='word_1_15' title='bbox 1666 657 1744 725; x_wconf 88' lang='lat' dir='ltr'><strong>douo</strong></span> 
     </span>
     <span class='ocr_line' id='line_1_3' title="bbox 318 755 1742 846; baseline 0 -22"><span class='ocrx_word' id='word_1_16' title='bbox 318 759 434 825; x_wconf 86' lang='lat' dir='ltr'><strong>offerre</strong></span> <span class='ocrx_word' id='word_1_17' title='bbox 457 758 626 826; x_wconf 82' lang='lat' dir='ltr'><strong>tenebitur.</strong></span> <span class='ocrx_word' id='word_1_18' title='bbox 667 758 712 824; x_wconf 83' lang='lat' dir='ltr'><strong>Et</strong></span> <span class='ocrx_word' id='word_1_19' title='bbox 731 757 817 823; x_wconf 91' lang='lat' dir='ltr'><strong>ultra</strong></span> <span class='ocrx_word' id='word_1_20' title='bbox 837 757 899 822; x_wconf 90' lang='lat' dir='ltr'><strong>hoo</strong></span> <span class='ocrx_word' id='word_1_21' title='bbox 920 755 1040 822; x_wconf 88' lang='lat' dir='ltr'><strong>habeat</strong></span> <span class='ocrx_word' id='word_1_22' title='bbox 1059 755 1257 823; x_wconf 88' lang='lat' dir='ltr'><strong>voluntatem</strong></span> <span class='ocrx_word' id='word_1_23' title='bbox 1279 759 1456 841; x_wconf 68' lang='lat' dir='ltr'><strong>secretarii,</strong></span> <span class='ocrx_word' id='word_1_24' title='bbox 1478 781 1539 846; x_wconf 93' lang='lat' dir='ltr'><strong>pro</strong></span> <span class='ocrx_word' id='word_1_25' title='bbox 1561 757 1742 824; x_wconf 90' lang='lat' dir='ltr'><strong>huiusmodi</strong></span> 
     </span>
     <span class='ocr_line' id='line_1_4' title="bbox 316 855 1742 946; baseline -0.001 -22"><span class='ocrx_word' id='word_1_26' title='bbox 316 857 418 924; x_wconf 88' lang='lat' dir='ltr'><strong>literis</strong></span> <span class='ocrx_word' id='word_1_27' title='bbox 445 857 765 926; x_wconf 88' lang='lat' dir='ltr'><strong>vicecancellariatus</strong></span> <span class='ocrx_word' id='word_1_28' title='bbox 797 857 929 944; x_wconf 87' lang='lat' dir='ltr'><strong>scriptis</strong></span> <span class='ocrx_word' id='word_1_29' title='bbox 960 855 1065 922; x_wconf 90' lang='lat' dir='ltr'><strong>eidem</strong></span> <span class='ocrx_word' id='word_1_30' title='bbox 1097 855 1342 940; x_wconf 73' lang='lat' dir='ltr'><strong>satisfaciendo,</strong></span> <span class='ocrx_word' id='word_1_31' title='bbox 1378 867 1428 922; x_wconf 88' lang='lat' dir='ltr'><strong>est</strong></span> <span class='ocrx_word' id='word_1_32' title='bbox 1459 865 1568 924; x_wconf 86' lang='lat' dir='ltr'><strong>autem</strong></span> <span class='ocrx_word' id='word_1_33' title='bbox 1607 859 1742 946; x_wconf 81' lang='lat' dir='ltr'><strong>pecunia</strong></span> 
     </span>
     <span class='ocr_line' id='line_1_5' title="bbox 317 956 1114 1044; baseline -0.006 -20"><span class='ocrx_word' id='word_1_34' title='bbox 317 959 413 1024; x_wconf 90' lang='lat' dir='ltr'><strong>unius</strong></span> <span class='ocrx_word' id='word_1_35' title='bbox 432 958 547 1024; x_wconf 90' lang='lat' dir='ltr'><strong>floreni</strong></span> <span class='ocrx_word' id='word_1_36' title='bbox 568 961 604 1024; x_wconf 92' lang='lat' dir='ltr'><strong>in</strong></span> <span class='ocrx_word' id='word_1_37' title='bbox 624 979 704 1024; x_wconf 90' lang='lat' dir='ltr'><strong>auro</strong></span> <span class='ocrx_word' id='word_1_38' title='bbox 726 979 799 1022; x_wconf 92' lang='lat' dir='ltr'><strong>cum</strong></span> <span class='ocrx_word' id='word_1_39' title='bbox 820 965 958 1044; x_wconf 90' lang='lat' dir='ltr'><strong>quatuor</strong></span> <span class='ocrx_word' id='word_1_40' title='bbox 980 956 1114 1042; x_wconf 78' lang='lat' dir='ltr'><strong>grossis.</strong></span> 
     </span>
    </p>

    <p class='ocr_par' dir='ltr' id='par_1_3' title="bbox 276 1053 1745 1544">
     <span class='ocr_line' id='line_1_6' title="bbox 276 1053 1742 1146; baseline 0.001 -24"><span class='ocrx_word' id='word_1_41' title='bbox 276 1066 294 1122; x_wconf 82' lang='lat'><strong>5</strong></span> <span class='ocrx_word' id='word_1_42' title='bbox 403 1064 431 1126; x_wconf 87' lang='lat'><strong>6.</strong></span> <span class='ocrx_word' id='word_1_43' title='bbox 454 1053 515 1145; x_wconf 89' lang='lat' dir='ltr'><strong>[Bl.</strong></span> <span class='ocrx_word' id='word_1_44' title='bbox 536 1055 587 1146; x_wconf 77' lang='lat'><strong>5⁸]</strong></span> <span class='ocrx_word' id='word_1_45' title='bbox 609 1057 781 1122; x_wconf 72' lang='lat' dir='ltr'><strong>Admissus</strong></span> <span class='ocrx_word' id='word_1_46' title='bbox 801 1055 845 1122; x_wconf 93' lang='lat' dir='ltr'><strong>ad</strong></span> <span class='ocrx_word' id='word_1_47' title='bbox 867 1077 1005 1121; x_wconf 77' lang='lat' dir='ltr'><strong>examen</strong></span> <span class='ocrx_word' id='word_1_48' title='bbox 1033 1077 1093 1142; x_wconf 90' lang='lat' dir='ltr'><strong>per</strong></span> <span class='ocrx_word' id='word_1_49' title='bbox 1115 1053 1264 1122; x_wconf 87' lang='lat' dir='ltr'><strong>doctores</strong></span> <span class='ocrx_word' id='word_1_50' title='bbox 1289 1055 1507 1123; x_wconf 81' lang='lat' dir='ltr'><strong>licentiaudus</strong></span> <span class='ocrx_word' id='word_1_51' title='bbox 1529 1066 1563 1122; x_wconf 93' lang='lat' dir='ltr'><strong>et</strong></span> <span class='ocrx_word' id='word_1_52' title='bbox 1583 1060 1742 1124; x_wconf 81' lang='lat' dir='ltr'><strong>examim-</strong></span> 
     </span>
     <span class='ocr_line' id='line_1_7' title="bbox 319 1153 1745 1244; baseline 0.001 -21"><span class='ocrx_word' id='word_1_53' title='bbox 319 1165 383 1238; x_wconf 86' lang='lat' dir='ltr'><strong>tus,</strong></span> <span class='ocrx_word' id='word_1_54' title='bbox 413 1166 584 1242; x_wconf 67' lang='lat' dir='ltr'><strong>numquam</strong></span> <span class='ocrx_word' id='word_1_55' title='bbox 614 1155 676 1222; x_wconf 89' lang='lat' dir='ltr'><strong>sibi</strong></span> <span class='ocrx_word' id='word_1_56' title='bbox 706 1154 934 1244; x_wconf 84' lang='lat' dir='ltr'><strong>perductores</strong></span> <span class='ocrx_word' id='word_1_57' title='bbox 963 1153 1089 1219; x_wconf 76' lang='lat' dir='ltr'><strong>dicatur</strong></span> <span class='ocrx_word' id='word_1_58' title='bbox 1113 1177 1306 1242; x_wconf 89' lang='lat' dir='ltr'><strong>responsum</strong></span> <span class='ocrx_word' id='word_1_59' title='bbox 1332 1177 1392 1242; x_wconf 91' lang='lat' dir='ltr'><strong>per</strong></span> <span class='ocrx_word' id='word_1_60' title='bbox 1413 1155 1564 1222; x_wconf 73' lang='lat' dir='ltr'><strong>doctores</strong></span> <span class='ocrx_word' id='word_1_61' title='bbox 1584 1159 1745 1224; x_wconf 80' lang='lat' dir='ltr'><strong>examina·</strong></span> 
     </span>
     <span class='ocr_line' id='line_1_8' title="bbox 320 1251 1745 1341; baseline 0.003 -21"><span class='ocrx_word' id='word_1_62' title='bbox 320 1263 408 1320; x_wconf 89' lang='lat' dir='ltr'><strong>tores</strong></span> <span class='ocrx_word' id='word_1_63' title='bbox 428 1255 469 1321; x_wconf 91' lang='lat' dir='ltr'><strong>de</strong></span> <span class='ocrx_word' id='word_1_64' title='bbox 491 1257 560 1322; x_wconf 90' lang='lat' dir='ltr'><strong>eius</strong></span> <span class='ocrx_word' id='word_1_65' title='bbox 582 1255 789 1338; x_wconf 77' lang='lat' dir='ltr'><strong>admissione,</strong></span> <span class='ocrx_word' id='word_1_66' title='bbox 818 1253 922 1321; x_wconf 87' lang='lat' dir='ltr'><strong>solvet</strong></span> <span class='ocrx_word' id='word_1_67' title='bbox 951 1276 1012 1341; x_wconf 90' lang='lat' dir='ltr'><strong>pro</strong></span> <span class='ocrx_word' id='word_1_68' title='bbox 1040 1251 1153 1320; x_wconf 91' lang='lat' dir='ltr'><strong>labore</strong></span> <span class='ocrx_word' id='word_1_69' title='bbox 1183 1264 1215 1320; x_wconf 88' lang='lat' dir='ltr'><strong>et</strong></span> <span class='ocrx_word' id='word_1_70' title='bbox 1245 1253 1359 1320; x_wconf 80' lang='lat' dir='ltr'><strong>solatio</strong></span> <span class='ocrx_word' id='word_1_71' title='bbox 1381 1253 1551 1322; x_wconf 85' lang='lat' dir='ltr'><strong>doctorum</strong></span> <span class='ocrx_word' id='word_1_72' title='bbox 1581 1257 1745 1324; x_wconf 88' lang='lat' dir='ltr'><strong>duodecim</strong></span> 
     </span>
     <span class='ocr_line' id='line_1_9' title="bbox 320 1344 1745 1444; baseline 0.002 -24"><span class='ocrx_word' id='word_1_73' title='bbox 320 1354 471 1439; x_wconf 87' lang='lat' dir='ltr'><strong>florenos,</strong></span> <span class='ocrx_word' id='word_1_74' title='bbox 498 1360 554 1444; x_wconf 91' lang='lat' dir='ltr'><strong>qui</strong></span> <span class='ocrx_word' id='word_1_75' title='bbox 584 1344 761 1442; x_wconf 83' lang='lat' dir='ltr'><strong>aequaliter</strong></span> <span class='ocrx_word' id='word_1_76' title='bbox 783 1355 817 1419; x_wconf 94' lang='lat' dir='ltr'><strong>in</strong></span> <span class='ocrx_word' id='word_1_77' title='bbox 839 1375 894 1418; x_wconf 91' lang='lat' dir='ltr'><strong>eos</strong></span> <span class='ocrx_word' id='word_1_78' title='bbox 922 1351 1166 1418; x_wconf 82' lang='lat' dir='ltr'><strong>distribuantur.</strong></span> <span class='ocrx_word' id='word_1_79' title='bbox 1207 1351 1386 1420; x_wconf 81' lang='lat' dir='ltr'><strong>Tenebitur</strong></span> <span class='ocrx_word' id='word_1_80' title='bbox 1407 1355 1505 1420; x_wconf 87' lang='lat' dir='ltr'><strong>etiam</strong></span> <span class='ocrx_word' id='word_1_81' title='bbox 1525 1354 1673 1423; x_wconf 89' lang='lat' dir='ltr'><strong>dominos</strong></span> <span class='ocrx_word' id='word_1_82' title='bbox 1693 1357 1745 1423; x_wconf 81' lang='lat' dir='ltr'><strong>do</strong></span> 
     </span>
     <span class='ocr_line' id='line_1_10' title="bbox 322 1452 1745 1544; baseline 0.001 -26"><span class='ocrx_word' id='word_1_83' title='bbox 322 1463 427 1519; x_wconf 88' lang='lat' dir='ltr'><strong>otores</strong></span> <span class='ocrx_word' id='word_1_84' title='bbox 454 1463 486 1519; x_wconf 90' lang='lat' dir='ltr'><strong>et</strong></span> <span class='ocrx_word' id='word_1_85' title='bbox 514 1453 745 1520; x_wconf 86' lang='lat' dir='ltr'><strong>baccalaureus</strong></span> <span class='ocrx_word' id='word_1_86' title='bbox 772 1475 850 1518; x_wconf 89' lang='lat' dir='ltr'><strong>suae</strong></span> <span class='ocrx_word' id='word_1_87' title='bbox 877 1452 1040 1518; x_wconf 75' lang='lat' dir='ltr'><strong>facultatis</strong></span> <span class='ocrx_word' id='word_1_88' title='bbox 1069 1454 1103 1517; x_wconf 90' lang='lat' dir='ltr'><strong>in</strong></span> <span class='ocrx_word' id='word_1_89' title='bbox 1132 1453 1271 1542; x_wconf 87' lang='lat' dir='ltr'><strong>prandio</strong></span> <span class='ocrx_word' id='word_1_90' title='bbox 1297 1453 1474 1522; x_wconf 86' lang='lat' dir='ltr'><strong>honorifice</strong></span> <span class='ocrx_word' id='word_1_91' title='bbox 1501 1477 1566 1543; x_wconf 91' lang='lat' dir='ltr'><strong>quo</strong></span> <span class='ocrx_word' id='word_1_92' title='bbox 1587 1455 1632 1520; x_wconf 89' lang='lat' dir='ltr'><strong>sd</strong></span> <span class='ocrx_word' id='word_1_93' title='bbox 1654 1479 1745 1544; x_wconf 86' lang='lat' dir='ltr'><strong>pocu-</strong></span> 
     </span>
    </p>

    <p class='ocr_par' dir='ltr' id='par_1_4' title="bbox 281 1551 810 1620">
     <span class='ocr_line' id='line_1_11' title="bbox 281 1551 810 1620; baseline 0 -2"><span class='ocrx_word' id='word_1_94' title='bbox 281 1561 314 1618; x_wconf 91' lang='lat'><strong>10</strong></span> <span class='ocrx_word' id='word_1_95' title='bbox 323 1551 410 1618; x_wconf 90' lang='lat' dir='ltr'><strong>lenta</strong></span> <span class='ocrx_word' id='word_1_96' title='bbox 430 1562 462 1619; x_wconf 91' lang='lat' dir='ltr'><strong>et</strong></span> <span class='ocrx_word' id='word_1_97' title='bbox 483 1553 647 1620; x_wconf 86' lang='lat' dir='ltr'><strong>esculenta</strong></span> <span class='ocrx_word' id='word_1_98' title='bbox 667 1553 810 1620; x_wconf 88' lang='lat' dir='ltr'><strong>reficere.</strong></span> 
     </span>
    </p>

    <p class='ocr_par' dir='ltr' id='par_1_5' title="bbox 323 1649 1745 1917">
     <span class='ocr_line' id='line_1_12' title="bbox 411 1649 1745 1741; baseline 0.002 -23"><span class='ocrx_word' id='word_1_99' title='bbox 411 1659 440 1718; x_wconf 85' lang='lat'><strong>7.</strong></span> <span class='ocrx_word' id='word_1_100' title='bbox 461 1652 695 1718; x_wconf 89' lang='lat' dir='ltr'><strong>Licentiandus</strong></span> <span class='ocrx_word' id='word_1_101' title='bbox 716 1649 984 1718; x_wconf 86' lang='lat' dir='ltr'><strong>vicecancellario</strong></span> <span class='ocrx_word' id='word_1_102' title='bbox 1006 1674 1074 1734; x_wconf 91' lang='lat' dir='ltr'><strong>suo,</strong></span> <span class='ocrx_word' id='word_1_103' title='bbox 1101 1661 1275 1739; x_wconf 90' lang='lat' dir='ltr'><strong>autequam</strong></span> <span class='ocrx_word' id='word_1_104' title='bbox 1296 1656 1448 1741; x_wconf 78' lang='lat' dir='ltr'><strong>apperiat</strong></span> <span class='ocrx_word' id='word_1_105' title='bbox 1472 1675 1621 1737; x_wconf 59' lang='lat' dir='ltr'><strong>namen,</strong></span> <span class='ocrx_word' id='word_1_106' title='bbox 1643 1678 1745 1721; x_wconf 91' lang='lat' dir='ltr'><strong>nume·</strong></span> 
     </span>
     <span class='ocr_line' id='line_1_13' title="bbox 323 1749 1745 1841; baseline 0.004 -25"><span class='ocrx_word' id='word_1_107' title='bbox 323 1750 411 1817; x_wconf 89' lang='lat' dir='ltr'><strong>rabit</strong></span> <span class='ocrx_word' id='word_1_108' title='bbox 431 1754 572 1840; x_wconf 90' lang='lat' dir='ltr'><strong>quinque</strong></span> <span class='ocrx_word' id='word_1_109' title='bbox 593 1751 733 1818; x_wconf 88' lang='lat' dir='ltr'><strong>florenos</strong></span> <span class='ocrx_word' id='word_1_110' title='bbox 754 1761 787 1816; x_wconf 89' lang='lat' dir='ltr'><strong>et</strong></span> <span class='ocrx_word' id='word_1_111' title='bbox 806 1749 935 1816; x_wconf 87' lang='lat' dir='ltr'><strong>famulis</strong></span> <span class='ocrx_word' id='word_1_112' title='bbox 948 1752 1170 1818; x_wconf 89' lang='lat' dir='ltr'><strong>universitatis</strong></span> <span class='ocrx_word' id='word_1_113' title='bbox 1190 1753 1224 1817; x_wconf 91' lang='lat' dir='ltr'><strong>in</strong></span> <span class='ocrx_word' id='word_1_114' title='bbox 1244 1763 1407 1841; x_wconf 86' lang='lat' dir='ltr'><strong>apparatu</strong></span> <span class='ocrx_word' id='word_1_115' title='bbox 1425 1753 1651 1821; x_wconf 83' lang='lat' dir='ltr'><strong>licentiaturae</strong></span> <span class='ocrx_word' id='word_1_116' title='bbox 1671 1777 1745 1822; x_wconf 86' lang='lat' dir='ltr'><strong>susa</strong></span> 
     </span>
     <span class='ocr_line' id='line_1_14' title="bbox 323 1849 725 1917; baseline 0.005 -3"><span class='ocrx_word' id='word_1_117' title='bbox 323 1849 404 1916; x_wconf 92' lang='lat' dir='ltr'><strong>duos</strong></span> <span class='ocrx_word' id='word_1_118' title='bbox 422 1851 561 1917; x_wconf 88' lang='lat' dir='ltr'><strong>florenos</strong></span> <span class='ocrx_word' id='word_1_119' title='bbox 580 1851 614 1915; x_wconf 93' lang='lat' dir='ltr'><strong>in</strong></span> <span class='ocrx_word' id='word_1_120' title='bbox 634 1873 725 1916; x_wconf 90' lang='lat' dir='ltr'><strong>auro.</strong></span> 
     </span>
    </p>
   </div>
   <div class='ocr_carea' id='block_1_3' title="bbox 407 1948 1873 2039">
    <p class='ocr_par' dir='ltr' id='par_1_6' title="bbox 407 1948 1873 2039">
     <span class='ocr_line' id='line_1_15' title="bbox 407 1948 1873 2039; baseline -0.001 -19"><span class='ocrx_word' id='word_1_121' title='bbox 407 1957 437 2020; x_wconf 87' lang='grc'><strong>8.</strong></span> <span class='ocrx_word' id='word_1_122' title='bbox 459 1949 586 2016; x_wconf 78' lang='lat' dir='ltr'><strong>Iurabit</strong></span> <span class='ocrx_word' id='word_1_123' title='bbox 605 1951 684 2015; x_wconf 89' lang='lat' dir='ltr'><strong>item</strong></span> <span class='ocrx_word' id='word_1_124' title='bbox 709 1948 925 2016; x_wconf 82' lang='lat' dir='ltr'><strong>licentisndus</strong></span> <span class='ocrx_word' id='word_1_125' title='bbox 947 1952 980 2016; x_wconf 91' lang='lat' dir='ltr'><strong>iu</strong></span> <span class='ocrx_word' id='word_1_126' title='bbox 1006 1961 1168 2039; x_wconf 85' lang='lat' dir='ltr'><strong>apparatu</strong></span> <span class='ocrx_word' id='word_1_127' title='bbox 1195 1974 1273 2018; x_wconf 89' lang='lat' dir='ltr'><strong>suae</strong></span> <span class='ocrx_word' id='word_1_128' title='bbox 1299 1951 1524 2020; x_wconf 81' lang='lat' dir='ltr'><strong>licentiaturae</strong></span> <span class='ocrx_word' id='word_1_129' title='bbox 1543 1953 1655 2020; x_wconf 87' lang='lat' dir='ltr'><strong>verbis</strong></span> <span class='ocrx_word' id='word_1_130' title='bbox 1676 1977 1744 2020; x_wconf 87' lang='lat' dir='ltr'><strong>con·</strong></span> <span class='ocrx_word' id='word_1_131' title='bbox 1872 1967 1873 2032; x_wconf 51' lang='grc' dir='ltr'>ζ</span> 
     </span>
    </p>
   </div>
   <div class='ocr_carea' id='block_1_4' title="bbox 282 2049 1361 2138">
    <p class='ocr_par' dir='ltr' id='par_1_7' title="bbox 282 2049 1361 2138">
     <span class='ocr_line' id='line_1_16' title="bbox 282 2049 1361 2138; baseline 0.002 -24"><span class='ocrx_word' id='word_1_132' title='bbox 282 2057 313 2114; x_wconf 80' lang='lat' dir='ltr'><strong>ts</strong></span> <span class='ocrx_word' id='word_1_133' title='bbox 325 2049 427 2138; x_wconf 89' lang='lat' dir='ltr'><strong>ceptis</strong></span> <span class='ocrx_word' id='word_1_134' title='bbox 451 2069 493 2116; x_wconf 83' lang='lat' dir='ltr'><strong>ex</strong></span> <span class='ocrx_word' id='word_1_135' title='bbox 514 2071 571 2115; x_wconf 88' lang='lat' dir='ltr'><strong>ore</strong></span> <span class='ocrx_word' id='word_1_136' title='bbox 591 2051 686 2115; x_wconf 89' lang='lat' dir='ltr'><strong>unius</strong></span> <span class='ocrx_word' id='word_1_137' title='bbox 706 2050 901 2117; x_wconf 88' lang='lat' dir='ltr'><strong>famulorum</strong></span> <span class='ocrx_word' id='word_1_138' title='bbox 920 2051 1142 2116; x_wconf 87' lang='lat' dir='ltr'><strong>universitatis</strong></span> <span class='ocrx_word' id='word_1_139' title='bbox 1161 2050 1225 2117; x_wconf 90' lang='lat' dir='ltr'><strong>boo</strong></span> <span class='ocrx_word' id='word_1_140' title='bbox 1245 2051 1361 2118; x_wconf 89' lang='lat' dir='ltr'><strong>modo:</strong></span> 
     </span>
    </p>
   </div>
   <div class='ocr_carea' id='block_1_5' title="bbox 915 2219 1155 2268">
    <p class='ocr_par' dir='ltr' id='par_1_8' title="bbox 915 2219 1155 2268">
     <span class='ocr_line' id='line_1_17' title="bbox 915 2219 1155 2268; baseline -0.004 -1"><span class='ocrx_word' id='word_1_141' title='bbox 915 2219 1155 2268; x_wconf 63' lang='lat' dir='ltr'><strong>manutenuit.</strong></span> 
     </span>
    </p>
   </div>
   <div class='ocr_carea' id='block_1_6' title="bbox 281 2331 1873 2822">
    <p class='ocr_par' dir='ltr' id='par_1_9' title="bbox 321 2331 1873 2619">
     <span class='ocr_line' id='line_1_18' title="bbox 402 2331 1744 2422; baseline 0.003 -24"><span class='ocrx_word' id='word_1_142' title='bbox 402 2331 566 2416; x_wconf 89' lang='lat' dir='ltr'><strong>„Domine</strong></span> <span class='ocrx_word' id='word_1_143' title='bbox 585 2331 791 2416; x_wconf 88' lang='lat' dir='ltr'><strong>licentiande,</strong></span> <span class='ocrx_word' id='word_1_144' title='bbox 811 2356 871 2399; x_wconf 88' lang='lat' dir='ltr'><strong>vos</strong></span> <span class='ocrx_word' id='word_1_145' title='bbox 892 2333 1052 2416; x_wconf 87' lang='lat' dir='ltr'><strong>iurabitis,</strong></span> <span class='ocrx_word' id='word_1_146' title='bbox 1074 2333 1161 2422; x_wconf 91' lang='lat' dir='ltr'><strong>quod</strong></span> <span class='ocrx_word' id='word_1_147' title='bbox 1181 2333 1287 2400; x_wconf 87' lang='lat' dir='ltr'><strong>velitis</strong></span> <span class='ocrx_word' id='word_1_148' title='bbox 1309 2356 1486 2421; x_wconf 91' lang='lat' dir='ltr'><strong>procurare</strong></span> <span class='ocrx_word' id='word_1_149' title='bbox 1507 2335 1627 2402; x_wconf 76' lang='lat' dir='ltr'><strong>bouum</strong></span> <span class='ocrx_word' id='word_1_150' title='bbox 1648 2337 1744 2402; x_wconf 83' lang='lat' dir='ltr'><strong>sacul-</strong></span> 
     </span>
     <span class='ocr_line' id='line_1_19' title="bbox 321 2431 1873 2521; baseline 0.003 -23"><span class='ocrx_word' id='word_1_151' title='bbox 321 2433 399 2498; x_wconf 88' lang='lat' dir='ltr'><strong>tstis</strong></span> <span class='ocrx_word' id='word_1_152' title='bbox 425 2431 588 2514; x_wconf 88' lang='lat' dir='ltr'><strong>medicae,</strong></span> <span class='ocrx_word' id='word_1_153' title='bbox 614 2432 657 2498; x_wconf 89' lang='lat' dir='ltr'><strong>ad</strong></span> <span class='ocrx_word' id='word_1_154' title='bbox 688 2455 910 2521; x_wconf 77' lang='lat' dir='ltr'><strong>quemcunque</strong></span> <span class='ocrx_word' id='word_1_155' title='bbox 938 2443 1058 2500; x_wconf 84' lang='lat' dir='ltr'><strong>statum</strong></span> <span class='ocrx_word' id='word_1_156' title='bbox 1086 2433 1299 2516; x_wconf 69' lang='lat' dir='ltr'><strong>deveneritis,</strong></span> <span class='ocrx_word' id='word_1_157' title='bbox 1328 2435 1405 2500; x_wconf 90' lang='lat' dir='ltr'><strong>item</strong></span> <span class='ocrx_word' id='word_1_158' title='bbox 1433 2435 1519 2520; x_wconf 90' lang='lat' dir='ltr'><strong>quod</strong></span> <span class='ocrx_word' id='word_1_159' title='bbox 1547 2458 1613 2502; x_wconf 88' lang='lat' dir='ltr'><strong>non</strong></span> <span class='ocrx_word' id='word_1_160' title='bbox 1642 2435 1743 2502; x_wconf 87' lang='lat' dir='ltr'><strong>velitis</strong></span> <span class='ocrx_word' id='word_1_161' title='bbox 1872 2457 1873 2462; x_wconf 72' lang='grc'>’</span> 
     </span>
     <span class='ocr_line' id='line_1_20' title="bbox 322 2529 1745 2619; baseline 0 -21"><span class='ocrx_word' id='word_1_162' title='bbox 322 2553 486 2598; x_wconf 86' lang='lat' dir='ltr'><strong>resumere</strong></span> <span class='ocrx_word' id='word_1_163' title='bbox 506 2529 671 2596; x_wconf 86' lang='lat' dir='ltr'><strong>licentiam</strong></span> <span class='ocrx_word' id='word_1_164' title='bbox 692 2534 725 2597; x_wconf 88' lang='lat' dir='ltr'><strong>in</strong></span> <span class='ocrx_word' id='word_1_165' title='bbox 746 2531 813 2598; x_wconf 88' lang='lat' dir='ltr'><strong>alia</strong></span> <span class='ocrx_word' id='word_1_166' title='bbox 832 2533 1054 2614; x_wconf 83' lang='lat' dir='ltr'><strong>universitate,</strong></span> <span class='ocrx_word' id='word_1_167' title='bbox 1081 2545 1113 2599; x_wconf 92' lang='lat' dir='ltr'><strong>et</strong></span> <span class='ocrx_word' id='word_1_168' title='bbox 1140 2532 1227 2619; x_wconf 92' lang='lat' dir='ltr'><strong>quod</strong></span> <span class='ocrx_word' id='word_1_169' title='bbox 1255 2532 1363 2599; x_wconf 87' lang='lat' dir='ltr'><strong>velitis</strong></span> <span class='ocrx_word' id='word_1_170' title='bbox 1391 2537 1425 2598; x_wconf 92' lang='lat' dir='ltr'><strong>in</strong></span> <span class='ocrx_word' id='word_1_171' title='bbox 1451 2537 1515 2600; x_wconf 89' lang='lat' dir='ltr'><strong>ista</strong></span> <span class='ocrx_word' id='word_1_172' title='bbox 1540 2537 1745 2602; x_wconf 85' lang='lat' dir='ltr'><strong>universitate</strong></span> 
     </span>
    </p>

    <p class='ocr_par' dir='ltr' id='par_1_10' title="bbox 281 2628 1747 2822">
     <span class='ocr_line' id='line_1_21' title="bbox 281 2628 1747 2723; baseline 0.003 -26"><span class='ocrx_word' id='word_1_173' title='bbox 281 2639 359 2697; x_wconf 69' lang='lat' dir='ltr'><strong>wat</strong></span> <span class='ocrx_word' id='word_1_174' title='bbox 378 2651 444 2696; x_wconf 89' lang='lat' dir='ltr'><strong>nou</strong></span> <span class='ocrx_word' id='word_1_175' title='bbox 464 2628 544 2694; x_wconf 91' lang='lat' dir='ltr'><strong>alibi</strong></span> <span class='ocrx_word' id='word_1_176' title='bbox 564 2633 710 2717; x_wconf 87' lang='lat' dir='ltr'><strong>recipere</strong></span> <span class='ocrx_word' id='word_1_177' title='bbox 730 2632 874 2716; x_wconf 82' lang='lat' dir='ltr'><strong>insignia</strong></span> <span class='ocrx_word' id='word_1_178' title='bbox 894 2631 1083 2714; x_wconf 89' lang='lat' dir='ltr'><strong>doctoralia,</strong></span> <span class='ocrx_word' id='word_1_179' title='bbox 1110 2653 1172 2698; x_wconf 90' lang='lat' dir='ltr'><strong>uec</strong></span> <span class='ocrx_word' id='word_1_180' title='bbox 1200 2654 1298 2721; x_wconf 88' lang='lat' dir='ltr'><strong>super</strong></span> <span class='ocrx_word' id='word_1_181' title='bbox 1317 2632 1368 2698; x_wconf 87' lang='lat' dir='ltr'><strong>his</strong></span> <span class='ocrx_word' id='word_1_182' title='bbox 1388 2632 1431 2699; x_wconf 90' lang='lat' dir='ltr'><strong>ab</strong></span> <span class='ocrx_word' id='word_1_183' title='bbox 1452 2633 1560 2722; x_wconf 85' lang='lat' dir='ltr'><strong>aliquo</strong></span> <span class='ocrx_word' id='word_1_184' title='bbox 1582 2637 1747 2723; x_wconf 89' lang='lat' dir='ltr'><strong>superiore</strong></span> 
     </span>
     <span class='ocr_line' id='line_1_22' title="bbox 324 2727 1709 2822; baseline 0.007 -29"><span class='ocrx_word' id='word_1_185' title='bbox 324 2739 435 2818; x_wconf 88' lang='lat' dir='ltr'><strong>petere</strong></span> <span class='ocrx_word' id='word_1_186' title='bbox 457 2727 734 2816; x_wconf 85' lang='lat' dir='ltr'><strong>dispensationem</strong></span> <span class='ocrx_word' id='word_1_187' title='bbox 755 2752 813 2796; x_wconf 90' lang='lat' dir='ltr'><strong>seu</strong></span> <span class='ocrx_word' id='word_1_188' title='bbox 833 2753 853 2795; x_wconf 90' lang='lat' dir='ltr'><strong>a</strong></span> <span class='ocrx_word' id='word_1_189' title='bbox 873 2731 1053 2798; x_wconf 88' lang='lat' dir='ltr'><strong>iuramento</strong></span> <span class='ocrx_word' id='word_1_190' title='bbox 1075 2730 1320 2800; x_wconf 88' lang='lat' dir='ltr'><strong>absolutionem.</strong></span> <span class='ocrx_word' id='word_1_191' title='bbox 1339 2732 1484 2798; x_wconf 86' lang='lat' dir='ltr'><strong>Diestis:</strong></span> <span class='ocrx_word' id='word_1_192' title='bbox 1511 2732 1585 2822; x_wconf 81' lang='lat' dir='ltr'><strong>Ego</strong></span> <span class='ocrx_word' id='word_1_193' title='bbox 1606 2735 1709 2802; x_wconf 88' lang='lat' dir='ltr'><strong>iuro.“</strong></span> 
     </span>
    </p>
   </div>
   <div class='ocr_carea' id='block_1_7' title="bbox 771 2912 1288 3102">
    <p class='ocr_par' dir='ltr' id='par_1_11' title="bbox 771 2912 1288 3102">
     <span class='ocr_line' id='line_1_23' title="bbox 869 2912 1196 2964; baseline -0.003 0"><span class='ocrx_word' id='word_1_194' title='bbox 869 2914 916 2964; x_wconf 71' lang='lat' dir='ltr'><strong>DE</strong></span> <span class='ocrx_word' id='word_1_195' title='bbox 937 2912 1196 2964; x_wconf 73' lang='lat' dir='ltr'><strong>Doc&#39;rommls.</strong></span> 
     </span>
     <span class='ocr_line' id='line_1_24' title="bbox 771 3028 1288 3102; baseline 0.01 -19"><span class='ocrx_word' id='word_1_196' title='bbox 771 3032 880 3098; x_wconf 79' lang='lat' dir='ltr'><strong>Caput</strong></span> <span class='ocrx_word' id='word_1_197' title='bbox 895 3034 954 3086; x_wconf 80' lang='lat' dir='ltr'><strong>XV.</strong></span> <span class='ocrx_word' id='word_1_198' title='bbox 979 3028 1053 3102; x_wconf 67' lang='lat' dir='ltr'><strong>(vgt.</strong></span> <span class='ocrx_word' id='word_1_199' title='bbox 1070 3037 1093 3086; x_wconf 69' lang='grc' dir='ltr'>ἱ</span> <span class='ocrx_word' id='word_1_200' title='bbox 1113 3033 1150 3086; x_wconf 83' lang='lat' dir='ltr'><strong>St.</strong></span> <span class='ocrx_word' id='word_1_201' title='bbox 1168 3033 1288 3102; x_wconf 59' lang='lat'>³044)</span> 
     </span>
    </p>
   </div>
   <div class='ocr_carea' id='block_1_8' title="bbox 405 3143 1747 3236">
    <p class='ocr_par' dir='ltr' id='par_1_12' title="bbox 405 3143 1747 3236">
     <span class='ocr_line' id='line_1_25' title="bbox 405 3143 1747 3236; baseline 0.004 -26"><span class='ocrx_word' id='word_1_202' title='bbox 405 3153 432 3211; x_wconf 89' lang='lat' dir='ltr'><strong>t.</strong></span> <span class='ocrx_word' id='word_1_203' title='bbox 453 3143 654 3211; x_wconf 86' lang='lat' dir='ltr'><strong>Licentiatus</strong></span> <span class='ocrx_word' id='word_1_204' title='bbox 682 3146 875 3231; x_wconf 87' lang='lat' dir='ltr'><strong>medicinae,</strong></span> <span class='ocrx_word' id='word_1_205' title='bbox 907 3159 1020 3236; x_wconf 87' lang='lat' dir='ltr'><strong>petens</strong></span> <span class='ocrx_word' id='word_1_206' title='bbox 1050 3149 1194 3236; x_wconf 83' lang='lat' dir='ltr'><strong>insignia</strong></span> <span class='ocrx_word' id='word_1_207' title='bbox 1224 3149 1415 3233; x_wconf 82' lang='lat' dir='ltr'><strong>doctoralis,</strong></span> <span class='ocrx_word' id='word_1_208' title='bbox 1443 3149 1542 3216; x_wconf 91' lang='lat' dir='ltr'><strong>debet</strong></span> <span class='ocrx_word' id='word_1_209' title='bbox 1570 3151 1693 3218; x_wconf 75' lang='lat' dir='ltr'><strong>decmo</strong></span> <span class='ocrx_word' id='word_1_210' title='bbox 1717 3161 1747 3216; x_wconf 87' lang='lat' dir='ltr'><strong>et</strong></span> 
     </span>
    </p>
   </div>
   <div class='ocr_carea' id='block_1_9' title="bbox 279 3243 1873 3530">
    <p class='ocr_par' dir='ltr' id='par_1_13' title="bbox 279 3243 1873 3540">
     <span class='ocr_line' id='line_1_26' title="bbox 279 3243 1873 3346; baseline 0.004 -34"><span class='ocrx_word' id='word_1_211' title='bbox 279 3243 513 3312; x_wconf 79' lang='lat' dir='ltr'><strong>2tdoctoribus</strong></span> <span class='ocrx_word' id='word_1_212' title='bbox 541 3243 582 3309; x_wconf 92' lang='lat' dir='ltr'><strong>de</strong></span> <span class='ocrx_word' id='word_1_213' title='bbox 606 3245 740 3312; x_wconf 88' lang='lat' dir='ltr'><strong>consilio</strong></span> <span class='ocrx_word' id='word_1_214' title='bbox 769 3247 935 3314; x_wconf 79' lang='lat' dir='ltr'><strong>facultatis</strong></span> <span class='ocrx_word' id='word_1_215' title='bbox 963 3251 1162 3336; x_wconf 87' lang='lat' dir='ltr'><strong>promittere,</strong></span> <span class='ocrx_word' id='word_1_216' title='bbox 1189 3248 1278 3337; x_wconf 90' lang='lat' dir='ltr'><strong>quod</strong></span> <span class='ocrx_word' id='word_1_217' title='bbox 1303 3259 1451 3338; x_wconf 85' lang='lat' dir='ltr'><strong>tempore</strong></span> <span class='ocrx_word' id='word_1_218' title='bbox 1477 3251 1658 3338; x_wconf 87' lang='lat' dir='ltr'><strong>recipiendi</strong></span> <span class='ocrx_word' id='word_1_219' title='bbox 1678 3251 1747 3339; x_wconf 82' lang='lat' dir='ltr'><strong>byr-</strong></span> <span class='ocrx_word' id='word_1_220' title='bbox 1872 3255 1873 3346; x_wconf 40' lang='grc' dir='ltr'>ζ</span> 
     </span>
     <span class='ocr_line' id='line_1_27' title="bbox 324 3342 1748 3432; baseline 0.005 -22"><span class='ocrx_word' id='word_1_221' title='bbox 324 3355 430 3410; x_wconf 86' lang='lat' dir='ltr'><strong>retum</strong></span> <span class='ocrx_word' id='word_1_222' title='bbox 451 3355 484 3408; x_wconf 89' lang='lat' dir='ltr'><strong>et</strong></span> <span class='ocrx_word' id='word_1_223' title='bbox 505 3342 571 3408; x_wconf 86' lang='lat' dir='ltr'><strong>alia</strong></span> <span class='ocrx_word' id='word_1_224' title='bbox 591 3345 734 3432; x_wconf 82' lang='lat' dir='ltr'><strong>insignis</strong></span> <span class='ocrx_word' id='word_1_225' title='bbox 755 3345 936 3413; x_wconf 86' lang='lat' dir='ltr'><strong>doctoralia</strong></span> <span class='ocrx_word' id='word_1_226' title='bbox 957 3347 1037 3413; x_wconf 90' lang='lat' dir='ltr'><strong>velit</strong></span> <span class='ocrx_word' id='word_1_227' title='bbox 1065 3347 1285 3414; x_wconf 87' lang='lat' dir='ltr'><strong>solemnitates</strong></span> <span class='ocrx_word' id='word_1_228' title='bbox 1313 3349 1408 3416; x_wconf 86' lang='lat' dir='ltr'><strong>aulae</strong></span> <span class='ocrx_word' id='word_1_229' title='bbox 1434 3372 1495 3416; x_wconf 91' lang='lat' dir='ltr'><strong>nec</strong></span> <span class='ocrx_word' id='word_1_230' title='bbox 1522 3373 1588 3416; x_wconf 89' lang='lat' dir='ltr'><strong>uon</strong></span> <span class='ocrx_word' id='word_1_231' title='bbox 1617 3350 1748 3418; x_wconf 90' lang='lat' dir='ltr'><strong>aliorum</strong></span> 
     </span>
     <span class='ocr_line' id='line_1_28' title="bbox 326 3443 1749 3530; baseline 0.004 -20"><span class='ocrx_word' id='word_1_232' title='bbox 326 3453 456 3510; x_wconf 88' lang='lat' dir='ltr'><strong>actuum</strong></span> <span class='ocrx_word' id='word_1_233' title='bbox 484 3443 573 3508; x_wconf 87' lang='lat' dir='ltr'><strong>circa</strong></span> <span class='ocrx_word' id='word_1_234' title='bbox 601 3443 742 3530; x_wconf 85' lang='lat' dir='ltr'><strong>easdem,</strong></span> <span class='ocrx_word' id='word_1_235' title='bbox 774 3447 869 3512; x_wconf 87' lang='lat' dir='ltr'><strong>sicuti</strong></span> <span class='ocrx_word' id='word_1_236' title='bbox 898 3445 1063 3514; x_wconf 89' lang='lat' dir='ltr'><strong>videbitur</strong></span> <span class='ocrx_word' id='word_1_237' title='bbox 1090 3447 1278 3514; x_wconf 84' lang='lat' dir='ltr'><strong>doctoribus</strong></span> <span class='ocrx_word' id='word_1_238' title='bbox 1307 3447 1348 3514; x_wconf 91' lang='lat' dir='ltr'><strong>de</strong></span> <span class='ocrx_word' id='word_1_239' title='bbox 1377 3448 1512 3516; x_wconf 79' lang='lat' dir='ltr'><strong>comilis</strong></span> <span class='ocrx_word' id='word_1_240' title='bbox 1540 3449 1703 3518; x_wconf 72' lang='lat' dir='ltr'><strong>faenum</strong></span> <span class='ocrx_word' id='word_1_241' title='bbox 1720 3459 1749 3515; x_wconf 89' lang='lat' dir='ltr'><strong>et</strong></span> 
     </span>
    </p>
   </div>
   <div class='ocr_carea' id='block_1_10' title="bbox 280 3541 1747 4135">
    <p class='ocr_par' dir='ltr' id='par_1_14' title="bbox 280 3541 1747 4135">
     <span class='ocr_line' id='line_1_29' title="bbox 321 3541 700 3631; baseline -0.005 -21"><span class='ocrx_word' id='word_1_242' title='bbox 321 3565 387 3610; x_wconf 91' lang='lat' dir='ltr'><strong>non</strong></span> <span class='ocrx_word' id='word_1_243' title='bbox 406 3541 512 3625; x_wconf 83' lang='lat' dir='ltr'><strong>aliter,</strong></span> <span class='ocrx_word' id='word_1_244' title='bbox 534 3543 700 3631; x_wconf 85' lang='lat' dir='ltr'><strong>expedire.</strong></span> 
     </span>
     <span class='ocr_line' id='line_1_30' title="bbox 406 3641 1747 3738; baseline 0.003 -28"><span class='ocrx_word' id='word_1_245' title='bbox 406 3647 434 3710; x_wconf 82' lang='lat'><strong>2.</strong></span> <span class='ocrx_word' id='word_1_246' title='bbox 455 3641 610 3708; x_wconf 88' lang='lat' dir='ltr'><strong>Decanus</strong></span> <span class='ocrx_word' id='word_1_247' title='bbox 639 3643 804 3711; x_wconf 83' lang='lat' dir='ltr'><strong>facultatis</strong></span> <span class='ocrx_word' id='word_1_248' title='bbox 832 3649 920 3712; x_wconf 89' lang='lat' dir='ltr'><strong>omni</strong></span> <span class='ocrx_word' id='word_1_249' title='bbox 940 3657 1088 3734; x_wconf 90' lang='lat' dir='ltr'><strong>tempore</strong></span> <span class='ocrx_word' id='word_1_250' title='bbox 1118 3655 1168 3712; x_wconf 90' lang='lat' dir='ltr'><strong>est</strong></span> <span class='ocrx_word' id='word_1_251' title='bbox 1193 3645 1387 3736; x_wconf 88' lang='lat' dir='ltr'><strong>principalis</strong></span> <span class='ocrx_word' id='word_1_252' title='bbox 1409 3657 1578 3734; x_wconf 87' lang='lat' dir='ltr'><strong>promotor</strong></span> <span class='ocrx_word' id='word_1_253' title='bbox 1599 3649 1747 3738; x_wconf 76' lang='lat' dir='ltr'><strong>cuiusque</strong></span> 
     </span>
     <span class='ocr_line' id='line_1_31' title="bbox 280 3740 1746 3834; baseline 0.001 -24"><span class='ocrx_word' id='word_1_254' title='bbox 280 3740 516 3811; x_wconf 75' lang='lat' dir='ltr'><strong>mensurandi</strong></span> <span class='ocrx_word' id='word_1_255' title='bbox 545 3743 579 3806; x_wconf 90' lang='lat' dir='ltr'><strong>in</strong></span> <span class='ocrx_word' id='word_1_256' title='bbox 610 3744 790 3828; x_wconf 91' lang='lat' dir='ltr'><strong>medicina,</strong></span> <span class='ocrx_word' id='word_1_257' title='bbox 823 3758 1064 3834; x_wconf 90' lang='lat' dir='ltr'><strong>compromotor</strong></span> <span class='ocrx_word' id='word_1_258' title='bbox 1092 3767 1170 3812; x_wconf 87' lang='lat' dir='ltr'><strong>vero</strong></span> <span class='ocrx_word' id='word_1_259' title='bbox 1202 3746 1319 3834; x_wconf 84' lang='lat' dir='ltr'><strong>aliquis</strong></span> <span class='ocrx_word' id='word_1_260' title='bbox 1349 3747 1519 3814; x_wconf 88' lang='lat' dir='ltr'><strong>doctorum</strong></span> <span class='ocrx_word' id='word_1_261' title='bbox 1548 3748 1590 3813; x_wconf 92' lang='lat' dir='ltr'><strong>de</strong></span> <span class='ocrx_word' id='word_1_262' title='bbox 1620 3747 1746 3814; x_wconf 91' lang='lat' dir='ltr'><strong>consilio</strong></span> 
     </span>
     <span class='ocr_line' id='line_1_32' title="bbox 320 3841 1747 3935; baseline 0.004 -26"><span class='ocrx_word' id='word_1_263' title='bbox 320 3841 485 3909; x_wconf 87' lang='lat' dir='ltr'><strong>facultatis</strong></span> <span class='ocrx_word' id='word_1_264' title='bbox 506 3842 600 3906; x_wconf 88' lang='lat' dir='ltr'><strong>iuxta</strong></span> <span class='ocrx_word' id='word_1_265' title='bbox 621 3843 767 3909; x_wconf 89' lang='lat' dir='ltr'><strong>ordinem</strong></span> <span class='ocrx_word' id='word_1_266' title='bbox 790 3847 886 3928; x_wconf 88' lang='lat' dir='ltr'><strong>senii,</strong></span> <span class='ocrx_word' id='word_1_267' title='bbox 916 3845 1101 3933; x_wconf 88' lang='lat' dir='ltr'><strong>incipiendo</strong></span> <span class='ocrx_word' id='word_1_268' title='bbox 1123 3847 1271 3934; x_wconf 89' lang='lat' dir='ltr'><strong>aprime</strong></span> <span class='ocrx_word' id='word_1_269' title='bbox 1293 3847 1420 3913; x_wconf 88' lang='lat' dir='ltr'><strong>seniore</strong></span> <span class='ocrx_word' id='word_1_270' title='bbox 1442 3857 1518 3935; x_wconf 88' lang='lat' dir='ltr'><strong>post</strong></span> <span class='ocrx_word' id='word_1_271' title='bbox 1539 3846 1697 3914; x_wconf 87' lang='lat' dir='ltr'><strong>decanum</strong></span> <span class='ocrx_word' id='word_1_272' title='bbox 1719 3857 1747 3913; x_wconf 87' lang='lat' dir='ltr'><strong>et</strong></span> 
     </span>
     <span class='ocr_line' id='line_1_33' title="bbox 323 3941 1746 4035; baseline 0.004 -27"><span class='ocrx_word' id='word_1_273' title='bbox 323 3944 371 4008; x_wconf 88' lang='lat' dir='ltr'><strong>sic</strong></span> <span class='ocrx_word' id='word_1_274' title='bbox 391 3941 545 4029; x_wconf 89' lang='lat' dir='ltr'><strong>deinceps</strong></span> <span class='ocrx_word' id='word_1_275' title='bbox 567 3941 610 4006; x_wconf 88' lang='lat' dir='ltr'><strong>ad</strong></span> <span class='ocrx_word' id='word_1_276' title='bbox 637 3945 796 4010; x_wconf 88' lang='lat' dir='ltr'><strong>iuniorem</strong></span> <span class='ocrx_word' id='word_1_277' title='bbox 823 3944 1035 4026; x_wconf 85' lang='lat' dir='ltr'><strong>deveniendo,</strong></span> <span class='ocrx_word' id='word_1_278' title='bbox 1064 3953 1179 4033; x_wconf 85' lang='lat' dir='ltr'><strong>postea</strong></span> <span class='ocrx_word' id='word_1_279' title='bbox 1208 3945 1249 4011; x_wconf 91' lang='lat' dir='ltr'><strong>de</strong></span> <span class='ocrx_word' id='word_1_280' title='bbox 1275 3969 1362 4014; x_wconf 89' lang='lat' dir='ltr'><strong>novo</strong></span> <span class='ocrx_word' id='word_1_281' title='bbox 1383 3949 1529 4014; x_wconf 87' lang='lat' dir='ltr'><strong>vicissim</strong></span> <span class='ocrx_word' id='word_1_282' title='bbox 1556 3945 1746 4035; x_wconf 84' lang='lat' dir='ltr'><strong>incipiendo</strong></span> 
     </span>
     <span class='ocr_line' id='line_1_34' title="bbox 322 4041 1745 4135; baseline 0.003 -27"><span class='ocrx_word' id='word_1_283' title='bbox 322 4041 507 4108; x_wconf 88' lang='lat' dir='ltr'><strong>Promotori</strong></span> <span class='ocrx_word' id='word_1_284' title='bbox 528 4051 637 4108; x_wconf 90' lang='lat' dir='ltr'><strong>autem</strong></span> <span class='ocrx_word' id='word_1_285' title='bbox 658 4044 833 4132; x_wconf 88' lang='lat' dir='ltr'><strong>principali</strong></span> <span class='ocrx_word' id='word_1_286' title='bbox 855 4043 1028 4112; x_wconf 90' lang='lat' dir='ltr'><strong>duodecim</strong></span> <span class='ocrx_word' id='word_1_287' title='bbox 1048 4044 1188 4112; x_wconf 88' lang='lat' dir='ltr'><strong>florenos</strong></span> <span class='ocrx_word' id='word_1_288' title='bbox 1210 4057 1243 4111; x_wconf 87' lang='lat' dir='ltr'><strong>et</strong></span> <span class='ocrx_word' id='word_1_289' title='bbox 1263 4048 1513 4135; x_wconf 89' lang='lat' dir='ltr'><strong>compromotori</strong></span> <span class='ocrx_word' id='word_1_290' title='bbox 1535 4069 1595 4114; x_wconf 89' lang='lat' dir='ltr'><strong>sex</strong></span> <span class='ocrx_word' id='word_1_291' title='bbox 1615 4047 1745 4112; x_wconf 81' lang='lat' dir='ltr'><strong>florenos</strong></span> 
     </span>
    </p>
   </div>
   <div class='ocr_carea' id='block_1_11' title="bbox 324 4141 1873 4235">
    <p class='ocr_par' dir='ltr' id='par_1_15' title="bbox 324 4141 1873 4235">
     <span class='ocr_line' id='line_1_35' title="bbox 324 4141 1873 4235; baseline 0.001 -27"><span class='ocrx_word' id='word_1_292' title='bbox 324 4163 385 4230; x_wconf 89' lang='lat' dir='ltr'><strong>pro</strong></span> <span class='ocrx_word' id='word_1_293' title='bbox 422 4141 535 4210; x_wconf 88' lang='lat' dir='ltr'><strong>labore</strong></span> <span class='ocrx_word' id='word_1_294' title='bbox 566 4141 716 4209; x_wconf 88' lang='lat' dir='ltr'><strong>habendo</strong></span> <span class='ocrx_word' id='word_1_295' title='bbox 747 4155 780 4210; x_wconf 86' lang='lat' dir='ltr'><strong>st</strong></span> <span class='ocrx_word' id='word_1_296' title='bbox 813 4143 929 4212; x_wconf 87' lang='lat' dir='ltr'><strong>solatio</strong></span> <span class='ocrx_word' id='word_1_297' title='bbox 960 4167 1071 4211; x_wconf 86' lang='lat' dir='ltr'><strong>eorum</strong></span> <span class='ocrx_word' id='word_1_298' title='bbox 1104 4143 1204 4212; x_wconf 89' lang='lat' dir='ltr'><strong>biduo</strong></span> <span class='ocrx_word' id='word_1_299' title='bbox 1237 4156 1312 4212; x_wconf 88' lang='lat' dir='ltr'><strong>ante</strong></span> <span class='ocrx_word' id='word_1_300' title='bbox 1343 4148 1578 4235; x_wconf 88' lang='lat' dir='ltr'><strong>promotionem</strong></span> <span class='ocrx_word' id='word_1_301' title='bbox 1609 4145 1746 4214; x_wconf 90' lang='lat' dir='ltr'><strong>novellus</strong></span> <span class='ocrx_word' id='word_1_302' title='bbox 1872 4189 1873 4192; x_wconf 20' lang='grc' dir='ltr'><strong>κ</strong></span> 
     </span>
    </p>
   </div>
   <div class='ocr_carea' id='block_1_12' title="bbox 285 4240 1747 4334">
    <p class='ocr_par' dir='ltr' id='par_1_16' title="bbox 285 4240 1747 4334">
     <span class='ocr_line' id='line_1_36' title="bbox 285 4240 1747 4334; baseline 0.001 -26"><span class='ocrx_word' id='word_1_303' title='bbox 285 4242 445 4309; x_wconf 81' lang='lat' dir='ltr'><strong>35doctor</strong></span> <span class='ocrx_word' id='word_1_304' title='bbox 467 4241 593 4308; x_wconf 90' lang='lat' dir='ltr'><strong>solvere</strong></span> <span class='ocrx_word' id='word_1_305' title='bbox 616 4240 726 4326; x_wconf 90' lang='lat' dir='ltr'><strong>debet,</strong></span> <span class='ocrx_word' id='word_1_306' title='bbox 755 4255 787 4309; x_wconf 91' lang='lat' dir='ltr'><strong>et</strong></span> <span class='ocrx_word' id='word_1_307' title='bbox 808 4255 983 4332; x_wconf 86' lang='lat' dir='ltr'><strong>antequam</strong></span> <span class='ocrx_word' id='word_1_308' title='bbox 1004 4245 1066 4312; x_wconf 90' lang='lat' dir='ltr'><strong>hoc</strong></span> <span class='ocrx_word' id='word_1_309' title='bbox 1086 4245 1202 4310; x_wconf 89' lang='lat' dir='ltr'><strong>fecerit</strong></span> <span class='ocrx_word' id='word_1_310' title='bbox 1228 4241 1286 4311; x_wconf 86' lang='lat' dir='ltr'><strong>aut</strong></span> <span class='ocrx_word' id='word_1_311' title='bbox 1306 4268 1417 4314; x_wconf 91' lang='lat' dir='ltr'><strong>eorum</strong></span> <span class='ocrx_word' id='word_1_312' title='bbox 1436 4245 1639 4313; x_wconf 88' lang='lat' dir='ltr'><strong>voluntatem</strong></span> <span class='ocrx_word' id='word_1_313' title='bbox 1661 4245 1747 4334; x_wconf 86' lang='lat' dir='ltr'><strong>plene</strong></span> 
     </span>
    </p>
   </div>
   <div class='ocr_carea' id='block_1_13' title="bbox 322 4341 1873 4433">
    <p class='ocr_par' dir='ltr' id='par_1_17' title="bbox 322 4341 1873 4433">
     <span class='ocr_line' id='line_1_37' title="bbox 322 4341 1873 4433; baseline 0.001 -26"><span class='ocrx_word' id='word_1_314' title='bbox 322 4365 387 4408; x_wconf 91' lang='lat' dir='ltr'><strong>non</strong></span> <span class='ocrx_word' id='word_1_315' title='bbox 408 4343 598 4420; x_wconf 87' lang='lat' dir='ltr'><strong>obtinuerit,</strong></span> <span class='ocrx_word' id='word_1_316' title='bbox 627 4341 670 4408; x_wconf 90' lang='lat' dir='ltr'><strong>ad</strong></span> <span class='ocrx_word' id='word_1_317' title='bbox 698 4343 867 4408; x_wconf 90' lang='lat' dir='ltr'><strong>consilium</strong></span> <span class='ocrx_word' id='word_1_318' title='bbox 889 4343 1053 4410; x_wconf 90' lang='lat' dir='ltr'><strong>facultatis</strong></span> <span class='ocrx_word' id='word_1_319' title='bbox 1075 4343 1221 4410; x_wconf 90' lang='lat' dir='ltr'><strong>medicae</strong></span> <span class='ocrx_word' id='word_1_320' title='bbox 1249 4345 1293 4411; x_wconf 88' lang='lat' dir='ltr'><strong>ad</strong></span> <span class='ocrx_word' id='word_1_321' title='bbox 1321 4367 1413 4412; x_wconf 87' lang='lat' dir='ltr'><strong>suam</strong></span> <span class='ocrx_word' id='word_1_322' title='bbox 1434 4349 1669 4433; x_wconf 90' lang='lat' dir='ltr'><strong>promotionem</strong></span> <span class='ocrx_word' id='word_1_323' title='bbox 1689 4367 1747 4411; x_wconf 91' lang='lat' dir='ltr'><strong>non</strong></span> <span class='ocrx_word' id='word_1_324' title='bbox 1872 4405 1873 4408; x_wconf 74' lang='grc'>,</span> 
     </span>
    </p>
   </div>
   <div class='ocr_carea' id='block_1_14' title="bbox 281 4441 1746 5228">
    <p class='ocr_par' dir='ltr' id='par_1_18' title="bbox 322 4441 1746 4734">
     <span class='ocr_line' id='line_1_38' title="bbox 324 4441 1746 4534; baseline 0.001 -26"><span class='ocrx_word' id='word_1_325' title='bbox 324 4443 524 4508; x_wconf 90' lang='lat' dir='ltr'><strong>admittatur.</strong></span> <span class='ocrx_word' id='word_1_326' title='bbox 565 4441 602 4508; x_wconf 81' lang='lat' dir='ltr'><strong>Si</strong></span> <span class='ocrx_word' id='word_1_327' title='bbox 621 4465 699 4508; x_wconf 90' lang='lat' dir='ltr'><strong>vero</strong></span> <span class='ocrx_word' id='word_1_328' title='bbox 722 4441 831 4531; x_wconf 89' lang='lat' dir='ltr'><strong>plures</strong></span> <span class='ocrx_word' id='word_1_329' title='bbox 853 4442 1044 4510; x_wconf 89' lang='lat' dir='ltr'><strong>doctoraudi</strong></span> <span class='ocrx_word' id='word_1_330' title='bbox 1066 4445 1187 4510; x_wconf 86' lang='lat' dir='ltr'><strong>fuerint</strong></span> <span class='ocrx_word' id='word_1_331' title='bbox 1207 4444 1320 4512; x_wconf 89' lang='lat' dir='ltr'><strong>eodem</strong></span> <span class='ocrx_word' id='word_1_332' title='bbox 1340 4457 1495 4534; x_wconf 87' lang='lat' dir='ltr'><strong>tempore,</strong></span> <span class='ocrx_word' id='word_1_333' title='bbox 1517 4445 1660 4512; x_wconf 53' lang='lat' dir='ltr'><strong>&amp;cauus</strong></span> <span class='ocrx_word' id='word_1_334' title='bbox 1680 4467 1746 4533; x_wconf 79' lang='lat' dir='ltr'><strong>pro</strong></span> 
     </span>
     <span class='ocr_line' id='line_1_39' title="bbox 324 4540 1745 4634; baseline 0.001 -26"><span class='ocrx_word' id='word_1_335' title='bbox 324 4553 429 4609; x_wconf 89' lang='lat' dir='ltr'><strong>motor</strong></span> <span class='ocrx_word' id='word_1_336' title='bbox 450 4543 514 4607; x_wconf 88' lang='lat' dir='ltr'><strong>erit</strong></span> <span class='ocrx_word' id='word_1_337' title='bbox 534 4540 727 4629; x_wconf 89' lang='lat' dir='ltr'><strong>principalis</strong></span> <span class='ocrx_word' id='word_1_338' title='bbox 749 4565 812 4629; x_wconf 91' lang='lat' dir='ltr'><strong>quo</strong></span> <span class='ocrx_word' id='word_1_339' title='bbox 836 4541 879 4607; x_wconf 88' lang='lat' dir='ltr'><strong>ad</strong></span> <span class='ocrx_word' id='word_1_340' title='bbox 902 4543 1057 4630; x_wconf 78' lang='lat' dir='ltr'><strong>singtdos,</strong></span> <span class='ocrx_word' id='word_1_341' title='bbox 1085 4553 1118 4608; x_wconf 89' lang='lat' dir='ltr'><strong>et</strong></span> <span class='ocrx_word' id='word_1_342' title='bbox 1144 4566 1164 4609; x_wconf 91' lang='lat' dir='ltr'><strong>a</strong></span> <span class='ocrx_word' id='word_1_343' title='bbox 1191 4545 1334 4630; x_wconf 88' lang='lat' dir='ltr'><strong>quolibet</strong></span> <span class='ocrx_word' id='word_1_344' title='bbox 1352 4547 1500 4634; x_wconf 90' lang='lat' dir='ltr'><strong>ipsorum</strong></span> <span class='ocrx_word' id='word_1_345' title='bbox 1522 4545 1657 4612; x_wconf 87' lang='lat' dir='ltr'><strong>habebit</strong></span> <span class='ocrx_word' id='word_1_346' title='bbox 1677 4545 1745 4610; x_wconf 91' lang='lat' dir='ltr'><strong>duo·</strong></span> 
     </span>
     <span class='ocr_line' id='line_1_40' title="bbox 322 4641 1745 4734; baseline 0 -26"><span class='ocrx_word' id='word_1_347' title='bbox 322 4643 429 4708; x_wconf 91' lang='lat' dir='ltr'><strong>decim</strong></span> <span class='ocrx_word' id='word_1_348' title='bbox 449 4641 600 4724; x_wconf 91' lang='lat' dir='ltr'><strong>florenos,</strong></span> <span class='ocrx_word' id='word_1_349' title='bbox 622 4651 859 4729; x_wconf 90' lang='lat' dir='ltr'><strong>compromotor</strong></span> <span class='ocrx_word' id='word_1_350' title='bbox 879 4656 997 4726; x_wconf 86' lang='lat' dir='ltr'><strong>autem,</strong></span> <span class='ocrx_word' id='word_1_351' title='bbox 1019 4644 1074 4732; x_wconf 92' lang='lat' dir='ltr'><strong>qui</strong></span> <span class='ocrx_word' id='word_1_352' title='bbox 1096 4643 1210 4710; x_wconf 90' lang='lat' dir='ltr'><strong>unicus</strong></span> <span class='ocrx_word' id='word_1_353' title='bbox 1231 4665 1303 4710; x_wconf 91' lang='lat' dir='ltr'><strong>esse</strong></span> <span class='ocrx_word' id='word_1_354' title='bbox 1321 4644 1427 4730; x_wconf 87' lang='lat' dir='ltr'><strong>debet,</strong></span> <span class='ocrx_word' id='word_1_355' title='bbox 1448 4646 1586 4734; x_wconf 90' lang='lat' dir='ltr'><strong>recipiet</strong></span> <span class='ocrx_word' id='word_1_356' title='bbox 1606 4643 1745 4711; x_wconf 87' lang='lat' dir='ltr'><strong>similiter</strong></span> 
     </span>
    </p>

    <p class='ocr_par' dir='ltr' id='par_1_19' title="bbox 281 4741 1744 5228">
     <span class='ocr_line' id='line_1_41' title="bbox 281 4741 1743 4834; baseline -0.001 -25"><span class='ocrx_word' id='word_1_357' title='bbox 281 4742 367 4809; x_wconf 81' lang='lat' dir='ltr'><strong>tssab</strong></span> <span class='ocrx_word' id='word_1_358' title='bbox 396 4763 589 4829; x_wconf 90' lang='lat' dir='ltr'><strong>unoquoque</strong></span> <span class='ocrx_word' id='word_1_359' title='bbox 618 4763 676 4805; x_wconf 87' lang='lat' dir='ltr'><strong>sex</strong></span> <span class='ocrx_word' id='word_1_360' title='bbox 705 4741 855 4823; x_wconf 92' lang='lat' dir='ltr'><strong>florenos,</strong></span> <span class='ocrx_word' id='word_1_361' title='bbox 888 4765 948 4829; x_wconf 90' lang='lat' dir='ltr'><strong>pro</strong></span> <span class='ocrx_word' id='word_1_362' title='bbox 977 4764 1012 4807; x_wconf 90' lang='lat' dir='ltr'><strong>se</strong></span> <span class='ocrx_word' id='word_1_363' title='bbox 1043 4743 1185 4807; x_wconf 87' lang='lat' dir='ltr'><strong>retinens</strong></span> <span class='ocrx_word' id='word_1_364' title='bbox 1215 4753 1341 4810; x_wconf 83' lang='lat' dir='ltr'><strong>tantum</strong></span> <span class='ocrx_word' id='word_1_365' title='bbox 1375 4767 1443 4828; x_wconf 83' lang='lat' dir='ltr'><strong>sex,</strong></span> <span class='ocrx_word' id='word_1_366' title='bbox 1474 4745 1617 4834; x_wconf 88' lang='lat' dir='ltr'><strong>reliquos</strong></span> <span class='ocrx_word' id='word_1_367' title='bbox 1646 4755 1743 4810; x_wconf 66' lang='lat' dir='ltr'><strong>auum</strong></span> 
     </span>
     <span class='ocr_line' id='line_1_42' title="bbox 323 4839 1744 4932; baseline 0.001 -25"><span class='ocrx_word' id='word_1_368' title='bbox 323 4843 409 4907; x_wconf 91' lang='lat' dir='ltr'><strong>inter</strong></span> <span class='ocrx_word' id='word_1_369' title='bbox 441 4841 590 4908; x_wconf 84' lang='lat' dir='ltr'><strong>doctores</strong></span> <span class='ocrx_word' id='word_1_370' title='bbox 624 4839 705 4906; x_wconf 87' lang='lat' dir='ltr'><strong>alios</strong></span> <span class='ocrx_word' id='word_1_371' title='bbox 738 4852 908 4929; x_wconf 84' lang='lat' dir='ltr'><strong>sequentes</strong></span> <span class='ocrx_word' id='word_1_372' title='bbox 938 4844 972 4907; x_wconf 92' lang='lat' dir='ltr'><strong>in</strong></span> <span class='ocrx_word' id='word_1_373' title='bbox 1004 4841 1174 4907; x_wconf 89' lang='lat' dir='ltr'><strong>medicinis</strong></span> <span class='ocrx_word' id='word_1_374' title='bbox 1207 4843 1528 4932; x_wconf 84' lang='lat' dir='ltr'><strong>proportionabiliter</strong></span> <span class='ocrx_word' id='word_1_375' title='bbox 1560 4843 1744 4910; x_wconf 87' lang='lat' dir='ltr'><strong>distribuere</strong></span> 
     </span>
     <span class='ocr_line' id='line_1_43' title="bbox 323 4939 1743 5029; baseline 0.001 -23"><span class='ocrx_word' id='word_1_376' title='bbox 323 4939 495 5022; x_wconf 89' lang='lat' dir='ltr'><strong>tenebitur,</strong></span> <span class='ocrx_word' id='word_1_377' title='bbox 525 4939 586 5005; x_wconf 89' lang='lat' dir='ltr'><strong>hoc</strong></span> <span class='ocrx_word' id='word_1_378' title='bbox 605 4939 701 5004; x_wconf 92' lang='lat' dir='ltr'><strong>modo</strong></span> <span class='ocrx_word' id='word_1_379' title='bbox 723 4943 916 5029; x_wconf 87' lang='lat' dir='ltr'><strong>utquisque</strong></span> <span class='ocrx_word' id='word_1_380' title='bbox 938 4963 996 5006; x_wconf 88' lang='lat' dir='ltr'><strong>sex</strong></span> <span class='ocrx_word' id='word_1_381' title='bbox 1018 4939 1162 5006; x_wconf 90' lang='lat' dir='ltr'><strong>obtineat</strong></span> <span class='ocrx_word' id='word_1_382' title='bbox 1183 4941 1339 5026; x_wconf 84' lang='lat' dir='ltr'><strong>floren0s3</strong></span> <span class='ocrx_word' id='word_1_383' title='bbox 1367 4953 1400 5010; x_wconf 87' lang='lat' dir='ltr'><strong>et</strong></span> <span class='ocrx_word' id='word_1_384' title='bbox 1420 4943 1580 5027; x_wconf 90' lang='lat' dir='ltr'><strong>doctores,</strong></span> <span class='ocrx_word' id='word_1_385' title='bbox 1607 4953 1743 5010; x_wconf 89' lang='lat' dir='ltr'><strong>carentes</strong></span> 
     </span>
     <span class='ocr_line' id='line_1_44' title="bbox 324 5039 1742 5128; baseline 0.001 -22"><span class='ocrx_word' id='word_1_386' title='bbox 324 5041 387 5106; x_wconf 89' lang='lat' dir='ltr'><strong>hac</strong></span> <span class='ocrx_word' id='word_1_387' title='bbox 399 5041 471 5104; x_wconf 89' lang='lat' dir='ltr'><strong>vice</strong></span> <span class='ocrx_word' id='word_1_388' title='bbox 493 5039 706 5106; x_wconf 87' lang='lat' dir='ltr'><strong>emolumento</strong></span> <span class='ocrx_word' id='word_1_389' title='bbox 730 5039 1012 5122; x_wconf 87' lang='lat' dir='ltr'><strong>doctorandorum,</strong></span> <span class='ocrx_word' id='word_1_390' title='bbox 1035 5041 1099 5106; x_wconf 87' lang='lat' dir='ltr'><strong>alio</strong></span> <span class='ocrx_word' id='word_1_391' title='bbox 1120 5051 1277 5128; x_wconf 87' lang='lat' dir='ltr'><strong>tempore,</strong></span> <span class='ocrx_word' id='word_1_392' title='bbox 1298 5043 1359 5109; x_wconf 89' lang='lat' dir='ltr'><strong>deo</strong></span> <span class='ocrx_word' id='word_1_393' title='bbox 1381 5044 1520 5128; x_wconf 89' lang='lat' dir='ltr'><strong>favente,</strong></span> <span class='ocrx_word' id='word_1_394' title='bbox 1543 5041 1742 5110; x_wconf 83' lang='lat' dir='ltr'><strong>consimiliter</strong></span> 
     </span>
     <span class='ocr_line' id='line_1_45' title="bbox 324 5139 1392 5228; baseline 0.002 -22"><span class='ocrx_word' id='word_1_395' title='bbox 324 5141 530 5228; x_wconf 87' lang='lat' dir='ltr'><strong>participent.</strong></span> <span class='ocrx_word' id='word_1_396' title='bbox 572 5139 619 5204; x_wconf 83' lang='lat' dir='ltr'><strong>Et</strong></span> <span class='ocrx_word' id='word_1_397' title='bbox 640 5142 687 5204; x_wconf 91' lang='lat' dir='ltr'><strong>sic</strong></span> <span class='ocrx_word' id='word_1_398' title='bbox 709 5139 797 5228; x_wconf 90' lang='lat' dir='ltr'><strong>quod</strong></span> <span class='ocrx_word' id='word_1_399' title='bbox 819 5140 965 5206; x_wconf 84' lang='lat' dir='ltr'><strong>differtur</strong></span> <span class='ocrx_word' id='word_1_400' title='bbox 985 5163 1051 5206; x_wconf 93' lang='lat' dir='ltr'><strong>non</strong></span> <span class='ocrx_word' id='word_1_401' title='bbox 1074 5143 1202 5208; x_wconf 90' lang='lat' dir='ltr'><strong>omnino</strong></span> <span class='ocrx_word' id='word_1_402' title='bbox 1225 5143 1392 5211; x_wconf 81' lang='lat' dir='ltr'><strong>auffertur.</strong></span> 
     </span>
    </p>
   </div>
   <div class='ocr_carea' id='block_1_15' title="bbox 0 0 1898 6069">
    <p class='ocr_par' dir='ltr' id='par_1_20' title="bbox 0 0 1898 6069">
     <span class='ocr_line' id='line_1_46' title="bbox 0 0 1898 6069; baseline 0 0"><span class='ocrx_word' id='word_1_403' title='bbox 0 0 1898 6069; x_wconf 95' lang='lat' dir='ltr'><strong> </strong></span> 
     </span>
    </p>
   </div>
  </div>
 </body>
</html>
