3788 6078
661 563 711 613 Die
729 563 838 614 iltesteo
857 563 984 614 Statnten.

282 783 309 842 4.
331 795 482 844 nusmcn
502 797 549 844 on
570 795 774 844 rennuente
794 797 932 846 iniussi
953 797 1000 844 so
1020 796 1213 846 nsosuoun
1234 795 1382 843 consus.

198 925 291 1014 „Ego
319 927 368 992 .N.
395 930 465 994 iuro
495 930 715 994 reverenciam
736 931 966 1017 magistrorum
995 953 1137 1012 servare,
1165 937 1197 994 et
1223 928 1342 994 bonum
1374 927 1537 993 facultatis

115 1025 252 1090 fideliter
278 1049 464 1114 procurare,
493 1038 525 1095 et
550 1030 649 1093 istum
676 1038 795 1094 statum
815 1031 850 1094 in
869 1029 959 1094 nulla
980 1029 1046 1095 alia
1066 1030 1278 1094 universitate
1306 1049 1479 1109 resumere,
1508 1037 1540 1090 et

115 1147 173 1210 per
200 1123 281 1190 duos
303 1148 404 1192 annos
427 1136 501 1215 post
527 1127 700 1215 prandium
727 1127 835 1213 legere
863 1128 1007 1217 quolibet
1030 1151 1113 1194 anno
1134 1129 1322 1213 octuaginta
1343 1125 1485 1212 capitula
1508 1135 1539 1189 ct

114 1223 249 1288 totidem
275 1223 433 1290 lecciones
456 1229 525 1291 sine
547 1227 620 1292 dolo
642 1242 673 1292 et
698 1226 813 1292 frande
833 1229 868 1292 in
888 1225 953 1314 [lb]
976 1228 1067 1294 libris
1088 1251 1109 1292 a
1128 1226 1280 1292 facultate
1308 1224 1406 1291 michi
1436 1225 1535 1310 depu-
1564 1233 1581 1288 5

114 1323 222 1388 tendis
244 1324 413 1408 cursorie,¹
441 1347 506 1391 non
525 1337 658 1392 extense
687 1325 827 1392 litteram
857 1326 1033 1394 dividendo
1063 1336 1095 1392 et
1120 1325 1328 1413 exponend03
1355 1327 1433 1390 item
1460 1347 1537 1411 quo-

113 1421 193 1488 libet
214 1445 298 1490 anno
320 1447 421 1510 usque
444 1423 487 1490 ad
507 1425 688 1491 sentencias
714 1427 782 1490 sine
807 1427 1067 1492 contradiccione
1095 1425 1193 1492 semel
1216 1424 1380 1490 ordinarie
1403 1446 1537 1510 respon-

115 1520 192 1586 dere
213 1532 245 1587 et
267 1522 366 1588 semel
387 1523 589 1610 praedicare,
612 1536 644 1590 et
663 1522 748 1588 ultra
767 1525 829 1590 hoc
850 1547 901 1590 me
922 1525 1055 1591 cuilibet
1075 1527 1232 1613 magistro
1254 1526 1287 1589 in
1309 1522 1472 1608 theologia
1494 1521 1537 1586 ad

114 1621 376 1708 respondendum
400 1624 530 1706 offerre;
551 1625 627 1689 item
651 1621 773 1688 nullum
794 1623 935 1689 officium
955 1626 990 1689 in
1011 1625 1143 1712 Liptzk,
1164 1647 1229 1690 non
1251 1646 1447 1689 concernens
1469 1623 1536 1687 uni·

113 1723 312 1804 versitatem,
327 1721 457 1806 habere,
479 1746 541 1812 quo
553 1725 660 1790 minus
681 1725 804 1811 possim
825 1723 994 1810 praedicta
1015 1725 1209 1811 adimplere;
1230 1725 1307 1788 item
1323 1721 1537 1787 denuncciare
1550 1732 1580 1785 10

115 1820 200 1884 infra
221 1830 293 1886 octo
316 1820 386 1887 dies
409 1822 574 1889 ordinario
597 1823 670 1906 loci,
700 1822 823 1888 decano
844 1821 1007 1888 facilitatis
1030 1833 1086 1889 aut
1107 1824 1273 1910 magistris
1301 1845 1373 1887 eum
1394 1821 1445 1888 vel
1473 1843 1539 1902 eos,

115 1941 210 2004 quem
238 1919 289 1984 vel
319 1944 399 2008 quos
430 1923 585 1988 audivero
613 1922 778 1988 dissonum
804 1921 882 1988 fidei
909 1923 1088 1988 catholicae
1115 1945 1277 2005 asserere,
1305 1923 1382 1986 item
1412 1943 1538 1986 omnem

113 2029 231 2100 actum,
260 2019 399 2106 gradum
420 2043 526 2086 meum
548 2035 803 2104 concernentem,
829 2024 863 2085 in
885 2043 993 2109 cappa
1020 2023 1136 2104 facere,
1164 2021 1317 2087 videlicet
1343 2020 1461 2107 legere,
1490 2042 1539 2084 re·

114 2117 284 2204 spondere,
314 2120 515 2206 praedicare,
538 2120 779 2208 disputaciones
801 2130 833 2186 et
853 2120 1013 2187 lecciones
1033 2123 1262 2208 magistrorum
1284 2142 1430 2186 necnon
1450 2119 1539 2207 prin·

112 2217 200 2304 cipia
220 2215 478 2284 bacealariorum
498 2228 554 2284 aut
575 2223 677 2285 eciam
695 2221 811 2285 missas
827 2221 1049 2286 universitatis
1063 2222 1213 2304 visitare
1234 2222 1312 2286 item
1331 2229 1406 2308 post
1426 2241 1537 2306 recep·
1551 2226 1580 2281 u

112 2317 239 2381 cionem
254 2338 359 2382 meam
381 2318 488 2384 faeere
510 2321 707 2406 principium
722 2321 809 2385 infra
831 2342 973 2384 mensem
995 2322 1180 2408 proximum
1201 2329 1275 2407 post
1294 2319 1412 2384 festum
1435 2319 1539 2383 saneti

111 2415 303 2504 Lampcrti²
331 2413 394 2504 [5¹]
424 2421 575 2505 proxime
602 2420 760 2502 futurum,
790 2430 822 2484 et
851 2408 936 2484 infra
965 2422 1151 2506 proximum
1181 2441 1324 2484 mensem
1353 2428 1538 2507 sequentem

112 2514 224 2601 legere
244 2525 276 2580 et
296 2515 456 2582 lecciones
479 2516 633 2607 deinceps
656 2519 860 2602 continuare3
884 2519 961 2584 item
984 2518 1109 2584 solvere
1131 2517 1264 2583 bursam
1285 2519 1382 2582 trium
1403 2517 1539 2582 floreno-

112 2637 184 2678 rum
205 2615 291 2680 infra
312 2615 523 2702 quindenam3
551 2619 629 2682 item
656 2639 788 2682 servare
811 2627 843 2682 et
865 2639 962 2683 manu
983 2629 1093 2683 tenere
1115 2629 1147 2682 et
1168 2616 1337 2682 defensare
1363 2616 1540 2698 libertates,

111 2715 186 2778 iura
219 2723 251 2778 et
283 2714 532 2780 consuetudines
561 2715 725 2782 facultatis
754 2716 910 2781 hactenus
940 2716 1146 2800 observatas,
1177 2719 1253 2781 item
1283 2715 1410 2782 badello
1438 2723 1582 2781 unumtss

111 2815 272 2879 florenum
293 2836 460 2879 renensem
483 2815 571 2898 dare,
600 2839 673 2880 eum
699 2815 804 2882 fecero
833 2817 1044 2904 principium3
1073 2817 1149 2880 item
1172 2825 1292 2882 statuta
1314 2825 1346 2880 et
1368 2813 1540 2880 statuenda

110 2912 251 2980 fideliter
279 2913 464 2978 observare.
504 2913 559 2980 Sic
592 2937 643 2980 me
677 2914 756 2980 deus
789 2914 922 2980 adiuvet
954 2927 985 2980 et
1017 2925 1130 2980 sancta
1163 2915 1216 2980 dei
1248 2914 1457 3000 evangelia.“
1497 2913 1541 2978 Et

111 3012 300 3096 notandum,
322 3012 408 3099 quod
429 3013 589 3079 admissus
611 3013 847 3100 adlegandum
869 3037 999 3080 cursum
1013 3014 1064 3080 vel
1084 3016 1264 3080 sentencias
1286 3025 1412 3079 tenetur
1433 3014 1540 3078 facere

111 3113 310 3200 principium
332 3135 425 3176 suurn
446 3113 531 3178 inter
551 3113 635 3178 festa
661 3115 764 3178 saneti
783 3115 953 3200 Lamperti
975 3123 1006 3179 et
1029 3115 1133 3178 sancti
1156 3112 1266 3178 Galli³
1293 3113 1442 3200 proxime
1463 3134 1537 3175 ven-

110 3223 185 3280 tura
215 3222 290 3299 post
318 3213 387 3278 eius
416 3211 661 3294 admissionem,
691 3212 743 3276 vel
772 3212 815 3278 ad
845 3215 950 3278 minus
977 3212 1074 3278 debet
1104 3235 1124 3278 a
1152 3211 1305 3277 facultate
1334 3213 1480 3298 spacium
1508 3217 1581 3274 etto

111 3311 284 3376 licenciam
306 3312 460 3398 temporis
480 3310 637 3397 longioris
659 3312 820 3398 optinere;
844 3311 925 3376 alias
948 3311 1062 3398 perdet
1083 3335 1176 3376 suum
1197 3311 1312 3376 locum.

183 3499 214 3558 5.
237 3511 387 3560 RUBRICA
408 3511 454 3558 na
477 3511 533 3576 no,
557 3511 616 3572 QUI
637 3512 729 3559 vuar
750 3512 885 3559 FACERE
907 3511 1108 3560 PRINCIPIUM
1130 3513 1166 3559 IN
1188 3511 1325 3560 CURSUM
1347 3511 1414 3557 VEL
1437 3510 1472 3557 IN

721 3611 941 3659 SENTENCIAS.

199 3724 328 3792 Volenti
349 3726 457 3791 faeere
478 3727 676 3815 principium
696 3727 730 3792 in
743 3749 873 3791 cursum
886 3724 1031 3790 bedellus
1051 3727 1086 3789 in
1107 3725 1238 3814 publico
1259 3734 1421 3813 proponat
1441 3723 1539 3788 infra-

113 3829 275 3914 scriptum
297 3827 526 3891 iuramentum:
549 3822 579 3912 [5
587 3824 612 3912 b]
643 3826 774 3908 „Primo
800 3825 961 3908 iurabitis,
990 3825 1079 3913 qnod
1104 3827 1201 3890 istum
1229 3823 1367 3912 gradum
1393 3824 1428 3887 in
1453 3821 1583 3888 nulla30

114 3927 183 3994 alia
211 3925 422 3990 universitate
448 3927 634 4008 resumatia;
664 3927 741 3988 item
768 3925 854 4011 quod
876 3924 995 3989 bonum
1021 3925 1115 3990 huius
1136 3925 1359 3990 universitatis
1387 3933 1418 3988 et
1441 3922 1541 3988 facid-

115 4027 195 4092 tatis
217 4023 428 4110 theologicae,
457 4023 501 4088 ad
527 4046 747 4111 quemcunque
773 4033 894 4090 statum
915 4023 1120 4106 deveneritis,
1149 4023 1285 4088 fideliter
1307 4022 1541 4110 procurabitis3

112 4129 191 4192 item
220 4122 370 4188 iurabitis
400 4132 522 4188 statuta
549 4133 581 4188 et
610 4122 790 4204 statuenda,
822 4123 910 4187 facta
938 4145 999 4210 pro
1028 4122 1112 4200 bono
1140 4123 1301 4188 facultatis
1331 4120 1541 4208 theologicae,

114 4225 252 4290 firmiter
279 4222 484 4288 observare.“
526 4221 700 4288 Consimile
725 4224 937 4288 iuramentum
969 4223 1101 4288 facienti
1130 4223 1327 4310 principium
1355 4223 1389 4286 in
1418 4231 1541 4286 senten·

112 4327 184 4390 cias
205 4343 264 4410 per
275 4321 436 4388 bedellum
459 4319 588 4407 publice
609 4332 820 4408 proponatur,
842 4320 973 4409 dempto
997 4323 1103 4408 primo
1126 4319 1270 4403 menbra,
1292 4343 1352 4407 pro
1372 4343 1436 4408 quo
1452 4320 1583 4386 dicat35

111 4421 276 4489 bedellos:
319 4420 449 4503 „Primo
474 4419 623 4486 iurabitis
646 4423 681 4485 in
707 4419 796 4486 nulla
822 4421 887 4486 alia
907 4422 1118 4486 universitate
1143 4420 1253 4506 legere
1279 4422 1460 4485 sentencias
1483 4443 1541 4506 pro

110 4521 252 4590 forma.“
291 4519 409 4587 Cetera
436 4523 559 4602 omnia,
588 4531 624 4584 ut
651 4522 684 4584 in
715 4521 817 4607 priori
845 4523 1031 4584 iuramento.
1072 4520 1153 4585 Item
1180 4519 1286 4584 nullus
1316 4527 1542 4606 praesentatus

111 4623 158 4690 ad
188 4643 317 4686 cursum
345 4629 514 4686 censeatur
542 4619 745 4686 baccalarius
771 4630 845 4686 ante
866 4620 1106 4684 intimacionem
1127 4621 1176 4684 sui
1198 4620 1353 4706 principii
1375 4640 1446 4684 cum
1468 4618 1541 4683 effe·

111 4720 217 4788 ctuali
243 4718 385 4785 eiusdem
413 4720 617 4786 execucione.
658 4720 742 4784 Item
772 4721 876 4784 forma
901 4719 1119 4783 intimacionis
1145 4741 1224 4784 suae
1253 4720 1296 4784 sit
1320 4717 1409 4783 talis:
1450 4716 1541 4799 „Sub

112 4821 173 4888 tali
207 4819 362 4906 magistro
391 4817 555 4902 Nicolaus,
584 4841 697 4884 sacrae
717 4818 899 4904 theologiae
920 4815 1133 4900 baccalarius,
1163 4818 1261 4883 faciet
1287 4817 1483 4905 principium
1504 4816 1583 4879 into

203 5057 213 5107 l
235 5051 289 5105 Am
306 5051 414 5106 Raude:
438 5053 508 5121 quid
523 5054 560 5106 eft
577 5053 703 5106 cursorio
721 5052 810 5106 lectio.

201 5137 217 5190 2
236 5134 304 5189 Dies
321 5133 388 5189 Fest
403 5133 467 5189 faut
483 5135 536 5189 auf
549 5135 602 5190 den
623 5139 660 5189 u.
678 5133 845 5205 September.

201 5223 217 5274 3
234 5217 310 5272 Falli
325 5219 505 5274 bekanntlioh
522 5218 574 5274 auf
588 5219 642 5272 den
662 5222 699 5274 io.
720 5217 846 5274 October.
