3762 6074
507 523 603 580 rente
622 521 891 598 assumebatur,
912 545 973 582 vom
990 518 1072 580 dahis
1093 529 1164 582 1507.
1471 532 1530 597 513

187 711 247 771 Dic
266 712 503 772 naclstalsendcn
526 715 637 774 Notata
658 716 728 775 sind
748 722 810 792 aas
831 718 878 776 dic
906 717 1008 776 inaerc
1040 717 1117 776 Seite
1147 718 1198 776 des
1230 717 1376 774 vorderen
1407 717 1532 776 Deckcls

106 811 301 886 qcsclricbcn.

135 991 253 1038 FOBMA
276 991 546 1041 ancoenlrlonus
568 995 615 1040 An
639 996 816 1043 PAUPERES
839 996 910 1056 QUO
929 997 976 1043 AD
999 994 1171 1042 STANcnan
1191 995 1259 1041 PER
1281 993 1441 1042 bacinos
1463 997 1507 1043 Er

416 1091 500 1140 SUOS
523 1093 688 1142 semones
711 1094 854 1142 DANDAE
876 1096 922 1142 EX
946 1093 1228 1142 REFORMAOIONE.

189 1229 262 1286 Nan
275 1229 359 1304 folqt
381 1227 400 1305 ξ
426 1232 463 1292 14
484 1231 538 1288 der
559 1231 768 1304 Refer-motion
789 1252 853 1291 vom
873 1234 970 1292 ,latre
994 1231 1081 1292 ttae.
1133 1231 1195 1306 Vqr.
1216 1230 1287 1288 oben
1315 1231 1346 1289 S.
1370 1232 1417 1292 21.
1459 1233 1531 1289 Nur
1559 1239 1575 1292 5

101 1331 161 1399 sa'r
182 1332 307 1388 certum
329 1323 415 1388 diem
437 1329 517 1387 Zeila
548 1332 587 1394 33
616 1332 692 1388 steht
723 1327 808 1392 infra
839 1341 963 1394 certum
986 1326 1081 1408 diem,
1111 1331 1174 1386 aad
1195 1338 1269 1388 rtott
1290 1329 1533 1411 recogniciones

109 1426 188 1484 Zeila
211 1427 251 1490 36
272 1427 362 1484 bei-sat
383 1447 413 1485 cs
435 1427 499 1486 hier
521 1426 788 1512 recognicionem.

193 1592 261 1650 Das
283 1593 447 1668 bequlicba
468 1595 634 1654 Fornulos·
653 1596 741 1653 solbat
762 1597 871 1655 lactet:

191 1719 328 1785 Mandat
348 1721 510 1787 facultatis
535 1724 653 1788 artium
676 1724 818 1790 decanus
841 1724 990 1790 omnibus
1012 1735 1044 1788 et
1075 1723 1210 1808 singulis
1240 1724 1275 1787 in
1305 1721 1430 1787 artibus
1461 1746 1534 1810 pro-

114 1821 237 1884 moveri
253 1818 448 1904 volentibus,
471 1833 565 1888 extra
583 1823 720 1909 collegia
738 1847 776 1889 ae
798 1823 926 1906 bursas,
949 1845 1008 1911 per
1028 1825 1273 1888 universitatem
1295 1835 1327 1886 et
1346 1821 1534 1887 facultatem
1547 1835 1577 1888 tt)

111 1921 235 1982 arcium
258 1919 470 2006 approbatas,
491 1944 615 1987 moram
637 1947 677 1988 ac
697 1945 840 1988 mensam
872 1922 1077 2006 habentibus,
1104 1933 1262 2008 quatenus
1287 1942 1359 1985 cras
1387 1920 1467 1986 bora
1498 1929 1534 1988 tt

109 2028 183 2082 ante
206 2017 334 2082 stubam
355 2017 461 2084 dictae
482 2021 646 2086 facultatis
668 2021 796 2108 collegii
816 2024 949 2087 maioris
978 2045 1087 2086 coram
1110 2042 1144 2084 se
1166 2029 1198 2083 et
1217 2021 1283 2082 suis
1307 2021 1534 2086 executoribus

109 2127 319 2204 compareant
341 2117 383 2182 ad
404 2119 610 2206 allegandum
632 2143 763 2186 causam
793 2120 843 2186 vel
878 2144 993 2186 causas
1014 2117 1235 2199 rationabiles,
1263 2119 1291 2182 si
1313 2141 1393 2202 quas
1416 2119 1534 2185 habue-

108 2217 182 2298 rint,
207 2238 308 2303 quarc
329 2219 362 2281 in
385 2217 465 2282 loeis
491 2219 680 2306 approbatis
703 2243 763 2308 por
785 2223 1029 2286 universitatem
1051 2220 1182 2284 minime
1203 2219 1351 2282 steterint
1372 2241 1429 2282 seu
1450 2241 1534 2284 men-

109 2337 179 2380 sam
201 2313 324 2380 ibidem
344 2337 409 2380 non
430 2317 611 2402 habuerint,
632 2329 664 2384 et
685 2319 728 2384 ad
753 2319 1000 2408 approbandum
1021 2317 1151 2382 easdem
1172 2340 1232 2403 pro
1257 2318 1382 2402 signeto
1406 2317 1527 2385 domini
1541 2331 1569 2384 15

108 2417 245 2480 rectoris
265 2413 449 2499 obtinendo,
472 2415 530 2481 sub
551 2440 656 2504 poena
678 2441 742 2484 non
761 2421 973 2507 promotionis
995 2431 1140 2504 tempore
1157 2439 1222 2481 suo.
1252 2415 1376 2481 Datum
1390 2417 1524 2483 decana·

108 2527 159 2578 tus
181 2513 241 2578 sub
265 2513 379 2600 sigillo.

191 2685 353 2744 Darantcr
372 2687 472 2744 steten
493 2687 568 2744 noct
590 2687 637 2745 die
650 2689 817 2764 folgenden
838 2687 981 2746 Notizea:

192 2795 259 2860 Pro
278 2795 398 2862 bonore
413 2796 576 2862 facultatis
594 2799 712 2863 artium
735 2799 869 2887 quilibet
889 2799 1032 2864 decanus
1061 2797 1175 2862 offerat
1197 2809 1334 2884 quatuor
1355 2799 1536 2864 senioribus

108 2897 141 2959 in
161 2895 316 2961 facultate
338 2896 381 2960 ad
402 2897 487 2961 diem
510 2897 640 2962 sabbati
662 2901 867 2984 quaestiones
890 2896 1105 2985 disputandas
1127 2897 1309 2984 exscriptas
1334 2897 1462 2962 scheda.
1542 2911 1576 2964 20

190 3011 469 3077 Baccalaurcandi
492 3025 588 3102 atquc
609 3015 826 3100 magistrandi
847 3037 910 3080 non
931 3015 1039 3079 ferant
1058 3014 1312 3096 recognitionem
1335 3016 1532 3100 amagistris

108 3135 150 3176 ex
173 3109 324 3176 concluso
348 3112 474 3176 consilii
494 3114 555 3178 sub
576 3113 735 3179 decanatu
757 3113 898 3178 Simonis
919 3113 1127 3199 Eyssenman
1148 3115 1289 3186 (151812).

190 3227 462 3294 Anniversarium
482 3229 646 3296 facultatis
669 3241 743 3316 post
770 3229 910 3296 Laetare
942 3225 1171 3294 celebrandum
1199 3225 1260 3292 sub
1287 3227 1449 3292 decanatu
1481 3229 1529 3293 Si-

110 3329 216 3393 monis
238 3325 474 3414 Eyssenmann.

190 3443 257 3509 Pro
272 3445 407 3528 signetis
430 3454 504 3509 ante
525 3445 622 3510 finem
643 3445 802 3511 examinis
825 3445 975 3510 satisfieri
998 3443 1103 3508 debet.
1133 3441 1217 3507 Vide
1239 3464 1280 3506 ex
1302 3441 1452 3508 concluso
1475 3442 1576 3508 sub25

109 3543 271 3610 decanatu
292 3544 441 3629 magistri
463 3542 617 3630 Gregorii
638 3544 757 3610 Konitz
783 3547 900 3625 (150512
922 3567 950 3608 a.
977 3546 1087 3625 15191’,
1116 3545 1361 3604 watrscteinlict
1384 3545 1422 3602 ist
1443 3554 1532 3604 erste-

108 3669 158 3706 rer
178 3647 262 3706 Jolr
280 3647 429 3723 yemciat).
470 3642 515 3708 Et
546 3646 573 3709 si
604 3645 675 3732 quis
705 3645 849 3731 cuipiam
887 3641 1063 3708 crediderit
1090 3653 1121 3706 et
1147 3640 1253 3706 dalem
1276 3641 1314 3724 (l)
1338 3641 1535 3707 solucionem

108 3765 173 3810 non
196 3744 368 3828 acceperit,
390 3740 515 3808 solvere
536 3747 608 3831 ipse
630 3753 765 3808 tenetur.

196 3857 358 3926 Conclusa
380 3858 420 3924 de
442 3859 720 3947 disputacionibus
744 3857 913 3924 dominicis
934 3871 966 3924 et
987 3857 1082 3924 modo
1102 3857 1262 3922 servando
1285 3858 1319 3920 in
1332 3857 1537 3922 examinibus

108 3959 186 4026 vide
209 3958 270 4023 sub
292 3957 451 4026 decanatu
471 3961 620 4046 magistri
640 3959 711 4023 Biei
732 3962 874 4038 (¹5222).
1545 3965 1580 4022 30

112 4757 137 4806 s.
156 4745 252 4806 trans
270 4755 331 4805 orn
354 4753 515 4804 secusne.
538 4753 610 4804 orn
635 4751 809 4802 sraasnrn
831 4747 1039 4800 subacrior
1063 4749 1134 4800 nna
1159 4749 1348 4800 srarursn
1373 4749 1442 4800 aus
1466 4747 1537 4798 nan

168 4836 310 4889 taurea
330 4837 417 4902 raalio
435 4837 506 4888 uno
526 4837 600 4898 tora,
623 4836 694 4887 nar)
713 4827 807 4888 tenu
825 4835 885 4882 nm
904 4831 1094 4882 srnrursn
1114 4824 1180 4883 rita
1198 4833 1259 4884 nra
1278 4831 1484 4894 laceramur

443 4920 511 4971 nas
528 4919 738 4970 continetur
759 4919 881 4968 novun
903 4915 979 4966 von
997 4916 1114 4966 ranan
1131 4917 1227 4980 tertre.

214 5073 367 5134 Watread
381 5091 438 5130 aas
460 5073 503 5130 bis
516 5073 615 5131 lricller
636 5071 666 5127 in
689 5066 1081 5128 ananterbroclrencrlieibe
1104 5068 1150 5126 die
1172 5069 1371 5126 sdrrnrtliclren
1384 5067 1535 5124 Stataten-

117 5173 312 5233 redactioaaa
332 5174 387 5230 der
411 5171 676 5245 Artisteafacaltc't't
704 5170 838 5228 erdaltca
865 5168 942 5238 sind,
962 5166 1069 5240 selden
1090 5167 1193 5246 leidar,
1230 5187 1293 5226 was
1314 5167 1577 5240 suffultam-35

189 5285 413 5322 srarurrrnooa
430 5285 488 5320 nra
505 5283 577 5319 nstv.
594 5282 714 5321 samaro.
1322 5268 1361 5330 33
