3762 6074
339 511 400 574 470
831 505 881 556 Dis
899 503 1119 568 pbilosophiacha
1136 503 1264 555 Facultit.

338 691 443 756 victus
462 688 515 754 vel
536 688 712 769 consessus,
733 687 784 752 vel
807 691 865 774 per
888 694 1116 754 conventorum
1136 695 1273 774 propter
1294 685 1380 750 hunc
1394 683 1447 748 vel
1469 681 1646 772 quemlibet
1668 680 1756 748 alium

339 810 508 854 excessum
528 787 569 852 de
591 786 691 851 bursa
712 808 772 850 sua
795 785 949 872 expulsus
970 786 1082 868 fixerit,
1110 783 1163 849 vel
1183 787 1217 849 in
1238 781 1417 872 prostibulo
1439 781 1492 846 vel
1514 791 1609 846 extra
1636 779 1756 869 publice

339 910 373 952 se
394 889 606 974 percusserit,
632 885 685 950 vel
706 885 752 950 ibi
773 885 961 950 vulneratus
983 907 1025 950 ex
1050 883 1149 970 culpa
1176 905 1236 950 sua
1262 883 1360 948 fuerit
1380 891 1496 969 captus
1516 880 1569 946 vel
1590 880 1756 968 depreben-

338 1010 402 1070 sus,
423 987 476 1052 vel
497 987 553 1073 qui
573 983 616 1052 ad
638 984 771 1050 taxillos
798 987 832 1050 in
852 984 997 1050 tabernis
1021 982 1150 1070 publice
1177 981 1306 1064 luserit,
1335 980 1388 1046 vel
1409 979 1621 1046 hastiludium
1642 982 1676 1045 in
1696 981 1757 1045 foro

296 1096 313 1151 5
339 1085 469 1174 publice
497 1085 688 1167 exercuerit,
716 1083 768 1148 vel
797 1085 852 1168 qni
878 1082 989 1148 verbis
1017 1082 1181 1148 iniuriosis
1211 1080 1351 1170 aliquem
1378 1082 1611 1166 magistrorum
1639 1078 1760 1166 publica

339 1186 481 1268 laeserit,
501 1183 554 1249 vel
573 1185 681 1270 ipsum
703 1183 858 1248 iniuriose
879 1183 1087 1268 percusserit,
1109 1180 1161 1246 vel
1180 1181 1300 1246 furtum
1323 1180 1375 1246 vel
1396 1179 1477 1246 alios
1500 1202 1665 1262 excessere,
1687 1201 1760 1266 quos

339 1285 509 1351 comitatur
540 1283 674 1348 miamin
703 1280 755 1345 vel
789 1280 995 1363 scandalum,
1024 1281 1222 1346 commiserit
1247 1278 1300 1343 vel
1331 1280 1578 1366 perpetraverit
1622 1278 1761 1360 Quorum

339 1381 444 1448 nullus
465 1383 576 1464 eciam,
604 1383 631 1446 si
654 1381 695 1446 de
717 1379 825 1467 aliquo
851 1379 1091 1466 praedictorum
1114 1401 1305 1446 excessuum
1327 1389 1498 1466 suspectus
1521 1378 1573 1444 vel
1593 1379 1761 1442 infamatus

338 1483 450 1564 fuerit,
476 1483 539 1546 nisi
560 1480 601 1546 de
623 1479 681 1544 tali
709 1503 768 1566 per
790 1503 883 1544 suum
902 1481 1118 1544 iuramentum
1141 1481 1191 1546 se¹
1214 1480 1464 1565 expurgaverit,
1490 1477 1534 1544 ad
1557 1499 1695 1542 examen
1715 1475 1762 1540 vel

298 1592 330 1648 10
339 1591 546 1668 temptamen,
568 1582 616 1644 uti
638 1581 854 1667 praemissum
873 1589 931 1660 est,
953 1577 1062 1666 aliquo
1084 1577 1180 1644 modo
1203 1577 1403 1642 admittatur.

651 1804 701 1864 21¹.
725 1815 771 1860 ne
795 1815 928 1862 naemu
951 1814 1218 1864 surrosmoann
1239 1815 1275 1862 nv
1295 1814 1453 1862 memus.

420 1965 534 2032 Nullus
563 1962 802 2052 promovendus
823 1965 857 2028 in
879 1963 1013 2046 artibus,
1043 1966 1114 2030 aive
1143 1965 1186 2029 sit
1207 1962 1412 2028 beccalsrius
1439 1965 1509 2028 sive
1539 1962 1683 2049 simplex
1704 1973 1762 2027 stu-

337 2065 426 2149 dens,
454 2088 527 2130 cum
556 2063 706 2129 rostratis
732 2061 860 2144 calceis,
889 2061 1027 2128 collariis
1058 2063 1243 2130 cancellatis
1273 2062 1442 2128 inhoneste
1473 2061 1620 2144 incedat,
1649 2065 1762 2130 necin

335 2163 486 2230 tunicella
505 2162 558 2228 vel
584 2162 701 2250 palleo,
727 2164 782 2248 qui
804 2185 868 2228 non
889 2162 1098 2248 progreditur
1119 2164 1204 2230 ultre
1225 2185 1341 2250 genua,
1369 2173 1425 2228 aut
1446 2161 1528 2226 alias
1550 2173 1660 2230 vestes
1680 2163 1762 2232 inde

296 2273 447 2329 licentes
470 2263 610 2343 deferat,
642 2258 727 2348 [22²]
748 2283 853 2348 neque
881 2273 988 2348 portet
1009 2262 1133 2347 caligas
1154 2275 1210 2328 aut
1231 2263 1375 2328 manicas
1396 2260 1543 2347 depictas
1565 2259 1619 2326 vel
1646 2262 1762 2329 florisa·

336 2375 396 2446 tas,
424 2362 571 2426 Biretum
599 2356 769 2446 [fuscum]²
791 2361 905 2441 eciam,
932 2361 1019 2447 quod
1048 2362 1243 2448 insignium³
1270 2371 1319 2426 est
1346 2361 1546 2448 magistrale,
1575 2363 1610 2424 in
1638 2361 1761 2449 publico

334 2483 538 2549 nequaquam
559 2469 675 2546 portet.
720 2458 755 2523 Si
777 2461 849 2546 quis
870 2471 978 2526 autem
1000 2463 1196 2526 contrarium
1217 2462 1333 2528 fecerit
1360 2471 1416 2526 aut
1442 2461 1550 2525 facere
1577 2483 1760 2548 praesnmp

336 2564 429 2640 serit,
460 2559 627 2624 inhoneste
648 2557 827 2622 incedendo
850 2569 882 2622 et
909 2558 1076 2644 prohibita
1104 2559 1289 2642 deferendo,
1317 2559 1414 2625 talem
1436 2557 1574 2646 quilibet
1595 2561 1761 2646 magistro·

335 2683 408 2724 rum
428 2681 465 2723 eo
488 2669 642 2742 tempore,
666 2679 729 2744 quo
752 2657 891 2742 aliquem
914 2658 1053 2742 gradum
1073 2671 1184 2744 petere
1206 2671 1261 2724 aut
1283 2681 1447 2725 assumere
1469 2659 1624 2741 voluerit,
1648 2659 1761 2724 denun-

292 2761 424 2824 20ciare
446 2767 501 2822 eut
522 2755 680 2842 impedire
703 2767 810 2843 potest
831 2767 862 2820 et
884 2767 1025 2838 tenetur3
1048 2768 1080 2821 et
1101 2761 1164 2824 nisi
1184 2783 1219 2823 se
1232 2757 1463 2841 emendaverit,
1484 2759 1532 2824 ita
1548 2759 1637 2846 quod
1650 2762 1762 2824 vestitu
1817 2807 1821 2816 .

335 2858 462 2923 decenti
491 2856 637 2936 incedat,
669 2857 738 2920 vita
771 2865 802 2918 et
833 2855 977 2920 moribus
1010 2859 1131 2922 existat
1162 2857 1447 2940 commendandus,
1480 2857 1524 2921 ad
1556 2881 1698 2924 examen
1715 2858 1761 2923 vel

335 2965 532 3043 temptamen
550 2977 608 3020 suo
629 2964 775 3042 tempore
796 2977 861 3019 non
881 2953 1080 3022 admittatur.
1492 2951 1494 2958 ’

627 3177 675 3238 22.
697 3190 744 3237 DE
767 3191 914 3239 snsucln
935 3192 1252 3242 PROMOVENDORUM
1270 3193 1307 3240 m
1327 3178 1472 3243 nussls!

416 3339 530 3406 Nullus
552 3339 792 3426 promovendus
813 3342 847 3405 in
868 3340 994 3406 artibus
1022 3341 1065 3406 ad
1096 3365 1235 3408 examen
1255 3341 1307 3408 vel
1336 3353 1537 3431 temptamen
1565 3343 1761 3425 admittatsu,

291 3443 396 3508 25nisi
417 3443 452 3506 in
473 3438 619 3524 collegiis
641 3447 697 3502 aut
722 3437 830 3504 bursis
859 3463 879 3504 a
904 3441 1060 3506 factdtete
1089 3440 1283 3529 approbatis
1310 3443 1461 3508 continue
1488 3446 1631 3526 steterit,
1659 3444 1762 3530 ibique

332 3544 366 3608 in
395 3539 574 3606 scolasticis
602 3537 728 3602 actibus
753 3537 965 3622 latinizando,
993 3541 1171 3626 arguendo,
1200 3541 1398 3628 disputando
1420 3551 1454 3608 et
1474 3543 1672 3630 opponendo
1696 3541 1760 3608 dili·

332 3640 466 3727 genciua
494 3639 528 3702 in
551 3636 665 3703 ordine
694 3660 752 3702 suo
774 3640 1022 3721 exercitaverit,
1050 3651 1221 3726 ceteraque
1250 3639 1380 3727 collegii
1403 3651 1459 3706 aut
1486 3642 1608 3709 bursae
1634 3645 1707 3710 iura
1729 3652 1761 3708 ut

331 3761 429 3802 verns
456 3736 631 3824 inquilinus
659 3759 776 3822 perse
805 3742 959 3820 tenuerit;
989 3741 1053 3804 nisi
1083 3739 1169 3806 filius
1197 3741 1340 3806 civitatis
1367 3743 1466 3808 fuerit
1493 3743 1546 3808 vel
1575 3743 1659 3810 alias
1684 3741 1760 3808 adeo

332 3835 526 3903 habundans
546 3834 599 3899 vel
620 3835 783 3916 notabilis,
806 3837 894 3924 qnod
917 3837 1048 3904 domum
1068 3840 1237 3926 propriam
1253 3851 1364 3905 tenere
1378 3852 1409 3906 et
1428 3864 1591 3929 expensus
1613 3845 1759 3930 proprias

290 3947 398 4003 30una
428 3957 501 4000 cum
531 3935 687 4019 magistro
717 3935 769 3998 vel
801 3936 1012 4002 informatore
1041 3941 1177 4024 poterit⁵
1205 3938 1325 4004 habere
1357 3943 1471 4027 gratis,
1504 3941 1545 4007 de
1576 3965 1641 4030 quo
1670 3942 1760 4008 fidem

331 4033 477 4100 facultati
507 4033 567 4098 sub
596 4057 652 4098 suo
681 4035 859 4099 iuramento
890 4059 948 4122 per
978 4037 1060 4103 duos
1088 4040 1177 4104 viros
1206 4039 1358 4122 idoneos,
1389 4041 1507 4129 quibus
1536 4041 1598 4108 hoc
1629 4051 1759 4122 sonent,

331 4135 401 4200 sive
429 4131 575 4219 perulis
603 4132 763 4218 legittima
790 4134 986 4200 documenta
1012 4137 1121 4202 facere
1147 4147 1305 4204 teneatur.
1345 4139 1390 4206 Et
1417 4150 1453 4206 ut
1481 4153 1634 4208 conatus
1661 4145 1759 4232 possit

331 4233 373 4298 de
401 4233 527 4296 stancia
553 4242 585 4296 et
612 4233 739 4298 iuribus
765 4232 952 4299 bursalibus
976 4235 1174 4319 observatis,
1204 4237 1301 4304 debet
1329 4249 1475 4328 tempore
1505 4241 1758 4329 dispensacionis

331 4332 470 4419 desuper
492 4331 647 4398 exhibere
667 4333 924 4419 recognitionem
948 4336 998 4399 sui
1025 4339 1232 4403 conventuris
1253 4338 1306 4403 vel
1330 4349 1572 4424 conventorum,
1600 4365 1675 4408 cum
1701 4365 1757 4430 quo

289 4431 383 4502 35vel
406 4431 522 4520 quibus
544 4432 681 4496 steterit.

415 4693 610 4851 iiioebishriiist
627 4779 695 4834 iiber
711 4779 760 4834 der
777 4781 852 4836 Zeila
870 4781 1085 4854 nacbgetregen.

414 4871 430 4922 ³
450 4864 515 4936 Vgl.
535 4869 621 4920 unten
639 4863 716 4932 XIV,
737 4869 776 4932 17,
794 4865 835 4919 Bl
853 4867 911 4922 25⁵.

413 4954 429 5004 t
447 4949 502 5003 Am
519 4949 630 5004 Raude:
655 4948 713 5002 Hic
729 4947 835 5019 legatie·
851 4953 996 5006 aecumst
1013 4959 1039 5006 et
1055 4953 1308 5010 braimensem
1327 4957 1357 5012 irs
1375 4975 1449 5013 nova
1468 4961 1657 5018 ordinacione

414 5037 429 5087 5
447 5032 516 5088 Hier
531 5034 569 5089 iat
585 5034 630 5090 ein
648 5031 714 5088 Sata
732 5033 912 5104 ausgefalien,
928 5035 985 5106 vgl.
1002 5043 1089 5092 untsn
1108 5055 1144 5092 an
1161 5038 1240 5109 XIV,
1260 5046 1283 5096 7.
