<?xml version="1.0" encoding="UTF-8"?>
<!DOCTYPE html PUBLIC "-//W3C//DTD XHTML 1.0 Transitional//EN"
    "http://www.w3.org/TR/xhtml1/DTD/xhtml1-transitional.dtd">
<html xmlns="http://www.w3.org/1999/xhtml" xml:lang="en" lang="en">
 <head>
  <title>
</title>
<meta http-equiv="Content-Type" content="text/html;charset=utf-8" />
  <meta name='ocr-system' content='tesseract 3.04.00' />
  <meta name='ocr-capabilities' content='ocr_page ocr_carea ocr_par ocr_line ocrx_word'/>
</head>
<body>
  <div class='ocr_page' id='page_1' title='image "./diestatutenbche00leipgoog_0632.png"; bbox 0 0 3788 6078; ppageno 0'>
   <div class='ocr_carea' id='block_1_1' title="bbox 649 497 1594 566">
    <p class='ocr_par' dir='ltr' id='par_1_1' title="bbox 649 497 1594 566">
     <span class='ocr_line' id='line_1_1' title="bbox 649 497 1594 566; baseline 0.011 -18"><span class='ocrx_word' id='word_1_1' title='bbox 649 497 698 548; x_wconf 81' lang='lat' dir='ltr'>Die</span> <span class='ocrx_word' id='word_1_2' title='bbox 716 497 832 548; x_wconf 81' lang='lat' dir='ltr'>Statnten</span> <span class='ocrx_word' id='word_1_3' title='bbox 851 511 912 548; x_wconf 81' lang='lat' dir='ltr'>rom</span> <span class='ocrx_word' id='word_1_4' title='bbox 931 497 1013 550; x_wconf 75' lang='lat' dir='ltr'>dabre</span> <span class='ocrx_word' id='word_1_5' title='bbox 1032 497 1104 550; x_wconf 76' lang='grc'><strong>1543.</strong></span> <span class='ocrx_word' id='word_1_6' title='bbox 1534 499 1594 566; x_wconf 82' lang='grc'>613</span> 
     </span>
    </p>
   </div>
   <div class='ocr_carea' id='block_1_2' title="bbox 161 678 1638 2255">
    <p class='ocr_par' dir='ltr' id='par_1_2' title="bbox 161 678 1638 2255">
     <span class='ocr_line' id='line_1_2' title="bbox 167 678 1594 768; baseline -0.001 -22"><span class='ocrx_word' id='word_1_7' title='bbox 167 687 318 746; x_wconf 85' lang='lat' dir='ltr'>moveant</span> <span class='ocrx_word' id='word_1_8' title='bbox 340 688 373 746; x_wconf 89' lang='lat' dir='ltr'>et</span> <span class='ocrx_word' id='word_1_9' title='bbox 393 679 640 746; x_wconf 89' lang='lat' dir='ltr'>emolumenturn</span> <span class='ocrx_word' id='word_1_10' title='bbox 663 679 1015 746; x_wconf 88' lang='lat' dir='ltr'>baccalaureandorum</span> <span class='ocrx_word' id='word_1_11' title='bbox 1037 680 1112 746; x_wconf 91' lang='lat' dir='ltr'>inde</span> <span class='ocrx_word' id='word_1_12' title='bbox 1134 680 1303 768; x_wconf 76' lang='lat' dir='ltr'><strong>recipiant,</strong></span> <span class='ocrx_word' id='word_1_13' title='bbox 1327 679 1478 746; x_wconf 89' lang='lat' dir='ltr'>videlieet</span> <span class='ocrx_word' id='word_1_14' title='bbox 1498 678 1594 768; x_wconf 88' lang='lat' dir='ltr'>quod,</span> 
     </span>
     <span class='ocr_line' id='line_1_3' title="bbox 167 778 1595 867; baseline 0.001 -24"><span class='ocrx_word' id='word_1_15' title='bbox 167 780 195 844; x_wconf 90' lang='lat' dir='ltr'>si</span> <span class='ocrx_word' id='word_1_16' title='bbox 221 803 302 846; x_wconf 88' lang='lat' dir='ltr'>unus</span> <span class='ocrx_word' id='word_1_17' title='bbox 325 789 449 846; x_wconf 86' lang='lat' dir='ltr'>tantum</span> <span class='ocrx_word' id='word_1_18' title='bbox 479 803 537 866; x_wconf 91' lang='lat' dir='ltr'>pro</span> <span class='ocrx_word' id='word_1_19' title='bbox 565 778 672 866; x_wconf 89' lang='lat' dir='ltr'>aliquo</span> <span class='ocrx_word' id='word_1_20' title='bbox 700 791 844 867; x_wconf 92' lang='lat' dir='ltr'>tempore</span> <span class='ocrx_word' id='word_1_21' title='bbox 873 782 956 847; x_wconf 90' lang='lat' dir='ltr'>foret</span> <span class='ocrx_word' id='word_1_22' title='bbox 983 779 1291 862; x_wconf 87' lang='lat' dir='ltr'>baccalaureandus,</span> <span class='ocrx_word' id='word_1_23' title='bbox 1320 791 1395 846; x_wconf 88' lang='lat' dir='ltr'>tunc</span> <span class='ocrx_word' id='word_1_24' title='bbox 1424 782 1492 845; x_wconf 92' lang='lat' dir='ltr'>eius</span> <span class='ocrx_word' id='word_1_25' title='bbox 1521 801 1595 866; x_wconf 93' lang='lat' dir='ltr'>pro·</span> 
     </span>
     <span class='ocr_line' id='line_1_4' title="bbox 165 877 1597 976; baseline -0.001 -32"><span class='ocrx_word' id='word_1_26' title='bbox 165 889 295 976; x_wconf 86' lang='lat' dir='ltr'>motor,¹</span> <span class='ocrx_word' id='word_1_27' title='bbox 309 881 336 944; x_wconf 91' lang='lat' dir='ltr'>si</span> <span class='ocrx_word' id='word_1_28' title='bbox 363 880 455 968; x_wconf 87' lang='lat' dir='ltr'>prius</span> <span class='ocrx_word' id='word_1_29' title='bbox 483 877 570 944; x_wconf 93' lang='lat' dir='ltr'>nullo</span> <span class='ocrx_word' id='word_1_30' title='bbox 593 879 804 946; x_wconf 89' lang='lat' dir='ltr'>emolumento</span> <span class='ocrx_word' id='word_1_31' title='bbox 828 881 1055 968; x_wconf 73' lang='lat' dir='ltr'>participavit,</span> <span class='ocrx_word' id='word_1_32' title='bbox 1082 883 1115 944; x_wconf 91' lang='lat' dir='ltr'>in</span> <span class='ocrx_word' id='word_1_33' title='bbox 1138 903 1195 945; x_wconf 89' lang='lat' dir='ltr'>suo</span> <span class='ocrx_word' id='word_1_34' title='bbox 1217 879 1330 945; x_wconf 85' lang='lat' dir='ltr'>ordine</span> <span class='ocrx_word' id='word_1_35' title='bbox 1353 891 1454 945; x_wconf 89' lang='lat' dir='ltr'>totam</span> <span class='ocrx_word' id='word_1_36' title='bbox 1475 879 1597 944; x_wconf 88' lang='lat' dir='ltr'>babeat</span> 
     </span>
     <span class='ocr_line' id='line_1_5' title="bbox 167 977 1595 1067; baseline 0.002 -26"><span class='ocrx_word' id='word_1_37' title='bbox 167 980 354 1064; x_wconf 88' lang='lat' dir='ltr'>pecuniam,</span> <span class='ocrx_word' id='word_1_38' title='bbox 384 979 476 1044; x_wconf 85' lang='lat' dir='ltr'>iuxta</span> <span class='ocrx_word' id='word_1_39' title='bbox 508 987 663 1044; x_wconf 87' lang='lat' dir='ltr'>statutum</span> <span class='ocrx_word' id='word_1_40' title='bbox 695 977 834 1067; x_wconf 77' lang='lat' dir='ltr'><strong>desuper</strong></span> <span class='ocrx_word' id='word_1_41' title='bbox 864 981 1042 1045; x_wconf 90' lang='lat' dir='ltr'>confectum</span> <span class='ocrx_word' id='word_1_42' title='bbox 1073 979 1156 1045; x_wconf 86' lang='lat' dir='ltr'>solvi</span> <span class='ocrx_word' id='word_1_43' title='bbox 1187 987 1388 1061; x_wconf 70' lang='lat' dir='ltr'>consuetam,</span> <span class='ocrx_word' id='word_1_44' title='bbox 1419 981 1446 1044; x_wconf 91' lang='lat' dir='ltr'>si</span> <span class='ocrx_word' id='word_1_45' title='bbox 1475 977 1595 1066; x_wconf 84' lang='lat' dir='ltr'>plures,</span> 
     </span>
     <span class='ocr_line' id='line_1_6' title="bbox 165 1075 1636 1166; baseline -0.001 -24"><span class='ocrx_word' id='word_1_46' title='bbox 165 1085 242 1142; x_wconf 89' lang='lat' dir='ltr'>tunc</span> <span class='ocrx_word' id='word_1_47' title='bbox 258 1100 330 1142; x_wconf 92' lang='lat' dir='ltr'>cum</span> <span class='ocrx_word' id='word_1_48' title='bbox 352 1075 424 1144; x_wconf 83' lang='lat' dir='ltr'>aliia</span> <span class='ocrx_word' id='word_1_49' title='bbox 446 1077 631 1144; x_wconf 88' lang='lat' dir='ltr'>doctoribus</span> <span class='ocrx_word' id='word_1_50' title='bbox 651 1077 826 1143; x_wconf 91' lang='lat' dir='ltr'>inmediate</span> <span class='ocrx_word' id='word_1_51' title='bbox 846 1077 1053 1166; x_wconf 89' lang='lat' dir='ltr'>sequentibus</span> <span class='ocrx_word' id='word_1_52' title='bbox 1073 1078 1322 1144; x_wconf 91' lang='lat' dir='ltr'>emolumentum</span> <span class='ocrx_word' id='word_1_53' title='bbox 1344 1101 1385 1143; x_wconf 87' lang='lat' dir='ltr'>ex</span> <span class='ocrx_word' id='word_1_54' title='bbox 1405 1077 1589 1144; x_wconf 85' lang='lat' dir='ltr'>huiusmodi</span> <span class='ocrx_word' id='word_1_55' title='bbox 1621 1085 1636 1140; x_wconf 82' lang='lat'><strong>5</strong></span> 
     </span>
     <span class='ocr_line' id='line_1_7' title="bbox 167 1175 1593 1265; baseline 0.001 -25"><span class='ocrx_word' id='word_1_56' title='bbox 167 1178 370 1264; x_wconf 83' lang='lat' dir='ltr'>promotione</span> <span class='ocrx_word' id='word_1_57' title='bbox 393 1179 586 1265; x_wconf 75' lang='lat' dir='ltr'>proveniens</span> <span class='ocrx_word' id='word_1_58' title='bbox 609 1175 929 1264; x_wconf 90' lang='lat' dir='ltr'>proportionabiliter</span> <span class='ocrx_word' id='word_1_59' title='bbox 953 1177 1077 1243; x_wconf 90' lang='lat' dir='ltr'>dividat</span> <span class='ocrx_word' id='word_1_60' title='bbox 1098 1189 1130 1243; x_wconf 88' lang='lat' dir='ltr'>et</span> <span class='ocrx_word' id='word_1_61' title='bbox 1152 1176 1340 1259; x_wconf 89' lang='lat' dir='ltr'>distribuat,</span> <span class='ocrx_word' id='word_1_62' title='bbox 1369 1188 1401 1243; x_wconf 90' lang='lat' dir='ltr'>et</span> <span class='ocrx_word' id='word_1_63' title='bbox 1421 1178 1593 1264; x_wconf 86' lang='lat' dir='ltr'>unicuique</span> 
     </span>
     <span class='ocr_line' id='line_1_8' title="bbox 165 1274 1592 1365; baseline -0.001 -25"><span class='ocrx_word' id='word_1_64' title='bbox 165 1274 336 1341; x_wconf 89' lang='lat' dir='ltr'>doctorum</span> <span class='ocrx_word' id='word_1_65' title='bbox 359 1279 456 1343; x_wconf 92' lang='lat' dir='ltr'>etiam</span> <span class='ocrx_word' id='word_1_66' title='bbox 477 1278 636 1363; x_wconf 82' lang='lat' dir='ltr'>integram</span> <span class='ocrx_word' id='word_1_67' title='bbox 660 1277 840 1364; x_wconf 86' lang='lat' dir='ltr'>portionem</span> <span class='ocrx_word' id='word_1_68' title='bbox 861 1276 998 1342; x_wconf 90' lang='lat' dir='ltr'>alicuius</span> <span class='ocrx_word' id='word_1_69' title='bbox 1019 1279 1158 1364; x_wconf 89' lang='lat' dir='ltr'>promoti</span> <span class='ocrx_word' id='word_1_70' title='bbox 1181 1277 1354 1361; x_wconf 85' lang='lat' dir='ltr'>offerendo,</span> <span class='ocrx_word' id='word_1_71' title='bbox 1380 1299 1440 1365; x_wconf 91' lang='lat' dir='ltr'>pro</span> <span class='ocrx_word' id='word_1_72' title='bbox 1465 1299 1500 1340; x_wconf 91' lang='lat' dir='ltr'>se</span> <span class='ocrx_word' id='word_1_73' title='bbox 1521 1298 1592 1363; x_wconf 90' lang='lat' dir='ltr'>par-</span> 
     </span>
     <span class='ocr_line' id='line_1_9' title="bbox 165 1375 1597 1465; baseline 0.001 -27"><span class='ocrx_word' id='word_1_74' title='bbox 165 1385 229 1438; x_wconf 90' lang='lat' dir='ltr'>tem</span> <span class='ocrx_word' id='word_1_75' title='bbox 262 1377 356 1440; x_wconf 91' lang='lat' dir='ltr'>unius</span> <span class='ocrx_word' id='word_1_76' title='bbox 387 1375 593 1442; x_wconf 89' lang='lat' dir='ltr'>baccalaurei</span> <span class='ocrx_word' id='word_1_77' title='bbox 624 1377 761 1462; x_wconf 90' lang='lat' dir='ltr'>promoti</span> <span class='ocrx_word' id='word_1_78' title='bbox 792 1375 963 1441; x_wconf 75' lang='lat' dir='ltr'><strong>dumtaxat</strong></span> <span class='ocrx_word' id='word_1_79' title='bbox 990 1377 1169 1458; x_wconf 90' lang='lat' dir='ltr'>retinendo,</span> <span class='ocrx_word' id='word_1_80' title='bbox 1198 1375 1389 1465; x_wconf 89' lang='lat' dir='ltr'>doctorque,</span> <span class='ocrx_word' id='word_1_81' title='bbox 1419 1377 1455 1441; x_wconf 91' lang='lat' dir='ltr'>in</span> <span class='ocrx_word' id='word_1_82' title='bbox 1482 1375 1597 1441; x_wconf 88' lang='lat' dir='ltr'>ordine</span> 
     </span>
     <span class='ocr_line' id='line_1_10' title="bbox 164 1473 1596 1563; baseline 0.001 -26"><span class='ocrx_word' id='word_1_83' title='bbox 164 1483 384 1561; x_wconf 85' lang='lat' dir='ltr'>promotorem</span> <span class='ocrx_word' id='word_1_84' title='bbox 411 1477 509 1541; x_wconf 88' lang='lat' dir='ltr'>istum</span> <span class='ocrx_word' id='word_1_85' title='bbox 536 1497 682 1562; x_wconf 90' lang='lat' dir='ltr'>sequens,</span> <span class='ocrx_word' id='word_1_86' title='bbox 711 1473 775 1540; x_wconf 88' lang='lat' dir='ltr'>alio</span> <span class='ocrx_word' id='word_1_87' title='bbox 804 1486 949 1563; x_wconf 90' lang='lat' dir='ltr'>tempore</span> <span class='ocrx_word' id='word_1_88' title='bbox 978 1475 1096 1541; x_wconf 90' lang='lat' dir='ltr'>babeat</span> <span class='ocrx_word' id='word_1_89' title='bbox 1121 1473 1352 1542; x_wconf 87' lang='lat' dir='ltr'>baccalaureos</span> <span class='ocrx_word' id='word_1_90' title='bbox 1382 1473 1596 1563; x_wconf 86' lang='lat' dir='ltr'>promovendi</span> 
     </span>
     <span class='ocr_line' id='line_1_11' title="bbox 164 1571 1638 1663; baseline 0.002 -27"><span class='ocrx_word' id='word_1_91' title='bbox 164 1571 360 1639; x_wconf 81' lang='lat' dir='ltr'>facultatem.</span> <span class='ocrx_word' id='word_1_92' title='bbox 403 1573 447 1640; x_wconf 82' lang='lat' dir='ltr'>Et</span> <span class='ocrx_word' id='word_1_93' title='bbox 467 1573 674 1640; x_wconf 88' lang='lat' dir='ltr'>nihilominus</span> <span class='ocrx_word' id='word_1_94' title='bbox 697 1575 731 1638; x_wconf 93' lang='lat' dir='ltr'>in</span> <span class='ocrx_word' id='word_1_95' title='bbox 752 1574 977 1658; x_wconf 91' lang='lat' dir='ltr'>emolumento,</span> <span class='ocrx_word' id='word_1_96' title='bbox 1005 1577 1096 1663; x_wconf 91' lang='lat' dir='ltr'>prius</span> <span class='ocrx_word' id='word_1_97' title='bbox 1120 1575 1197 1642; x_wconf 90' lang='lat' dir='ltr'>dum</span> <span class='ocrx_word' id='word_1_98' title='bbox 1224 1598 1287 1640; x_wconf 93' lang='lat' dir='ltr'>non</span> <span class='ocrx_word' id='word_1_99' title='bbox 1316 1576 1492 1662; x_wconf 90' lang='lat' dir='ltr'>promovit,</span> <span class='ocrx_word' id='word_1_100' title='bbox 1520 1596 1592 1661; x_wconf 91' lang='lat' dir='ltr'>per·</span> <span class='ocrx_word' id='word_1_101' title='bbox 1606 1583 1638 1639; x_wconf 84' lang='lat' dir='ltr'>lo</span> 
     </span>
     <span class='ocr_line' id='line_1_12' title="bbox 164 1671 1592 1762; baseline 0.001 -26"><span class='ocrx_word' id='word_1_102' title='bbox 164 1682 260 1759; x_wconf 88' lang='lat' dir='ltr'>cepto</span> <span class='ocrx_word' id='word_1_103' title='bbox 290 1671 385 1739; x_wconf 92' lang='lat' dir='ltr'>debet</span> <span class='ocrx_word' id='word_1_104' title='bbox 413 1697 484 1740; x_wconf 87' lang='lat' dir='ltr'>esse</span> <span class='ocrx_word' id='word_1_105' title='bbox 511 1683 687 1740; x_wconf 87' lang='lat' dir='ltr'>contentus.</span> <span class='ocrx_word' id='word_1_106' title='bbox 729 1673 775 1739; x_wconf 86' lang='lat' dir='ltr'>Et</span> <span class='ocrx_word' id='word_1_107' title='bbox 805 1675 951 1762; x_wconf 88' lang='lat' dir='ltr'>sequenti</span> <span class='ocrx_word' id='word_1_108' title='bbox 982 1674 1106 1740; x_wconf 86' lang='lat' dir='ltr'>doctori</span> <span class='ocrx_word' id='word_1_109' title='bbox 1136 1674 1187 1740; x_wconf 89' lang='lat' dir='ltr'>vel</span> <span class='ocrx_word' id='word_1_110' title='bbox 1218 1672 1415 1756; x_wconf 86' lang='lat' dir='ltr'>doctoribus,</span> <span class='ocrx_word' id='word_1_111' title='bbox 1445 1675 1500 1762; x_wconf 89' lang='lat' dir='ltr'>qui</span> <span class='ocrx_word' id='word_1_112' title='bbox 1527 1695 1592 1738; x_wconf 91' lang='lat' dir='ltr'>non</span> 
     </span>
     <span class='ocr_line' id='line_1_13' title="bbox 166 1772 1595 1862; baseline 0.001 -26"><span class='ocrx_word' id='word_1_113' title='bbox 166 1772 380 1861; x_wconf 79' lang='lat' dir='ltr'>participavit</span> <span class='ocrx_word' id='word_1_114' title='bbox 412 1772 464 1838; x_wconf 90' lang='lat' dir='ltr'>vel</span> <span class='ocrx_word' id='word_1_115' title='bbox 497 1774 794 1862; x_wconf 88' lang='lat' dir='ltr'>participaverunt,</span> <span class='ocrx_word' id='word_1_116' title='bbox 827 1773 1035 1839; x_wconf 80' lang='lat' dir='ltr'>obventiones</span> <span class='ocrx_word' id='word_1_117' title='bbox 1068 1773 1144 1839; x_wconf 89' lang='lat' dir='ltr'>inde</span> <span class='ocrx_word' id='word_1_118' title='bbox 1174 1781 1346 1862; x_wconf 87' lang='lat' dir='ltr'>perceptas</span> <span class='ocrx_word' id='word_1_119' title='bbox 1379 1772 1490 1856; x_wconf 89' lang='lat' dir='ltr'>modo,</span> <span class='ocrx_word' id='word_1_120' title='bbox 1532 1796 1595 1861; x_wconf 92' lang='lat' dir='ltr'>quo</span> 
     </span>
     <span class='ocr_line' id='line_1_14' title="bbox 165 1871 1594 1962; baseline 0.002 -27"><span class='ocrx_word' id='word_1_121' title='bbox 165 1894 267 1958; x_wconf 88' lang='lat' dir='ltr'>supra</span> <span class='ocrx_word' id='word_1_122' title='bbox 289 1871 479 1938; x_wconf 89' lang='lat' dir='ltr'>adnotatum</span> <span class='ocrx_word' id='word_1_123' title='bbox 502 1884 560 1956; x_wconf 86' lang='lat' dir='ltr'>est,</span> <span class='ocrx_word' id='word_1_124' title='bbox 582 1872 660 1938; x_wconf 89' lang='lat' dir='ltr'>dare</span> <span class='ocrx_word' id='word_1_125' title='bbox 684 1871 852 1941; x_wconf 88' lang='lat' dir='ltr'>tenebitur.</span> <span class='ocrx_word' id='word_1_126' title='bbox 895 1871 939 1938; x_wconf 85' lang='lat' dir='ltr'>Et</span> <span class='ocrx_word' id='word_1_127' title='bbox 961 1882 996 1937; x_wconf 90' lang='lat' dir='ltr'>ut</span> <span class='ocrx_word' id='word_1_128' title='bbox 1019 1871 1208 1960; x_wconf 89' lang='lat' dir='ltr'>praedictus</span> <span class='ocrx_word' id='word_1_129' title='bbox 1230 1873 1309 1940; x_wconf 89' lang='lat' dir='ltr'>ordo</span> <span class='ocrx_word' id='word_1_130' title='bbox 1331 1872 1499 1940; x_wconf 86' lang='lat' dir='ltr'>doctorum</span> <span class='ocrx_word' id='word_1_131' title='bbox 1520 1895 1594 1962; x_wconf 86' lang='lat' dir='ltr'>pro·</span> 
     </span>
     <span class='ocr_line' id='line_1_15' title="bbox 163 1971 1594 2060; baseline 0.002 -25"><span class='ocrx_word' id='word_1_132' title='bbox 163 1972 363 2038; x_wconf 89' lang='lat' dir='ltr'>moventium</span> <span class='ocrx_word' id='word_1_133' title='bbox 385 1983 416 2037; x_wconf 92' lang='lat' dir='ltr'>et</span> <span class='ocrx_word' id='word_1_134' title='bbox 436 1972 583 2054; x_wconf 87' lang='lat' dir='ltr'>aliorum,</span> <span class='ocrx_word' id='word_1_135' title='bbox 614 1973 669 2060; x_wconf 91' lang='lat' dir='ltr'>qui</span> <span class='ocrx_word' id='word_1_136' title='bbox 699 1972 949 2038; x_wconf 88' lang='lat' dir='ltr'>emolumentum</span> <span class='ocrx_word' id='word_1_137' title='bbox 979 1994 1021 2038; x_wconf 83' lang='lat' dir='ltr'>ex</span> <span class='ocrx_word' id='word_1_138' title='bbox 1050 1971 1107 2038; x_wconf 90' lang='lat' dir='ltr'>tali</span> <span class='ocrx_word' id='word_1_139' title='bbox 1137 1974 1338 2059; x_wconf 90' lang='lat' dir='ltr'>promotione</span> <span class='ocrx_word' id='word_1_140' title='bbox 1369 1984 1594 2060; x_wconf 89' lang='lat' dir='ltr'>perceperunt,</span> 
     </span>
     <span class='ocr_line' id='line_1_16' title="bbox 161 2069 1635 2160; baseline 0.001 -26"><span class='ocrx_word' id='word_1_141' title='bbox 161 2071 196 2135; x_wconf 92' lang='lat' dir='ltr'>in</span> <span class='ocrx_word' id='word_1_142' title='bbox 224 2073 345 2136; x_wconf 91' lang='lat' dir='ltr'>recenti</span> <span class='ocrx_word' id='word_1_143' title='bbox 366 2071 524 2138; x_wconf 90' lang='lat' dir='ltr'>habeatur</span> <span class='ocrx_word' id='word_1_144' title='bbox 545 2075 714 2154; x_wconf 88' lang='lat' dir='ltr'>memoria,</span> <span class='ocrx_word' id='word_1_145' title='bbox 748 2071 890 2138; x_wconf 89' lang='lat' dir='ltr'>decanus</span> <span class='ocrx_word' id='word_1_146' title='bbox 913 2070 1043 2137; x_wconf 89' lang='lat' dir='ltr'>eosdem</span> <span class='ocrx_word' id='word_1_147' title='bbox 1075 2071 1118 2136; x_wconf 87' lang='lat' dir='ltr'>ad</span> <span class='ocrx_word' id='word_1_148' title='bbox 1140 2069 1280 2160; x_wconf 90' lang='lat' dir='ltr'>aliquem</span> <span class='ocrx_word' id='word_1_149' title='bbox 1303 2083 1489 2139; x_wconf 88' lang='lat' dir='ltr'>sexternum</span> <span class='ocrx_word' id='word_1_150' title='bbox 1519 2081 1635 2137; x_wconf 83' lang='lat' dir='ltr'>con-15</span> 
     </span>
     <span class='ocr_line' id='line_1_17' title="bbox 163 2169 422 2255; baseline 0 -21"><span class='ocrx_word' id='word_1_151' title='bbox 163 2171 295 2255; x_wconf 86' lang='lat' dir='ltr'>signare</span> <span class='ocrx_word' id='word_1_152' title='bbox 317 2169 422 2236; x_wconf 90' lang='lat' dir='ltr'>debet.</span> 
     </span>
    </p>
   </div>
   <div class='ocr_carea' id='block_1_3' title="bbox 611 2321 1161 2508">
    <p class='ocr_par' dir='ltr' id='par_1_3' title="bbox 611 2321 1161 2508">
     <span class='ocr_line' id='line_1_18' title="bbox 717 2321 1039 2371; baseline 0 -1"><span class='ocrx_word' id='word_1_153' title='bbox 717 2323 764 2370; x_wconf 84' lang='lat' dir='ltr'>DE</span> <span class='ocrx_word' id='word_1_154' title='bbox 786 2321 1039 2371; x_wconf 77' lang='lat' dir='ltr'>LICENTlANDIS·</span> 
     </span>
     <span class='ocr_line' id='line_1_19' title="bbox 611 2435 1161 2508; baseline 0.007 -18"><span class='ocrx_word' id='word_1_155' title='bbox 611 2440 717 2504; x_wconf 82' lang='lat' dir='ltr'>Caput</span> <span class='ocrx_word' id='word_1_156' title='bbox 735 2443 844 2493; x_wconf 82' lang='lat' dir='ltr'>Xllll.</span> <span class='ocrx_word' id='word_1_157' title='bbox 863 2435 1161 2508; x_wconf 77' lang='lat' dir='ltr'>(vgt.s.sa21-2e.)</span> 
     </span>
    </p>
   </div>
   <div class='ocr_carea' id='block_1_4' title="bbox 153 2569 1634 5244">
    <p class='ocr_par' dir='ltr' id='par_1_4' title="bbox 160 2569 1634 2956">
     <span class='ocr_line' id='line_1_20' title="bbox 251 2569 1591 2639; baseline -0.002 0"><span class='ocrx_word' id='word_1_158' title='bbox 251 2580 276 2639; x_wconf 90' lang='lat'>1.</span> <span class='ocrx_word' id='word_1_159' title='bbox 297 2569 411 2636; x_wconf 87' lang='lat' dir='ltr'>Nullus</span> <span class='ocrx_word' id='word_1_160' title='bbox 438 2569 670 2637; x_wconf 78' lang='lat' dir='ltr'>baccalaureus</span> <span class='ocrx_word' id='word_1_161' title='bbox 700 2583 757 2637; x_wconf 89' lang='lat' dir='ltr'>aut</span> <span class='ocrx_word' id='word_1_162' title='bbox 784 2572 998 2638; x_wconf 88' lang='lat' dir='ltr'>licentiandus</span> <span class='ocrx_word' id='word_1_163' title='bbox 1029 2573 1063 2636; x_wconf 91' lang='lat' dir='ltr'>in</span> <span class='ocrx_word' id='word_1_164' title='bbox 1092 2573 1261 2638; x_wconf 79' lang='lat' dir='ltr'>medicinis</span> <span class='ocrx_word' id='word_1_165' title='bbox 1293 2571 1336 2637; x_wconf 90' lang='lat' dir='ltr'>ad</span> <span class='ocrx_word' id='word_1_166' title='bbox 1364 2571 1529 2638; x_wconf 84' lang='lat' dir='ltr'>licentiam</span> <span class='ocrx_word' id='word_1_167' title='bbox 1556 2571 1591 2636; x_wconf 90' lang='lat' dir='ltr'>in</span> 
     </span>
     <span class='ocr_line' id='line_1_21' title="bbox 162 2670 1634 2757; baseline -0.002 -20"><span class='ocrx_word' id='word_1_168' title='bbox 162 2671 278 2738; x_wconf 87' lang='lat' dir='ltr'>eadem</span> <span class='ocrx_word' id='word_1_169' title='bbox 302 2671 501 2754; x_wconf 88' lang='lat' dir='ltr'>admittatur,</span> <span class='ocrx_word' id='word_1_170' title='bbox 523 2670 587 2734; x_wconf 89' lang='lat' dir='ltr'>nisi</span> <span class='ocrx_word' id='word_1_171' title='bbox 609 2672 700 2757; x_wconf 89' lang='lat' dir='ltr'>prius</span> <span class='ocrx_word' id='word_1_172' title='bbox 723 2693 832 2736; x_wconf 90' lang='lat' dir='ltr'>coram</span> <span class='ocrx_word' id='word_1_173' title='bbox 854 2671 978 2737; x_wconf 90' lang='lat' dir='ltr'>decano</span> <span class='ocrx_word' id='word_1_174' title='bbox 1002 2681 1032 2736; x_wconf 91' lang='lat' dir='ltr'>et</span> <span class='ocrx_word' id='word_1_175' title='bbox 1055 2674 1286 2738; x_wconf 89' lang='lat' dir='ltr'>convocatione</span> <span class='ocrx_word' id='word_1_176' title='bbox 1307 2671 1405 2736; x_wconf 88' lang='lat' dir='ltr'>totius</span> <span class='ocrx_word' id='word_1_177' title='bbox 1426 2670 1634 2736; x_wconf 82' lang='lat' dir='ltr'>facultatis2⁰</span> 
     </span>
     <span class='ocr_line' id='line_1_22' title="bbox 160 2768 1591 2858; baseline -0.001 -22"><span class='ocrx_word' id='word_1_178' title='bbox 160 2771 335 2852; x_wconf 86' lang='lat' dir='ltr'>iuraverit,</span> <span class='ocrx_word' id='word_1_179' title='bbox 367 2793 402 2836; x_wconf 87' lang='lat' dir='ltr'>se</span> <span class='ocrx_word' id='word_1_180' title='bbox 423 2769 505 2834; x_wconf 91' lang='lat' dir='ltr'>velle</span> <span class='ocrx_word' id='word_1_181' title='bbox 534 2791 666 2834; x_wconf 86' lang='lat' dir='ltr'>servare</span> <span class='ocrx_word' id='word_1_182' title='bbox 695 2780 817 2835; x_wconf 88' lang='lat' dir='ltr'>statuta</span> <span class='ocrx_word' id='word_1_183' title='bbox 844 2771 1016 2854; x_wconf 83' lang='lat' dir='ltr'>facultatis,</span> <span class='ocrx_word' id='word_1_184' title='bbox 1045 2793 1128 2858; x_wconf 90' lang='lat' dir='ltr'>quae</span> <span class='ocrx_word' id='word_1_185' title='bbox 1157 2782 1231 2837; x_wconf 91' lang='lat' dir='ltr'>sunt</span> <span class='ocrx_word' id='word_1_186' title='bbox 1257 2789 1290 2837; x_wconf 86' lang='lat' dir='ltr'>et</span> <span class='ocrx_word' id='word_1_187' title='bbox 1311 2780 1405 2837; x_wconf 91' lang='lat' dir='ltr'>erunt</span> <span class='ocrx_word' id='word_1_188' title='bbox 1426 2793 1484 2858; x_wconf 92' lang='lat' dir='ltr'>pro</span> <span class='ocrx_word' id='word_1_189' title='bbox 1506 2768 1591 2836; x_wconf 86' lang='lat' dir='ltr'>bono</span> 
     </span>
     <span class='ocr_line' id='line_1_23' title="bbox 160 2867 828 2956; baseline -0.003 -20"><span class='ocrx_word' id='word_1_190' title='bbox 160 2869 327 2936; x_wconf 84' lang='lat' dir='ltr'>facultatis</span> <span class='ocrx_word' id='word_1_191' title='bbox 348 2879 379 2934; x_wconf 91' lang='lat' dir='ltr'>et</span> <span class='ocrx_word' id='word_1_192' title='bbox 400 2891 459 2956; x_wconf 91' lang='lat' dir='ltr'>per</span> <span class='ocrx_word' id='word_1_193' title='bbox 477 2867 613 2934; x_wconf 89' lang='lat' dir='ltr'>eandem</span> <span class='ocrx_word' id='word_1_194' title='bbox 636 2868 828 2956; x_wconf 87' lang='lat' dir='ltr'>approbata.</span> 
     </span>
    </p>

    <p class='ocr_par' dir='ltr' id='par_1_5' title="bbox 155 2966 1632 3851">
     <span class='ocr_line' id='line_1_24' title="bbox 246 2966 1590 3048; baseline 0 -14"><span class='ocrx_word' id='word_1_195' title='bbox 246 2974 273 3036; x_wconf 76' lang='lat'>⁶2.</span> <span class='ocrx_word' id='word_1_196' title='bbox 296 2968 479 3034; x_wconf 86' lang='lat' dir='ltr'>Medicinae</span> <span class='ocrx_word' id='word_1_197' title='bbox 500 2966 734 3034; x_wconf 86' lang='lat' dir='ltr'>baccalaureus</span> <span class='ocrx_word' id='word_1_198' title='bbox 757 2978 788 3032; x_wconf 90' lang='lat' dir='ltr'>et</span> <span class='ocrx_word' id='word_1_199' title='bbox 813 2969 1037 3048; x_wconf 89' lang='lat' dir='ltr'>licentiandus,</span> <span class='ocrx_word' id='word_1_200' title='bbox 1065 2970 1177 3034; x_wconf 88' lang='lat' dir='ltr'>volens</span> <span class='ocrx_word' id='word_1_201' title='bbox 1207 2969 1333 3035; x_wconf 89' lang='lat' dir='ltr'>admitti</span> <span class='ocrx_word' id='word_1_202' title='bbox 1361 2968 1404 3034; x_wconf 88' lang='lat' dir='ltr'>ad</span> <span class='ocrx_word' id='word_1_203' title='bbox 1427 2968 1590 3035; x_wconf 88' lang='lat' dir='ltr'>licentiam</span> 
     </span>
     <span class='ocr_line' id='line_1_25' title="bbox 158 3066 1589 3158; baseline 0.001 -25"><span class='ocrx_word' id='word_1_204' title='bbox 158 3071 194 3134; x_wconf 89' lang='lat' dir='ltr'>iu</span> <span class='ocrx_word' id='word_1_205' title='bbox 223 3068 347 3148; x_wconf 91' lang='lat' dir='ltr'>eadem,</span> <span class='ocrx_word' id='word_1_206' title='bbox 376 3079 502 3158; x_wconf 88' lang='lat' dir='ltr'>tenetur</span> <span class='ocrx_word' id='word_1_207' title='bbox 529 3066 572 3132; x_wconf 89' lang='lat' dir='ltr'>ad</span> <span class='ocrx_word' id='word_1_208' title='bbox 601 3069 706 3131; x_wconf 91' lang='lat' dir='ltr'>minus</span> <span class='ocrx_word' id='word_1_209' title='bbox 736 3078 810 3154; x_wconf 92' lang='lat' dir='ltr'>post</span> <span class='ocrx_word' id='word_1_210' title='bbox 838 3092 929 3133; x_wconf 90' lang='lat' dir='ltr'>suum</span> <span class='ocrx_word' id='word_1_211' title='bbox 957 3068 1241 3134; x_wconf 89' lang='lat' dir='ltr'>baccalaureatum</span> <span class='ocrx_word' id='word_1_212' title='bbox 1270 3069 1419 3134; x_wconf 87' lang='lat' dir='ltr'>doctores</span> <span class='ocrx_word' id='word_1_213' title='bbox 1446 3069 1589 3155; x_wconf 86' lang='lat' dir='ltr'>legentes</span> 
     </span>
     <span class='ocr_line' id='line_1_26' title="bbox 159 3166 1632 3255; baseline -0.001 -21"><span class='ocrx_word' id='word_1_214' title='bbox 159 3168 325 3234; x_wconf 91' lang='lat' dir='ltr'>ordinarie</span> <span class='ocrx_word' id='word_1_215' title='bbox 349 3189 407 3254; x_wconf 92' lang='lat' dir='ltr'>per</span> <span class='ocrx_word' id='word_1_216' title='bbox 427 3168 589 3252; x_wconf 88' lang='lat' dir='ltr'>integrum</span> <span class='ocrx_word' id='word_1_217' title='bbox 610 3166 775 3232; x_wconf 88' lang='lat' dir='ltr'>biennium</span> <span class='ocrx_word' id='word_1_218' title='bbox 798 3166 969 3254; x_wconf 83' lang='lat' dir='ltr'>diligenter</span> <span class='ocrx_word' id='word_1_219' title='bbox 990 3167 1155 3233; x_wconf 89' lang='lat' dir='ltr'>audivisse</span> <span class='ocrx_word' id='word_1_220' title='bbox 1178 3177 1209 3231; x_wconf 92' lang='lat' dir='ltr'>et</span> <span class='ocrx_word' id='word_1_221' title='bbox 1232 3190 1304 3232; x_wconf 92' lang='lat' dir='ltr'>cum</span> <span class='ocrx_word' id='word_1_222' title='bbox 1326 3167 1433 3255; x_wconf 89' lang='lat' dir='ltr'>aliquo</span> <span class='ocrx_word' id='word_1_223' title='bbox 1456 3167 1632 3233; x_wconf 73' lang='lat' dir='ltr'>doctorett</span> 
     </span>
     <span class='ocr_line' id='line_1_27' title="bbox 158 3265 1589 3356; baseline -0.001 -22"><span class='ocrx_word' id='word_1_224' title='bbox 158 3291 218 3334; x_wconf 90' lang='lat' dir='ltr'>seu</span> <span class='ocrx_word' id='word_1_225' title='bbox 240 3265 425 3332; x_wconf 89' lang='lat' dir='ltr'>doctoribus</span> <span class='ocrx_word' id='word_1_226' title='bbox 449 3267 545 3330; x_wconf 88' lang='lat' dir='ltr'>etiam</span> <span class='ocrx_word' id='word_1_227' title='bbox 567 3287 626 3353; x_wconf 92' lang='lat' dir='ltr'>per</span> <span class='ocrx_word' id='word_1_228' title='bbox 648 3276 774 3330; x_wconf 89' lang='lat' dir='ltr'>tantum</span> <span class='ocrx_word' id='word_1_229' title='bbox 796 3269 953 3353; x_wconf 88' lang='lat' dir='ltr'>temporis</span> <span class='ocrx_word' id='word_1_230' title='bbox 983 3270 1131 3356; x_wconf 90' lang='lat' dir='ltr'>spacium</span> <span class='ocrx_word' id='word_1_231' title='bbox 1160 3267 1338 3354; x_wconf 88' lang='lat' dir='ltr'>practicam</span> <span class='ocrx_word' id='word_1_232' title='bbox 1368 3265 1498 3350; x_wconf 87' lang='lat' dir='ltr'>adiisse,</span> <span class='ocrx_word' id='word_1_233' title='bbox 1525 3269 1589 3334; x_wconf 90' lang='lat' dir='ltr'>nisi</span> 
     </span>
     <span class='ocr_line' id='line_1_28' title="bbox 157 3362 1588 3456; baseline 0.001 -25"><span class='ocrx_word' id='word_1_234' title='bbox 157 3368 249 3456; x_wconf 90' lang='lat' dir='ltr'>prius</span> <span class='ocrx_word' id='word_1_235' title='bbox 274 3377 349 3431; x_wconf 88' lang='lat' dir='ltr'>ante</span> <span class='ocrx_word' id='word_1_236' title='bbox 371 3362 652 3456; x_wconf 80' lang='lat' dir='ltr'>baccalaureatum</span> <span class='ocrx_word' id='word_1_237' title='bbox 683 3363 831 3450; x_wconf 89' lang='lat' dir='ltr'>pluribus</span> <span class='ocrx_word' id='word_1_238' title='bbox 852 3367 946 3431; x_wconf 90' lang='lat' dir='ltr'>annis</span> <span class='ocrx_word' id='word_1_239' title='bbox 974 3389 1070 3453; x_wconf 90' lang='lat' dir='ltr'>quam</span> <span class='ocrx_word' id='word_1_240' title='bbox 1093 3367 1218 3432; x_wconf 89' lang='lat' dir='ltr'>duobus</span> <span class='ocrx_word' id='word_1_241' title='bbox 1247 3365 1394 3432; x_wconf 89' lang='lat' dir='ltr'>doctores</span> <span class='ocrx_word' id='word_1_242' title='bbox 1416 3365 1588 3452; x_wconf 86' lang='lat' dir='ltr'>diligenter</span> 
     </span>
     <span class='ocr_line' id='line_1_29' title="bbox 157 3461 1587 3552; baseline 0.001 -21"><span class='ocrx_word' id='word_1_243' title='bbox 157 3465 341 3532; x_wconf 87' lang='lat' dir='ltr'>audivisset</span> <span class='ocrx_word' id='word_1_244' title='bbox 367 3476 399 3530; x_wconf 89' lang='lat' dir='ltr'>et</span> <span class='ocrx_word' id='word_1_245' title='bbox 425 3467 604 3552; x_wconf 87' lang='lat' dir='ltr'>practicam</span> <span class='ocrx_word' id='word_1_246' title='bbox 634 3486 706 3528; x_wconf 86' lang='lat' dir='ltr'>cum</span> <span class='ocrx_word' id='word_1_247' title='bbox 732 3461 839 3552; x_wconf 90' lang='lat' dir='ltr'>aliquo</span> <span class='ocrx_word' id='word_1_248' title='bbox 862 3465 914 3530; x_wconf 91' lang='lat' dir='ltr'>vel</span> <span class='ocrx_word' id='word_1_249' title='bbox 941 3466 1103 3551; x_wconf 89' lang='lat' dir='ltr'>aliquibus</span> <span class='ocrx_word' id='word_1_250' title='bbox 1130 3465 1265 3530; x_wconf 89' lang='lat' dir='ltr'>adiisset</span> <span class='ocrx_word' id='word_1_251' title='bbox 1284 3465 1472 3532; x_wconf 89' lang='lat' dir='ltr'>doctoribus</span> <span class='ocrx_word' id='word_1_252' title='bbox 1495 3478 1527 3532; x_wconf 89' lang='lat' dir='ltr'>et</span> <span class='ocrx_word' id='word_1_253' title='bbox 1546 3466 1587 3532; x_wconf 90' lang='lat' dir='ltr'>de</span> 
     </span>
     <span class='ocr_line' id='line_1_30' title="bbox 156 3563 1587 3652; baseline 0.001 -21"><span class='ocrx_word' id='word_1_254' title='bbox 156 3566 219 3631; x_wconf 88' lang='lat' dir='ltr'>boc</span> <span class='ocrx_word' id='word_1_255' title='bbox 239 3587 299 3652; x_wconf 92' lang='lat' dir='ltr'>per</span> <span class='ocrx_word' id='word_1_256' title='bbox 320 3564 469 3630; x_wconf 89' lang='lat' dir='ltr'>doctores</span> <span class='ocrx_word' id='word_1_257' title='bbox 492 3574 671 3646; x_wconf 69' lang='lat' dir='ltr'>constaret,</span> <span class='ocrx_word' id='word_1_258' title='bbox 700 3577 777 3628; x_wconf 90' lang='lat' dir='ltr'>tunc</span> <span class='ocrx_word' id='word_1_259' title='bbox 799 3587 870 3629; x_wconf 86' lang='lat' dir='ltr'>curn</span> <span class='ocrx_word' id='word_1_260' title='bbox 892 3563 951 3630; x_wconf 92' lang='lat' dir='ltr'>tali</span> <span class='ocrx_word' id='word_1_261' title='bbox 974 3565 1197 3646; x_wconf 91' lang='lat' dir='ltr'>baccalaureo,</span> <span class='ocrx_word' id='word_1_262' title='bbox 1219 3566 1341 3651; x_wconf 90' lang='lat' dir='ltr'>petenti</span> <span class='ocrx_word' id='word_1_263' title='bbox 1362 3567 1508 3632; x_wconf 89' lang='lat' dir='ltr'>favorem</span> <span class='ocrx_word' id='word_1_264' title='bbox 1531 3565 1587 3652; x_wconf 85' lang='lat' dir='ltr'>ad·¹</span> 
     </span>
     <span class='ocr_line' id='line_1_31' title="bbox 155 3661 1628 3753; baseline 0.001 -23"><span class='ocrx_word' id='word_1_265' title='bbox 155 3663 305 3730; x_wconf 86' lang='lat' dir='ltr'>mittendi</span> <span class='ocrx_word' id='word_1_266' title='bbox 327 3663 369 3728; x_wconf 90' lang='lat' dir='ltr'>ad</span> <span class='ocrx_word' id='word_1_267' title='bbox 389 3663 564 3745; x_wconf 86' lang='lat' dir='ltr'>licentiam,</span> <span class='ocrx_word' id='word_1_268' title='bbox 590 3661 728 3728; x_wconf 86' lang='lat' dir='ltr'>facultas</span> <span class='ocrx_word' id='word_1_269' title='bbox 751 3665 870 3751; x_wconf 88' lang='lat' dir='ltr'>poterit</span> <span class='ocrx_word' id='word_1_270' title='bbox 890 3665 1033 3750; x_wconf 87' lang='lat' dir='ltr'>gratiose</span> <span class='ocrx_word' id='word_1_271' title='bbox 1055 3663 1254 3752; x_wconf 89' lang='lat' dir='ltr'>dispensare,</span> <span class='ocrx_word' id='word_1_272' title='bbox 1280 3666 1428 3753; x_wconf 88' lang='lat' dir='ltr'>inspecta</span> <span class='ocrx_word' id='word_1_273' title='bbox 1449 3664 1628 3752; x_wconf 84' lang='lat' dir='ltr'>diligen-³0</span> 
     </span>
     <span class='ocr_line' id='line_1_32' title="bbox 155 3761 457 3851; baseline -0.007 -21"><span class='ocrx_word' id='word_1_274' title='bbox 155 3766 203 3830; x_wconf 84' lang='lat' dir='ltr'>tia</span> <span class='ocrx_word' id='word_1_275' title='bbox 225 3765 316 3851; x_wconf 90' lang='lat' dir='ltr'>prius</span> <span class='ocrx_word' id='word_1_276' title='bbox 337 3761 457 3828; x_wconf 80' lang='lat' dir='ltr'>habita</span> 
     </span>
    </p>

    <p class='ocr_par' dir='ltr' id='par_1_6' title="bbox 153 3861 1627 4348">
     <span class='ocr_line' id='line_1_33' title="bbox 240 3861 1587 3932; baseline 0.003 -4"><span class='ocrx_word' id='word_1_277' title='bbox 240 3867 267 3928; x_wconf 86' lang='lat'>3.</span> <span class='ocrx_word' id='word_1_278' title='bbox 291 3861 533 3928; x_wconf 87' lang='lat' dir='ltr'>Baccalaureus</span> <span class='ocrx_word' id='word_1_279' title='bbox 554 3862 588 3926; x_wconf 93' lang='lat' dir='ltr'>in</span> <span class='ocrx_word' id='word_1_280' title='bbox 609 3861 778 3928; x_wconf 89' lang='lat' dir='ltr'>medicinis</span> <span class='ocrx_word' id='word_1_281' title='bbox 800 3873 831 3927; x_wconf 91' lang='lat' dir='ltr'>et</span> <span class='ocrx_word' id='word_1_282' title='bbox 853 3862 1068 3930; x_wconf 88' lang='lat' dir='ltr'>licentiandus</span> <span class='ocrx_word' id='word_1_283' title='bbox 1091 3875 1165 3930; x_wconf 90' lang='lat' dir='ltr'>ante</span> <span class='ocrx_word' id='word_1_284' title='bbox 1180 3864 1410 3932; x_wconf 87' lang='lat' dir='ltr'>admissionem</span> <span class='ocrx_word' id='word_1_285' title='bbox 1425 3864 1468 3930; x_wconf 87' lang='lat' dir='ltr'>ad</span> <span class='ocrx_word' id='word_1_286' title='bbox 1490 3865 1587 3932; x_wconf 91' lang='lat' dir='ltr'>licen·</span> 
     </span>
     <span class='ocr_line' id='line_1_34' title="bbox 153 3961 1586 4053; baseline 0 -23"><span class='ocrx_word' id='word_1_287' title='bbox 153 3965 235 4030; x_wconf 88' lang='lat' dir='ltr'>tiam</span> <span class='ocrx_word' id='word_1_288' title='bbox 254 3971 380 4028; x_wconf 89' lang='lat' dir='ltr'>tenetur</span> <span class='ocrx_word' id='word_1_289' title='bbox 401 3971 476 4028; x_wconf 90' lang='lat' dir='ltr'>ante</span> <span class='ocrx_word' id='word_1_290' title='bbox 497 3983 634 4028; x_wconf 86' lang='lat' dir='ltr'>examen</span> <span class='ocrx_word' id='word_1_291' title='bbox 661 3963 826 4049; x_wconf 88' lang='lat' dir='ltr'>privatum</span> <span class='ocrx_word' id='word_1_292' title='bbox 855 3985 915 4050; x_wconf 91' lang='lat' dir='ltr'>pro</span> <span class='ocrx_word' id='word_1_293' title='bbox 937 3961 1069 4030; x_wconf 89' lang='lat' dir='ltr'>licentia</span> <span class='ocrx_word' id='word_1_294' title='bbox 1089 3963 1302 4052; x_wconf 87' lang='lat' dir='ltr'>adipiscenda</span> <span class='ocrx_word' id='word_1_295' title='bbox 1323 3964 1451 4053; x_wconf 90' lang='lat' dir='ltr'>publice</span> <span class='ocrx_word' id='word_1_296' title='bbox 1474 3966 1507 4030; x_wconf 91' lang='lat' dir='ltr'>in</span> <span class='ocrx_word' id='word_1_297' title='bbox 1529 3965 1586 4030; x_wconf 91' lang='lat' dir='ltr'>ali·</span> 
     </span>
     <span class='ocr_line' id='line_1_35' title="bbox 155 4061 1582 4152; baseline 0.001 -24"><span class='ocrx_word' id='word_1_298' title='bbox 155 4084 221 4150; x_wconf 89' lang='lat' dir='ltr'>quo</span> <span class='ocrx_word' id='word_1_299' title='bbox 244 4061 404 4128; x_wconf 88' lang='lat' dir='ltr'>auditorio</span> <span class='ocrx_word' id='word_1_300' title='bbox 427 4063 486 4128; x_wconf 90' lang='lat' dir='ltr'>sub</span> <span class='ocrx_word' id='word_1_301' title='bbox 513 4061 654 4152; x_wconf 88' lang='lat' dir='ltr'>quodam</span> <span class='ocrx_word' id='word_1_302' title='bbox 676 4061 808 4127; x_wconf 90' lang='lat' dir='ltr'>doctore</span> <span class='ocrx_word' id='word_1_303' title='bbox 834 4061 877 4128; x_wconf 89' lang='lat' dir='ltr'>ad</span> <span class='ocrx_word' id='word_1_304' title='bbox 904 4064 1009 4128; x_wconf 89' lang='lat' dir='ltr'>minus</span> <span class='ocrx_word' id='word_1_305' title='bbox 1038 4065 1136 4130; x_wconf 88' lang='lat' dir='ltr'>semel</span> <span class='ocrx_word' id='word_1_306' title='bbox 1165 4065 1386 4152; x_wconf 88' lang='lat' dir='ltr'>quaestionem</span> <span class='ocrx_word' id='word_1_307' title='bbox 1407 4065 1582 4130; x_wconf 84' lang='lat' dir='ltr'>medicina·</span> 
     </span>
     <span class='ocr_line' id='line_1_36' title="bbox 154 4159 1627 4251; baseline 0.001 -23"><span class='ocrx_word' id='word_1_308' title='bbox 154 4161 219 4228; x_wconf 90' lang='lat' dir='ltr'>lem</span> <span class='ocrx_word' id='word_1_309' title='bbox 241 4161 474 4228; x_wconf 87' lang='lat' dir='ltr'>determinasse</span> <span class='ocrx_word' id='word_1_310' title='bbox 496 4173 529 4228; x_wconf 91' lang='lat' dir='ltr'>et</span> <span class='ocrx_word' id='word_1_311' title='bbox 550 4185 608 4228; x_wconf 89' lang='lat' dir='ltr'>suo</span> <span class='ocrx_word' id='word_1_312' title='bbox 631 4161 758 4227; x_wconf 90' lang='lat' dir='ltr'>doctori</span> <span class='ocrx_word' id='word_1_313' title='bbox 786 4183 825 4226; x_wconf 91' lang='lat' dir='ltr'>ac</span> <span class='ocrx_word' id='word_1_314' title='bbox 847 4159 919 4227; x_wconf 91' lang='lat' dir='ltr'>aliis</span> <span class='ocrx_word' id='word_1_315' title='bbox 947 4161 1151 4230; x_wconf 88' lang='lat' dir='ltr'>scholaribus</span> <span class='ocrx_word' id='word_1_316' title='bbox 1177 4165 1211 4228; x_wconf 92' lang='lat' dir='ltr'>in</span> <span class='ocrx_word' id='word_1_317' title='bbox 1239 4164 1417 4246; x_wconf 88' lang='lat' dir='ltr'>medicinis,</span> <span class='ocrx_word' id='word_1_318' title='bbox 1445 4173 1627 4251; x_wconf 82' lang='lat' dir='ltr'>arguere³5</span> 
     </span>
     <span class='ocr_line' id='line_1_37' title="bbox 155 4259 1054 4348; baseline 0.002 -22"><span class='ocrx_word' id='word_1_319' title='bbox 155 4259 339 4328; x_wconf 90' lang='lat' dir='ltr'>volentibus</span> <span class='ocrx_word' id='word_1_320' title='bbox 361 4275 474 4330; x_wconf 91' lang='lat' dir='ltr'>contra</span> <span class='ocrx_word' id='word_1_321' title='bbox 497 4285 588 4328; x_wconf 87' lang='lat' dir='ltr'>suam</span> <span class='ocrx_word' id='word_1_322' title='bbox 611 4261 813 4348; x_wconf 89' lang='lat' dir='ltr'>positionem,</span> <span class='ocrx_word' id='word_1_323' title='bbox 836 4261 1054 4348; x_wconf 89' lang='lat' dir='ltr'>respondisse.</span> 
     </span>
    </p>

    <p class='ocr_par' dir='ltr' id='par_1_7' title="bbox 154 4361 1627 4748">
     <span class='ocr_line' id='line_1_38' title="bbox 241 4361 1585 4450; baseline 0.002 -24"><span class='ocrx_word' id='word_1_324' title='bbox 241 4365 269 4426; x_wconf 79' lang='lat' dir='ltr'>t.</span> <span class='ocrx_word' id='word_1_325' title='bbox 293 4361 439 4442; x_wconf 82' lang='lat' dir='ltr'>Quilibet</span> <span class='ocrx_word' id='word_1_326' title='bbox 459 4361 692 4428; x_wconf 88' lang='lat' dir='ltr'>baccalaureus</span> <span class='ocrx_word' id='word_1_327' title='bbox 713 4361 902 4442; x_wconf 86' lang='lat' dir='ltr'>medicinae,</span> <span class='ocrx_word' id='word_1_328' title='bbox 923 4361 1035 4427; x_wconf 88' lang='lat' dir='ltr'>volens</span> <span class='ocrx_word' id='word_1_329' title='bbox 1057 4387 1115 4430; x_wconf 88' lang='lat' dir='ltr'>suo</span> <span class='ocrx_word' id='word_1_330' title='bbox 1137 4373 1281 4449; x_wconf 90' lang='lat' dir='ltr'>tempore</span> <span class='ocrx_word' id='word_1_331' title='bbox 1295 4363 1328 4427; x_wconf 92' lang='lat' dir='ltr'>in</span> <span class='ocrx_word' id='word_1_332' title='bbox 1341 4362 1454 4428; x_wconf 90' lang='lat' dir='ltr'>eadem</span> <span class='ocrx_word' id='word_1_333' title='bbox 1475 4372 1585 4450; x_wconf 92' lang='lat' dir='ltr'>petere</span> 
     </span>
     <span class='ocr_line' id='line_1_39' title="bbox 154 4459 1586 4548; baseline 0.003 -22"><span class='ocrx_word' id='word_1_334' title='bbox 154 4460 331 4544; x_wconf 85' lang='lat' dir='ltr'>licentiam,</span> <span class='ocrx_word' id='word_1_335' title='bbox 360 4460 457 4526; x_wconf 90' lang='lat' dir='ltr'>debet</span> <span class='ocrx_word' id='word_1_336' title='bbox 483 4463 574 4548; x_wconf 85' lang='lat' dir='ltr'>prius</span> <span class='ocrx_word' id='word_1_337' title='bbox 596 4484 617 4527; x_wconf 91' lang='lat' dir='ltr'>a</span> <span class='ocrx_word' id='word_1_338' title='bbox 643 4459 828 4526; x_wconf 91' lang='lat' dir='ltr'>doctoribus</span> <span class='ocrx_word' id='word_1_339' title='bbox 851 4459 892 4525; x_wconf 91' lang='lat' dir='ltr'>de</span> <span class='ocrx_word' id='word_1_340' title='bbox 913 4461 1048 4528; x_wconf 90' lang='lat' dir='ltr'>consilio</span> <span class='ocrx_word' id='word_1_341' title='bbox 1075 4461 1239 4528; x_wconf 88' lang='lat' dir='ltr'>facultatis</span> <span class='ocrx_word' id='word_1_342' title='bbox 1267 4461 1413 4528; x_wconf 91' lang='lat' dir='ltr'>obtinere</span> <span class='ocrx_word' id='word_1_343' title='bbox 1440 4463 1586 4530; x_wconf 86' lang='lat' dir='ltr'>favorem</span> 
     </span>
     <span class='ocr_line' id='line_1_40' title="bbox 154 4556 1585 4649; baseline 0 -22"><span class='ocrx_word' id='word_1_344' title='bbox 154 4556 285 4646; x_wconf 82' lang='lat' dir='ltr'>legendi</span> <span class='ocrx_word' id='word_1_345' title='bbox 307 4558 449 4648; x_wconf 87' lang='lat' dir='ltr'>aliquam</span> <span class='ocrx_word' id='word_1_346' title='bbox 471 4560 642 4626; x_wconf 90' lang='lat' dir='ltr'>lectionem</span> <span class='ocrx_word' id='word_1_347' title='bbox 662 4562 697 4626; x_wconf 91' lang='lat' dir='ltr'>iu</span> <span class='ocrx_word' id='word_1_348' title='bbox 718 4560 844 4626; x_wconf 87' lang='lat' dir='ltr'>medica</span> <span class='ocrx_word' id='word_1_349' title='bbox 864 4559 1019 4626; x_wconf 88' lang='lat' dir='ltr'>facultate</span> <span class='ocrx_word' id='word_1_350' title='bbox 1041 4583 1100 4648; x_wconf 86' lang='lat' dir='ltr'>pro</span> <span class='ocrx_word' id='word_1_351' title='bbox 1122 4561 1253 4627; x_wconf 89' lang='lat' dir='ltr'>licentia</span> <span class='ocrx_word' id='word_1_352' title='bbox 1275 4586 1333 4628; x_wconf 87' lang='lat' dir='ltr'>suo</span> <span class='ocrx_word' id='word_1_353' title='bbox 1354 4572 1499 4649; x_wconf 89' lang='lat' dir='ltr'>tempore</span> <span class='ocrx_word' id='word_1_354' title='bbox 1516 4562 1585 4628; x_wconf 91' lang='lat' dir='ltr'>adi·</span> 
     </span>
     <span class='ocr_line' id='line_1_41' title="bbox 155 4658 1627 4748; baseline 0.003 -24"><span class='ocrx_word' id='word_1_355' title='bbox 155 4658 324 4748; x_wconf 90' lang='lat' dir='ltr'>piscenda,</span> <span class='ocrx_word' id='word_1_356' title='bbox 346 4670 379 4724; x_wconf 92' lang='lat' dir='ltr'>et</span> <span class='ocrx_word' id='word_1_357' title='bbox 399 4669 572 4746; x_wconf 90' lang='lat' dir='ltr'>antequam</span> <span class='ocrx_word' id='word_1_358' title='bbox 595 4658 656 4726; x_wconf 91' lang='lat' dir='ltr'>boc</span> <span class='ocrx_word' id='word_1_359' title='bbox 677 4660 800 4741; x_wconf 89' lang='lat' dir='ltr'>fecerit,</span> <span class='ocrx_word' id='word_1_360' title='bbox 820 4658 862 4724; x_wconf 91' lang='lat' dir='ltr'>ad</span> <span class='ocrx_word' id='word_1_361' title='bbox 883 4659 1047 4726; x_wconf 88' lang='lat' dir='ltr'>licentiam</span> <span class='ocrx_word' id='word_1_362' title='bbox 1068 4684 1132 4727; x_wconf 91' lang='lat' dir='ltr'>non</span> <span class='ocrx_word' id='word_1_363' title='bbox 1153 4660 1350 4728; x_wconf 86' lang='lat' dir='ltr'>admittatur.</span> <span class='ocrx_word' id='word_1_364' title='bbox 1592 4671 1627 4728; x_wconf 78' lang='grc'>40</span> 
     </span>
    </p>

    <p class='ocr_par' dir='ltr' id='par_1_8' title="bbox 156 4758 1622 5244">
     <span class='ocr_line' id='line_1_42' title="bbox 244 4758 1585 4847; baseline 0.002 -23"><span class='ocrx_word' id='word_1_365' title='bbox 244 4765 272 4824; x_wconf 84' lang='grc'>5.</span> <span class='ocrx_word' id='word_1_366' title='bbox 295 4758 538 4842; x_wconf 79' lang='lat' dir='ltr'>licentiandus,</span> <span class='ocrx_word' id='word_1_367' title='bbox 565 4769 738 4846; x_wconf 87' lang='lat' dir='ltr'>postquam</span> <span class='ocrx_word' id='word_1_368' title='bbox 760 4781 819 4847; x_wconf 90' lang='lat' dir='ltr'>per</span> <span class='ocrx_word' id='word_1_369' title='bbox 839 4758 987 4824; x_wconf 87' lang='lat' dir='ltr'>doctores</span> <span class='ocrx_word' id='word_1_370' title='bbox 1009 4759 1052 4825; x_wconf 90' lang='lat' dir='ltr'>ad</span> <span class='ocrx_word' id='word_1_371' title='bbox 1080 4758 1245 4826; x_wconf 87' lang='lat' dir='ltr'>licentiam</span> <span class='ocrx_word' id='word_1_372' title='bbox 1272 4762 1305 4826; x_wconf 91' lang='lat' dir='ltr'>in</span> <span class='ocrx_word' id='word_1_373' title='bbox 1330 4760 1500 4826; x_wconf 90' lang='lat' dir='ltr'>medicinis</span> <span class='ocrx_word' id='word_1_374' title='bbox 1528 4761 1585 4827; x_wconf 87' lang='lat' dir='ltr'>ad·</span> 
     </span>
     <span class='ocr_line' id='line_1_43' title="bbox 156 4856 1585 4947; baseline 0.002 -23"><span class='ocrx_word' id='word_1_375' title='bbox 156 4861 275 4924; x_wconf 89' lang='lat' dir='ltr'>missus</span> <span class='ocrx_word' id='word_1_376' title='bbox 298 4868 362 4940; x_wconf 90' lang='lat' dir='ltr'>est,</span> <span class='ocrx_word' id='word_1_377' title='bbox 393 4859 460 4924; x_wconf 88' lang='lat' dir='ltr'>suis</span> <span class='ocrx_word' id='word_1_378' title='bbox 488 4859 641 4947; x_wconf 84' lang='lat' dir='ltr'>expensis</span> <span class='ocrx_word' id='word_1_379' title='bbox 665 4856 967 4923; x_wconf 88' lang='lat' dir='ltr'>vicecancellarium</span> <span class='ocrx_word' id='word_1_380' title='bbox 988 4861 1081 4924; x_wconf 86' lang='lat' dir='ltr'>iuxta</span> <span class='ocrx_word' id='word_1_381' title='bbox 1101 4859 1338 4926; x_wconf 90' lang='lat' dir='ltr'>ordinationem</span> <span class='ocrx_word' id='word_1_382' title='bbox 1359 4860 1524 4926; x_wconf 84' lang='lat' dir='ltr'>facultatis</span> <span class='ocrx_word' id='word_1_383' title='bbox 1545 4885 1585 4928; x_wconf 91' lang='lat' dir='ltr'>ea</span> 
     </span>
     <span class='ocr_line' id='line_1_44' title="bbox 156 4955 1583 5047; baseline 0.004 -25"><span class='ocrx_word' id='word_1_384' title='bbox 156 4955 199 5023; x_wconf 85' lang='lat' dir='ltr'>de</span> <span class='ocrx_word' id='word_1_385' title='bbox 225 4979 262 5022; x_wconf 91' lang='lat' dir='ltr'>re</span> <span class='ocrx_word' id='word_1_386' title='bbox 286 4958 407 5024; x_wconf 77' lang='lat' dir='ltr'>factm</span> <span class='ocrx_word' id='word_1_387' title='bbox 429 4955 492 5024; x_wconf 87' lang='lat' dir='ltr'>sibi</span> <span class='ocrx_word' id='word_1_388' title='bbox 513 4956 656 5024; x_wconf 89' lang='lat' dir='ltr'>dandum</span> <span class='ocrx_word' id='word_1_389' title='bbox 679 4979 738 5044; x_wconf 87' lang='lat' dir='ltr'>per</span> <span class='ocrx_word' id='word_1_390' title='bbox 760 4955 924 5022; x_wconf 89' lang='lat' dir='ltr'>dominum</span> <span class='ocrx_word' id='word_1_391' title='bbox 946 4959 1135 5047; x_wconf 85' lang='lat' dir='ltr'>episcopum</span> <span class='ocrx_word' id='word_1_392' title='bbox 1154 4959 1447 5046; x_wconf 87' lang='lat' dir='ltr'>Mersburgensem,</span> <span class='ocrx_word' id='word_1_393' title='bbox 1468 4983 1583 5028; x_wconf 89' lang='lat' dir='ltr'>varum</span> 
     </span>
     <span class='ocr_line' id='line_1_45' title="bbox 156 5055 1582 5146; baseline 0.002 -23"><span class='ocrx_word' id='word_1_394' title='bbox 156 5055 398 5141; x_wconf 85' lang='lat' dir='ltr'>cancellarium,</span> <span class='ocrx_word' id='word_1_395' title='bbox 426 5079 498 5122; x_wconf 90' lang='lat' dir='ltr'>cum</span> <span class='ocrx_word' id='word_1_396' title='bbox 528 5057 630 5122; x_wconf 90' lang='lat' dir='ltr'>literis</span> <span class='ocrx_word' id='word_1_397' title='bbox 657 5066 766 5121; x_wconf 89' lang='lat' dir='ltr'>tamen</span> <span class='ocrx_word' id='word_1_398' title='bbox 796 5055 958 5122; x_wconf 87' lang='lat' dir='ltr'>facultatis</span> <span class='ocrx_word' id='word_1_399' title='bbox 989 5057 1133 5124; x_wconf 89' lang='lat' dir='ltr'>eiusdem</span> <span class='ocrx_word' id='word_1_400' title='bbox 1155 5061 1308 5146; x_wconf 88' lang='lat' dir='ltr'>episcopo</span> <span class='ocrx_word' id='word_1_401' title='bbox 1335 5059 1582 5144; x_wconf 87' lang='lat' dir='ltr'>praesentandis</span> 
     </span>
     <span class='ocr_line' id='line_1_46' title="bbox 156 5155 1622 5244; baseline 0.003 -22"><span class='ocrx_word' id='word_1_402' title='bbox 156 5155 353 5242; x_wconf 85' lang='lat' dir='ltr'>impetrabit</span> <span class='ocrx_word' id='word_1_403' title='bbox 396 5155 458 5223; x_wconf 84' lang='lat' dir='ltr'>Oui</span> <span class='ocrx_word' id='word_1_404' title='bbox 486 5157 578 5223; x_wconf 83' lang='lat' dir='ltr'>iuxta</span> <span class='ocrx_word' id='word_1_405' title='bbox 606 5165 748 5222; x_wconf 90' lang='lat' dir='ltr'>veterem</span> <span class='ocrx_word' id='word_1_406' title='bbox 775 5177 906 5238; x_wconf 90' lang='lat' dir='ltr'>morem,</span> <span class='ocrx_word' id='word_1_407' title='bbox 935 5156 962 5220; x_wconf 87' lang='lat' dir='ltr'>si</span> <span class='ocrx_word' id='word_1_408' title='bbox 993 5155 1096 5223; x_wconf 87' lang='lat' dir='ltr'>solum</span> <span class='ocrx_word' id='word_1_409' title='bbox 1122 5181 1206 5226; x_wconf 85' lang='lat' dir='ltr'>unus</span> <span class='ocrx_word' id='word_1_410' title='bbox 1232 5158 1329 5224; x_wconf 91' lang='lat' dir='ltr'>fuerit</span> <span class='ocrx_word' id='word_1_411' title='bbox 1357 5157 1622 5244; x_wconf 73' lang='lat' dir='ltr'>licentiandus,tt</span> 
     </span>
    </p>
   </div>
   <div class='ocr_carea' id='block_1_5' title="bbox 0 0 1898 6078">
    <p class='ocr_par' dir='ltr' id='par_1_9' title="bbox 0 0 1898 6078">
     <span class='ocr_line' id='line_1_47' title="bbox 0 0 1898 6078; baseline 0 4"><span class='ocrx_word' id='word_1_412' title='bbox 0 0 1898 6078; x_wconf 95' lang='lat' dir='ltr'> </span> 
     </span>
    </p>
   </div>
  </div>
 </body>
</html>
