3762 6074
522 442 612 494 Vierte
635 396 905 504 Statntenredaction,
929 456 984 496 ron
1002 443 1175 496 tlte-1522.
1500 439 1560 504 475

196 661 226 726 9.
249 675 516 725 uaersrnaunns
538 678 574 726 nr
594 678 742 727 narrans
763 677 904 726 masma
924 677 1067 724 ananau
1090 675 1271 724 mrnsuan
1292 674 1503 738 nncrrounn,

226 775 365 824 roman
386 775 602 827 exnacrrrnu
623 779 690 826 van
713 775 979 827 ansrousrounu
998 775 1214 826 oannrranu
1235 759 1476 824 aaaanxrssn.¹

742 897 803 959 νει.
819 897 894 954 xm,
915 897 953 946 ro.

217 1009 268 1074 Ne
288 1007 378 1074 fraus
401 1019 433 1074 et
454 1008 546 1076 dolus
568 1011 655 1074 circa
676 1010 873 1076 auditionem
899 1009 1072 1074 lectionum
1098 1017 1129 1073 et
1160 1010 1388 1074 exercitiorum
1416 1005 1561 1094 aliosque

135 1117 227 1174 actus
250 1108 473 1196 completionis
495 1108 691 1196 principales
713 1132 774 1196 pro
796 1110 902 1194 gradu
923 1110 1103 1195 magisterii
1122 1109 1156 1172 in
1176 1107 1302 1172 artibus
1323 1129 1384 1194 per
1399 1105 1558 1192 complen·
1586 1114 1602 1169 5

134 1217 183 1273 tes
204 1209 433 1290 committatur,
462 1206 593 1294 placuit,
622 1208 708 1294 quod
728 1208 835 1274 nullus
858 1209 1006 1274 decatero
1027 1207 1122 1272 debet
1144 1205 1273 1272 admitti
1302 1206 1344 1271 ad
1366 1215 1562 1292 temptamen

131 1306 184 1372 vel
206 1329 344 1374 examen
365 1307 670 1392 magistrandorum,
689 1310 753 1374 nisi
773 1319 919 1397 tempore
944 1307 1201 1394 dispensacionis
1224 1305 1312 1394 dicat
1332 1306 1366 1369 in
1390 1307 1552 1371 conscien-

135 1408 186 1472 cia
221 1428 295 1490 sua,
327 1405 413 1494 quod
446 1405 569 1472 nullam
597 1409 759 1492 integram
789 1409 922 1474 totalem
953 1407 1139 1488 lectionem,
1170 1407 1333 1492 integrum
1365 1407 1562 1469 exercicium

132 1505 281 1592 neglexit
302 1505 425 1588 audire,
447 1514 479 1571 et
498 1505 586 1594 quod
606 1508 740 1589 tociens,
766 1510 918 1595 quociens
941 1505 1097 1586 debuerit,
1125 1505 1288 1570 ordinarie
1318 1515 1350 1568 et
1381 1503 1561 1568 extraordi-

133 1607 228 1670 narie
248 1607 415 1691 magistris
436 1604 648 1692 responderit,
680 1607 744 1672 nisi
765 1607 915 1694 specifice
936 1629 1033 1693 super
1053 1604 1115 1670 hoc
1137 1627 1245 1669 secum
1270 1605 1367 1669 fuerit
1392 1603 1559 1690 dispensa·
1573 1615 1603 1668 10

133 1714 215 1786 tum,
237 1713 270 1768 et
290 1704 376 1789 qnod
397 1703 573 1791 quemlibet
594 1707 795 1792 magistrum,
818 1729 838 1771 a
860 1729 923 1795 quo
943 1705 1113 1775 lectionem
1134 1703 1186 1768 vel
1207 1703 1403 1770 exercicium
1425 1701 1559 1786 audivit,

133 1813 320 1870 contentum
338 1804 425 1870 fecit

234 1976 279 2037 10.
308 1987 355 2036 nn
376 1987 477 2037 nono
501 1987 674 2038 sonvnanr
694 1989 833 2038 aaaron
853 1989 922 2040 rao
943 1989 1173 2038 nscmourens
1194 1989 1239 2037 rr
1259 1987 1465 2038 nxnacrcns.

733 2109 794 2172 νει.
812 2109 886 2171 ιιιιι,
908 2109 960 2160 ιι..

219 2219 365 2302 Quilibet
386 2221 627 2308 magistrandus
649 2224 683 2288 in
711 2223 835 2290 artibus
864 2223 960 2288 debet
987 2222 1197 2287 effectualiter
1226 2244 1286 2308 pro
1313 2219 1507 2286 lectionibus
1529 2229 1561 2284 et
1572 2229 1603 2284 15

134 2313 307 2387 exerciciis
337 2343 397 2408 pro
425 2320 531 2407 gradu
558 2323 738 2408 magisterii
768 2345 828 2410 per
849 2345 920 2388 eum
944 2321 1062 2387 auditis
1090 2322 1185 2386 iuxta
1216 2329 1336 2385 statuta
1366 2321 1562 2385 satisfecisse

134 2443 246 2487 coram
266 2419 471 2486 taxatoribus
495 2421 548 2485 et²
578 2420 700 2487 decano
729 2421 891 2488 facultatis
921 2423 1054 2504 arcium,
1084 2418 1144 2485 sub
1172 2442 1278 2506 poena
1304 2443 1369 2484 non
1398 2429 1563 2506 computa-

134 2521 249 2585 cionis.
272 2517 308 2584 Si
328 2529 437 2585 tamen
457 2519 574 2608 aliquis
595 2545 715 2604 eorum,
734 2524 818 2586 iusto
840 2530 872 2585 et
891 2521 1049 2608 legittimo
1068 2519 1298 2606 impedimento
1318 2520 1561 2601 interveniente,

134 2617 174 2684 de
197 2641 261 2705 quo
284 2626 433 2684 constare
453 2621 582 2705 poterit,
601 2621 697 2688 modo
718 2623 898 2708 praemisso
927 2629 960 2686 et
988 2631 1063 2685 ante
1087 2619 1183 2684 finem
1214 2628 1345 2683 actuum
1373 2617 1560 2706 completio·

132 2721 184 2784 nis
204 2741 270 2784 non
298 2718 500 2799 satisfecerit,
529 2718 694 2785 tollerabit
718 2721 866 2804 facultae,
895 2719 981 2805 quod
1006 2719 1113 2784 adhuc
1135 2718 1195 2783 sub
1216 2720 1278 2784 isto
1300 2718 1470 2800 decanatu,
1500 2718 1604 2784 subto

134 2841 198 2907 quo
227 2816 412 2883 huiusmodi
441 2827 531 2882 actus
560 2819 715 2901 audierit,
742 2843 844 2908 usque
872 2819 914 2884 ad
942 2829 1127 2906 computum
1154 2817 1298 2883 eiusdem
1326 2817 1442 2882 decani
1470 2819 1562 2882 satis·

132 2919 243 2983 facere
266 2918 396 3003 poterit.
436 2916 481 2982 Et
500 2939 668 2984 successor
691 2918 827 2984 alicuius
850 2919 967 2984 decani
987 2937 1192 3005 nequaquam
1214 2915 1354 3004 aliquem
1380 2916 1423 2980 ad
1444 2916 1563 2982 librum

135 3015 363 3104 completionis
384 3023 417 3078 et
437 3015 666 3104 complentium
687 3017 850 3082 facrdtatis
872 3016 1039 3098 inacribat,
1068 3017 1123 3102 qui
1146 3015 1205 3083 sub
1228 3015 1334 3080 officio
1355 3017 1405 3079 sui
1427 3015 1562 3102 praede·

135 3117 273 3183 cessoris
296 3124 410 3181 contra
439 3125 559 3182 statuta
587 3115 749 3181 facultatis
778 3117 966 3181 satisfacere
990 3136 1055 3180 non
1077 3116 1218 3197 curavit,
1248 3112 1308 3178 sub
1339 3112 1448 3180 debito
1477 3117 1563 3180 iura·

134 3218 234 3283 menti
256 3216 407 3303 praestiti
427 3223 571 3302 tempore
593 3215 759 3280 electionis
782 3237 860 3280 suae
880 3217 914 3279 in
936 3214 1104 3279 decanum.
1570 3223 1603 3279 25

459 3405 508 3466 11.
528 3416 575 3464 nn
596 3416 890 3466 ansrousmumns
911 3412 1242 3463 usa1sruarmouuu.

728 3536 790 3599 Vgt
808 3536 884 3596 xm,
905 3535 964 3586 152.

216 3648 331 3715 Nullus
360 3648 552 3715 admittatur
580 3649 623 3714 ad
652 3659 850 3737 temptamen
870 3647 922 3714 vel
946 3669 1083 3713 examen
1111 3670 1171 3734 pro
1198 3645 1303 3732 gradu
1324 3647 1506 3732 magisterii
1528 3649 1562 3712 in

135 3748 273 3831 artibus,
299 3749 363 3813 nisi
385 3748 535 3814 adminus
558 3758 673 3837 quater
694 3748 736 3813 ad
759 3759 869 3836 partes
891 3746 1089 3835 principales
1112 3757 1145 3812 et
1171 3745 1223 3811 bis
1252 3745 1295 3809 ad
1324 3753 1435 3832 partes
1456 3748 1561 3812 minus

134 3847 333 3937 principales
365 3847 529 3914 ordinarie
560 3859 593 3914 et
623 3847 756 3913 totidem
789 3846 1048 3912 extraordinarie
1076 3848 1256 3933 magistris,
1291 3867 1312 3910 a
1339 3845 1458 3933 quibus
1485 3844 1560 3911 talis
1570 3855 1605 3911 30

134 3949 303 4036 responsio
325 3947 389 4012 sibi
418 3949 586 4034 assignata
611 3948 722 4030 fuerit,
748 3945 931 4033 respondit,
960 3945 1006 4010 ita
1035 3945 1123 4033 quod
1151 3969 1171 4010 a
1198 3945 1360 4033 principio
1388 3967 1490 4032 usque
1519 3945 1562 4010 ad

132 4047 230 4112 finem
251 4046 488 4134 disputacionia
510 4047 556 4114 ibi
576 4047 763 4136 permansit,
786 4048 855 4110 sine
878 4067 979 4110 cauea
998 4044 1193 4110 racionabili
1213 4067 1278 4110 non
1301 4043 1512 4126 recedendo„

216 4235 263 4298 12.
284 4248 332 4296 DE
352 4247 498 4298 wlffino
519 4245 805 4297 DISPUTATIONUM
827 4245 1087 4312 maternorum,
1109 4245 1235 4307 QUIBUS
1257 4244 1494 4295 caeterarum

629 4347 816 4394 TENENTUR
837 4345 1075 4394 mrnarulssn.

692 4465 754 4528 vgr.
771 4466 842 4527 xm,
861 4463 892 4515 re
911 4479 937 4514 u.
959 4463 997 4514 ιι.
1571 4471 1604 4528 3⁵

197 4577 313 4645 Nullus
324 4579 567 4666 magistrandus
576 4579 765 4646 admittatur
775 4577 818 4644 ad
829 4587 1028 4664 temptamen
1044 4599 1101 4642 seu
1114 4599 1251 4643 examen
1265 4576 1317 4666 [25
1326 4577 1352 4666 ⁸]
1368 4579 1559 4663 magistran-

130 4679 256 4763 dorum,
283 4681 347 4745 nisi
367 4682 401 4746 in
425 4681 629 4746 consciencia
657 4701 715 4744 sua
736 4678 839 4761 dicat,
867 4676 955 4765 quod
975 4677 1111 4762 triginta
1131 4677 1409 4766 disputacionibus
1431 4675 1559 4743 ordina·

219 4948 230 4999 1
251 4944 306 4999 Αιιι
324 4945 434 5000 Raude:
464 4947 531 5000 Noa
552 4947 659 5016 aynae
677 4952 795 5016 propser
816 4944 970 5016 patariam
993 4945 1163 4998 monam
1183 4944 1218 5016 (t)
1235 4946 1391 5016 climacum
1413 4944 1559 5000 moneo.

130 5029 198 5087 Und
215 5045 270 5084 von
288 5028 405 5084 anderer
423 5030 520 5084 Hand:
554 5032 671 5084 Decreta
683 5029 835 5100 facultate}
852 5029 1030 5081 iuramenmm
1047 5036 1086 5082 eat
1102 5029 1237 5082 sublatm
1258 5035 1329 5084 1520.

214 5117 229 5168 2
247 5112 311 5168 Von
328 5111 388 5168 hier
405 5129 442 5168 an
460 5111 569 5172 scheint
584 5114 645 5170 eine
662 5112 760 5168 awaite
777 5113 861 5168 Hand
878 5111 1057 5181 einautreten,
1074 5110 1129 5184 vgl.
1148 5113 1219 5173 oben
1236 5129 1271 5166 au
1288 5113 1368 5184 XIII,
1388 5115 1427 5169 11.
