3788 6078
639 445 691 498 Die
707 445 826 498 statam
846 459 909 498 vom
926 445 1009 496 Janre
1029 444 1101 498 1543.
1516 439 1579 508 Oli)

154 635 264 694 autem
283 627 508 710 existimarint,
530 647 566 693 se
588 629 718 694 mutatis
741 628 861 715 preciis
879 629 914 693 in
935 628 1102 694 motione
1123 622 1298 710 aliquando
1320 623 1454 710 gravari
1476 622 1572 710 phar·

154 728 355 816 macopolae,
376 728 519 794 indicent
539 727 602 794 hoc
622 729 656 793 in
678 728 825 796 semestri
849 749 974 816 quoque
1000 737 1145 815 tempore
1167 725 1304 806 senatui,
1333 733 1369 788 ut
1395 721 1575 789 rationibus

155 830 301 916 ipsorum
321 837 447 894 rustino
468 825 664 894 consulatur.
706 825 891 894 Secundum
913 836 1021 894 autem
1041 826 1220 914 Lypsioam
1239 824 1441 889 taxationem
1463 843 1575 888 omnes

154 927 240 994 aliae
260 929 443 994 taxationes
464 926 498 992 in
519 925 642 993 ditione
663 927 821 1016 principis
842 928 946 993 nostri
967 925 1177 992 illustrissimi
1198 925 1443 990 constituantur.

726 1144 773 1192 na
793 1143 999 1196 uurnuucrs·
1603 1127 1620 1184 ⁵

753 1263 820 1328 cap
830 1271 863 1314 nt
879 1263 992 1314 xxmn

237 1393 388 1479 Denique
409 1418 508 1484 quum
529 1395 653 1481 passim
673 1395 921 1461 circumforauei
950 1394 1079 1482 quidam
1111 1415 1184 1458 cum
1211 1391 1354 1456 maximo
1383 1386 1579 1476 simplicium

155 1493 300 1581 periculo
322 1516 434 1561 curam
454 1493 605 1560 medendi
628 1493 689 1560 sibi
711 1493 894 1578 adsumant,
915 1517 1019 1583 neque
1040 1517 1117 1559 vero
1136 1511 1273 1579 usquam
1285 1487 1459 1555 didicerint
1471 1498 1574 1554 artem

159 1592 336 1676 medicam,
382 1603 415 1658 et
443 1603 552 1658 tamen
580 1592 703 1682 absque
730 1595 818 1658 omni
847 1595 1031 1660 testimonio
1058 1593 1243 1659 doctoratus
1270 1587 1397 1654 titulum
1418 1586 1574 1670 iactitent,

154 1693 265 1758 visum
286 1701 335 1758 est
355 1713 410 1759 eos
431 1715 496 1758 non
515 1702 639 1758 tantum
660 1716 703 1759 ex
722 1693 803 1758 urbe
822 1693 997 1781 Lypsiensi
1018 1691 1075 1758 sed
1096 1693 1195 1757 etiam
1217 1713 1258 1755 ex
1279 1691 1431 1754 universa
1451 1683 1574 1753 ditione
1588 1695 1622 1752 to

159 1791 320 1879 principis
343 1794 448 1860 nostri
469 1792 640 1880 expellere.
678 1792 896 1860 Constitutum
919 1803 968 1858 est
989 1795 1108 1880 itaque,
1129 1800 1165 1854 ut
1185 1787 1292 1855 nullus
1314 1787 1507 1875 empeiricus
1527 1785 1580 1851 hic

153 1890 207 1956 vel
238 1889 318 1956 alibi
333 1890 538 1958 ‘medicinam
567 1891 743 1958 adhibendi
772 1914 908 1980 eamque
936 1890 1099 1957 vendendi
1128 1898 1321 1976 potestatem
1348 1887 1485 1969 habeat,
1515 1884 1580 1950 nisi

153 1991 246 2077 prius
268 1988 427 2056 decanum
445 2001 477 2056 et
500 1990 669 2057 consilium
694 1990 857 2057 facultatis
877 2001 934 2057 aut
954 1991 1115 2058 medicum
1142 1988 1229 2055 illius
1254 1984 1362 2070 urbis,
1393 1986 1449 2052 ubi
1477 1993 1580 2052 artem

159 2112 252 2155 suam
275 2111 430 2155 exercere
450 2089 529 2174 vult,
552 2090 650 2156 adeat
671 2099 703 2155 et
724 2091 852 2156 veniam
876 2089 1027 2156 medendi
1049 2097 1286 2178 comprecetur,
1317 2087 1373 2173 qui
1402 2084 1519 2152 deinde
1540 2083 1581 2149 de

155 2209 194 2253 eo
215 2187 413 2254 constituant
435 2198 482 2271 et,
513 2191 541 2254 si
571 2200 673 2256 artem
695 2191 797 2277 ipsius
819 2189 1040 2277 probaverint,
1061 2188 1251 2258 admittant:
1294 2187 1343 2250 sin
1372 2187 1581 2273 impostorem
1592 2192 1623 2249 15

154 2285 376 2352 intellexerint
393 2308 475 2370 esse,
497 2288 693 2355 interdicant
714 2287 780 2370 illi,
812 2311 853 2354 ne
879 2288 931 2353 rel
961 2289 1171 2377 pharmacum
1200 2285 1302 2352 ullum
1322 2283 1443 2350 vendat
1464 2283 1517 2349 vel
1539 2281 1582 2348 ad

155 2409 275 2474 aegros
297 2383 447 2454 medendi
469 2409 524 2453 eos
547 2410 663 2453 caussa
682 2387 787 2454 adeat.
830 2387 927 2470 Quod
950 2391 977 2453 ai
1000 2410 1077 2453 vero
1099 2386 1216 2474 aliquis
1236 2386 1318 2451 haec
1337 2383 1504 2470 negligens
1525 2391 1582 2448 aut

156 2485 213 2574 qui
237 2506 272 2550 se
295 2484 481 2552 doctoratus
502 2486 594 2553 titulo
624 2489 749 2554 iactitet
779 2510 839 2554 nec
867 2497 955 2553 certa
985 2486 1178 2552 documenta
1205 2486 1273 2550 sive
1301 2483 1487 2549 testimonia
1514 2483 1582 2546 eius

155 2585 205 2649 rei
229 2583 360 2665 habeat,
381 2583 622 2672 depraehensus
642 2588 748 2672 fuerit
770 2590 804 2653 in
824 2610 895 2653 eum
917 2587 1129 2673 magistratus
1151 2609 1211 2674 pro
1234 2583 1416 2650 conditione
1438 2580 1581 2648 animad-

155 2693 284 2750 vertere
306 2682 412 2750 debet.
1588 2687 1622 2744 20

485 3542 509 3594 5.
533 3542 817 3596 ΒΕΒΤΙΜΜΙΓΝΘΕΝ
840 3543 912 3596 Aue
930 3545 1007 3596 nau
1024 3545 1141 3597 JAHRE
1165 3544 1250 3597 1555¹.

296 3705 341 3796 [S.
364 3705 406 3796 5.]
435 3725 471 3774 m
494 3725 627 3775 nome
650 3726 804 3776 seueras
826 3728 872 3776 ur
892 3727 1099 3776 mnrvruusn
1123 3728 1322 3777 ramrsms
1345 3725 1448 3774 sumu.

240 3857 335 3925 Anno
361 3865 440 3925 1555
461 3859 570 3946 prima
588 3858 663 3924 Iulii
683 3856 727 3945 (d.
750 3867 778 3926 1.
799 3858 880 3948 Juli)
902 3859 1040 3926 facultas
1050 3861 1188 3944 medice,
1210 3883 1282 3926 cum
1295 3857 1580 3940 animadverteret,

158 3958 320 4046 quaedam
341 3980 422 4040 esse,
445 3956 623 4046 dequibus
646 3981 744 4046 saepe
765 3958 923 4026 incideret
944 3959 1103 4026 dubitatio
1125 3971 1158 4026 et
1184 3961 1422 4040 controversia,
1449 3979 1489 4022 ne
1518 3977 1583 4044 qua

156 4060 288 4124 occasio
310 4057 463 4144 deinceps
485 4060 643 4124 maiorem
664 4060 774 4146 pariat
803 4059 1053 4142 dissensionem,
1082 4082 1117 4124 re
1146 4060 1318 4146 diligenter
1345 4057 1525 4124 deliberata
1552 4064 1625 4120 et25

158 4159 194 4222 in
216 4179 327 4222 omnes
349 4166 461 4244 partes
484 4179 639 4245 expensa,
661 4159 805 4224 unanimi
826 4181 984 4224 consensu
1005 4157 1149 4224 decrevit
1169 4159 1259 4242 haec,
1285 4181 1369 4246 quae
1397 4165 1585 4244 sequuntur,

157 4259 192 4322 in
215 4267 380 4345 posterum
402 4267 560 4344 perpetuo
581 4258 628 4323 ita
656 4281 726 4323 esse
753 4256 934 4340 servanda,
977 4267 1013 4322 ut
1039 4257 1118 4324 nulli
1145 4259 1241 4324 liceat
1268 4267 1383 4324 contra
1410 4279 1464 4339 ea,
1499 4277 1583 4344 quac

157 4356 256 4423 semel
291 4365 379 4422 recte
410 4357 586 4422 constituta
616 4367 699 4440 sunt,
732 4369 851 4423 temere
870 4366 926 4422 aut
946 4379 1073 4446 quoque
1095 4369 1192 4445 pacto
1213 4356 1338 4445 aliquid
1360 4355 1477 4439 moliri,
1498 4357 1583 4420 sieut

159 4455 194 4522 id
212 4457 366 4542 cuiusque
387 4459 525 4544 requirit
546 4459 737 4544 praestitum
757 4456 904 4522 facrrltati
925 4458 1152 4524 iuramentum.

859 4607 882 4672 l
1590 4613 1627 4671 3⁰

242 4723 324 4791 Cum
346 4725 570 4790 controversia
592 4722 777 4790 oboriretur
799 4724 840 4790 de
864 4723 1027 4789 auditorio
1047 4723 1208 4810 superiori
1230 4724 1359 4812 collegii
1376 4723 1486 4809 magni
1498 4721 1582 4788 inter

158 4822 327 4910 theologos
351 4832 383 4888 et
402 4821 557 4906 medicos,
580 4824 670 4889 cuius
691 4822 754 4888 loci
776 4827 936 4910 integrum
958 4824 1008 4888 ius
1028 4821 1075 4888 illi
1098 4822 1159 4888 sibi
1177 4822 1404 4906 vendicabant,
1425 4845 1484 4887 nos
1504 4843 1583 4887 vero

242 5026 253 5077 t
276 5019 337 5076 Aua
352 5021 414 5077 dem
432 5023 518 5076 Liber
534 5023 703 5077 decretam
719 5029 745 5076 et
763 5031 893 5080 adorare.
929 5021 993 5094 vgt
1011 5021 1149 5080 Urkundl.
1169 5021 1285 5088 Quellen
1302 5021 1330 5078 S.
1348 5025 1407 5078 085.
1437 5021 1490 5076 Die
1507 5020 1588 5075 rimi·

155 5103 244 5162 seben
262 5103 372 5175 Ziffern,
390 5104 443 5160 mit
458 5105 619 5162 summme
635 5105 684 5162 der
702 5111 801 5176 maten,
818 5104 923 5162 riihren
942 5123 996 5162 von
1012 5105 1064 5160 mir
1083 5104 1139 5161 her.
