3794 6060
808 475 859 524 Die
877 473 996 524 Sentetes
1013 489 1075 524 vom
1094 473 1177 524 Jahre
1199 477 1263 523 ttto

468 663 497 725 3.
528 673 576 722 nn
596 670 851 721 rusnrcseroua
874 671 1082 722 nancrrorus
1105 669 1277 718 necroms
1298 669 1344 716 nr
1366 665 1603 717 mrmaoross.

409 788 514 852 Facta
541 787 697 852 electione
724 787 859 852 rectoris
886 809 969 851 unus
999 786 1039 851 ds
1065 784 1260 851 electoribus
1282 783 1439 870 quinque,
1469 783 1502 848 in
1525 804 1620 871 quem
1642 805 1753 848 omnes

326 886 598 953 concordaverint
617 885 670 950 vel
690 887 794 950 maior
816 907 895 971 pars
917 885 1041 966 saltem,
1063 882 1245 949 nominabit
1265 880 1403 948 electum
1425 889 1456 946 et
1477 879 1658 968 publicabit
1677 903 1749 948 eum

325 987 540 1052 universitati.
582 984 626 1049 Et
648 985 676 1048 si
698 982 818 1049 electus
840 984 875 1048 in
896 984 1153 1069 congregacione
1172 1004 1238 1047 non
1259 981 1365 1064 fuerit,
1388 980 1430 1046 ab
1444 979 1640 1046 electoribus
1658 1003 1754 1067 quae-

298 1095 418 1150 5ratur
439 1093 472 1148 et
492 1082 606 1147 electio
628 1083 669 1146 de
691 1104 727 1147 se
747 1083 835 1146 facta
858 1080 920 1146 sibi
942 1082 1145 1169 exprimatur
1165 1091 1197 1146 et
1218 1101 1394 1145 consensus
1416 1080 1520 1166 ipsius
1544 1079 1685 1168 desuper
1704 1101 1751 1143 re

326 1185 482 1272 quiratur.
511 1181 643 1246 Electus
654 1191 772 1262 autem,
787 1181 874 1245 facta
889 1179 953 1246 sibi
963 1180 1021 1244 tali
1032 1181 1250 1261 intimacione,
1263 1201 1328 1244 non
1341 1178 1512 1243 cremabit
1523 1201 1558 1243 se
1575 1177 1636 1244 sub
1651 1201 1756 1266 poena

325 1283 422 1348 trium
445 1277 523 1367 [4¹³]
546 1301 731 1344 marcarum
752 1281 827 1366 puri
852 1281 989 1365 argenti.
1030 1277 1162 1344 Electus
1183 1279 1302 1353 eciam,
1330 1278 1394 1341 nisi
1415 1277 1507 1363 prius
1529 1277 1628 1343 fuerit
1647 1286 1756 1341 rector

327 1403 385 1446 suo
415 1380 544 1444 nomine
567 1387 646 1451 tucn
673 1377 716 1442 ab
746 1377 810 1442 alio
839 1376 1062 1459 substitutus),
1091 1377 1303 1442 renuncciare
1332 1396 1396 1440 non
1418 1377 1523 1462 possit
1542 1375 1693 1441 electioni
1716 1375 1755 1440 de

327 1478 502 1558 refactae,
531 1478 634 1541 eciam
661 1476 780 1541 nullius
809 1475 974 1563 privilegii
996 1474 1047 1540 vel
1069 1477 1281 1540 immunitatis
1303 1483 1492 1561 praetextu,
1523 1474 1581 1539 sed
1602 1485 1679 1540 ante
1701 1497 1752 1540 oc-

286 1587 319 1642 1⁰
329 1599 437 1641 casum
466 1573 544 1640 solis
572 1573 735 1639 tenebitur
765 1585 936 1660 acceptare
961 1573 1022 1640 sub
1044 1596 1151 1661 poena
1168 1574 1389 1659 praescripta,
1420 1574 1483 1640 nisi
1503 1575 1588 1638 forte
1608 1575 1757 1639 raciona-

327 1675 426 1740 bilem
452 1673 701 1738 excusacionem
730 1671 863 1738 babeat:
896 1693 980 1760 qnae
1011 1674 1038 1736 si
1070 1695 1129 1759 per
1157 1681 1316 1738 rectorem
1343 1673 1509 1756 antiquum
1536 1693 1611 1736 cum
1638 1673 1755 1738 maiori

326 1782 422 1861 parte
450 1771 712 1836 consiliariorum
738 1772 835 1836 fuerit
863 1771 1063 1856 approbata,
1090 1779 1169 1836 tunc
1194 1791 1305 1835 coram
1326 1771 1408 1855 ipsis
1432 1769 1552 1835 electus
1573 1770 1614 1836 de
1636 1793 1756 1837 causae

325 1873 465 1937 veritate
485 1871 595 1934 iurare
615 1878 770 1934 teneatur.
813 1868 909 1949 Quod
930 1871 958 1934 si
979 1890 1044 1933 non
1064 1869 1194 1950 fecerit,
1214 1871 1257 1934 sit
1277 1877 1435 1955 perpetus
1457 1871 1606 1956 privatus
1627 1874 1756 1936 univer·

329 1971 436 2034 sitatis
464 1965 600 2033 comodo
629 1976 662 2032 et
688 1968 827 2050 honore,
853 1989 913 2032 nec
940 1968 1066 2033 restitui
1093 1969 1213 2055 possit,
1241 1967 1305 2032 nisi
1327 1967 1447 2032 dictam
1469 1989 1609 2054 poenam
1631 1969 1756 2056 persol-

289 2079 401 2150 ttvat,
422 2087 519 2154 qnam
541 2075 673 2131 nostrae
694 2067 898 2131 universitati
920 2066 1068 2133 volumus
1091 2066 1263 2153 applicari.

411 2165 457 2230 Et
485 2163 572 2228 idem
601 2164 846 2251 intelligendum
875 2176 924 2231 est
952 2165 993 2232 de
1022 2163 1136 2231 eodem
1157 2165 1209 2230 vel
1231 2165 1311 2248 alio,
1339 2168 1394 2252 qui
1415 2167 1488 2252 ipso
1513 2165 1566 2231 die
1587 2165 1756 2233 electionis

326 2264 379 2330 vel
406 2285 597 2351 quocunque
622 2264 685 2328 alio
714 2266 862 2353 sequenti
882 2265 1083 2330 recusaverit
1103 2273 1282 2330 rectoratus
1304 2263 1445 2330 officium
1468 2276 1649 2352 acceptare.
1671 2329 1672 2338 ,
1694 2263 1755 2332 Re·

327 2364 498 2429 ousacione
521 2371 629 2426 autem
651 2363 756 2444 facta,
782 2372 890 2428 rector
917 2365 1067 2451 antiquus
1089 2365 1336 2429 universitatem
1357 2363 1457 2428 faciat
1477 2368 1674 2452 congregari
1699 2388 1758 2454 pro

327 2461 392 2526 alio
414 2471 540 2527 rectore
563 2461 722 2548 eligendo.

285 2655 320 2710 ιο
499 2649 532 2708 4.
559 2661 607 2708 nn
631 2660 977 2710 uucounauoacrorsa
998 2661 1043 2709 nr
1066 2663 1177 2712 annus
1199 2663 1267 2712 suu
1288 2661 1584 2712 rmenuraunrs.
1685 2673 1687 2678 ·

408 2791 528 2856 Rector
560 2791 681 2856 electus
719 2800 892 2878 postquam
927 2795 1147 2879 acceptaverit
1181 2795 1219 2860 of
1226 2791 1257 2881 [5
1265 2791 1291 2881 ⁸]
1300 2794 1409 2859 ficium
1438 2803 1634 2879 rectoratus,
1675 2799 1760 2864 infra

329 2889 514 2978 quindecim
541 2889 611 2954 dies
640 2891 790 2974 proxime
820 2900 989 2978 sequentes
1014 2891 1123 2979 aliquo
1150 2893 1203 2958 die
1229 2893 1347 2958 festivo
1373 2915 1408 2958 se
1431 2893 1531 2958 faciat
1550 2896 1760 2963 universitati

327 2987 601 3070 recommendari,
629 2999 662 3052 et
681 2997 758 3054 tunc
779 2988 928 3055 undatur
950 2990 1013 3055 sibi
1034 3013 1093 3078 per
1115 3001 1274 3058 rectorem
1296 2995 1465 3080 antiquum
1489 2993 1632 3079 sigillum
1654 3005 1760 3061 recto·

328 3098 420 3154 ratus
450 3109 522 3152 cum
549 3089 678 3152 statutis
701 3089 942 3175 universitatis,
980 3090 1089 3177 ibique
1121 3091 1221 3156 faciat
1249 3103 1356 3158 rector
1383 3091 1513 3180 publice
1538 3093 1756 3162 iuramentum

287 3187 552 3269 25universitati,
583 3185 668 3275 quod
695 3185 735 3251 de
760 3191 901 3274 receptis
929 3188 1076 3276 pecuniis
1108 3192 1288 3278 ceterisque
1317 3189 1427 3275 rebus,
1466 3214 1549 3276 quae
1575 3202 1760 3260 rectoratus

331 3295 528 3351 concernunt
549 3286 705 3369 officirmr,
734 3287 834 3352 faciat
865 3287 1054 3354 fidelitatem
1084 3310 1175 3354 suam
1194 3290 1228 3353 in
1251 3289 1399 3356 omnibus
1422 3289 1598 3356 secundnm
1618 3292 1758 3359 formam

328 3385 462 3450 inferius
483 3394 672 3450 annotatam
694 3385 728 3451 in
749 3386 881 3452 rubrica
900 3387 975 3472 „Ad
997 3386 1076 3476 quid
1095 3398 1243 3453 teneatur
1264 3397 1371 3456 rector
1391 3391 1628 3456 universitati.“

723 3575 752 3634 5.
785 3587 832 3634 os
855 3586 1059 3636 rumimuro
1082 3586 1168 3635 nour
1187 3587 1366 3638 nncroms.

410 3715 629 3784 Iuramentmn
650 3717 727 3782 novi
748 3718 900 3800 rectoris,
922 3715 1052 3804 quando
1074 3718 1355 3786 recommendatam
1377 3729 1443 3786 est:

286 3824 321 3882 ³0
410 3817 543 3900 „Primo
566 3816 732 3898 iurabitis,
757 3815 844 3902 quod
866 3817 937 3880 sitis
958 3814 1139 3882 membrum
1160 3819 1381 3885 universitatis
1402 3822 1496 3884 istius
1517 3830 1551 3885 et
1570 3822 1660 3909 quod
1680 3826 1753 3892 sitis

329 3914 483 3997 clericus,
513 3937 580 3980 non
606 3915 813 4000 coniugatus,
841 3937 902 3980 nec
928 3915 1110 4000 professus,
1139 3927 1171 3981 et
1199 3917 1287 4004 quod
1316 3941 1377 4007 pro
1405 3939 1502 4007 posse
1533 3923 1755 4008 procurabitis

331 4037 415 4099 quae
436 4014 600 4100 pertinent
621 4013 664 4078 ad
684 4012 803 4078 bonum
826 4022 945 4080 statum
964 4013 1065 4080 studii
1087 4024 1119 4080 et
1140 4018 1380 4102 universitatis,
1410 4021 1456 4084 ita
1476 4027 1585 4084 tamen
1606 4023 1696 4105 quod
1719 4045 1760 4089 ex

330 4113 396 4178 levi
424 4112 630 4198 ignorancia,
658 4133 742 4199 quae
768 4135 832 4177 non
859 4114 903 4178 sit
928 4135 970 4178 ex
994 4113 1141 4200 malicia,
1167 4118 1346 4202 periurium
1367 4140 1433 4184 non
1453 4119 1638 4186 incurratis.
1681 4121 1762 4188 Item

331 4209 482 4277 iurabitis
511 4220 634 4276 statuta
662 4212 751 4276 facta
778 4221 810 4276 et
834 4211 1000 4296 facienda,
1030 4235 1114 4300 quae
1145 4237 1204 4300 per
1232 4217 1476 4284 universitatem
1505 4228 1579 4283 sunt
1607 4229 1638 4284 et
1670 4232 1766 4286 erunt

289 4320 324 4376 35
333 4309 531 4397 approbata,
559 4309 696 4376 tirmiter
725 4309 901 4378 observare
930 4321 962 4376 et
987 4311 1095 4378 facere
1121 4313 1164 4378 ab
1191 4315 1340 4382 omnibus
1368 4317 1538 4384 observari
1569 4314 1637 4406 [tl]
1667 4329 1701 4385 et
1726 4343 1766 4385 ea

332 4417 544 4475 manutenere
563 4417 596 4473 et
618 4408 796 4476 defensare
836 4409 921 4476 Item
941 4409 1102 4494 iux-obitis,
1123 4411 1211 4499 quod
1233 4413 1356 4482 nullum
1376 4415 1562 4482 inscribetis
1591 4417 1635 4482 ad
1653 4421 1769 4486 matri-

333 4507 441 4572 culam
461 4509 702 4592 universitatis‚
727 4510 790 4576 nisi
813 4510 905 4598 prius
924 4510 1101 4576 secundum
1121 4521 1277 4580 statutum
1296 4515 1520 4581 univcrsitatis
1543 4515 1658 4584 fecerit
1680 4520 1766 4586 iura·

332 4616 485 4672 mentum.
534 4607 615 4672 ltem
642 4607 807 4692 intrabitis,
839 4607 927 4698 quod
954 4631 1057 4696 usquc
1084 4609 1127 4675 ad
1154 4611 1251 4676 finem
1279 4616 1381 4680 vestri
1408 4616 1578 4701 regiminis
1606 4620 1767 4703 pecunias

333 4706 567 4788 universitatis,
594 4709 621 4772 si
641 4729 724 4793 quae
747 4707 790 4772 ad
812 4718 939 4774 vestras
959 4731 1074 4774 manus
1096 4713 1314 4796 pervenerint,
1336 4712 1474 4778 fideliter
1496 4734 1555 4801 pro
1569 4719 1767 4784 universim·

291 4807 375 4870 totis
403 4804 546 4870 utilitate
573 4803 807 4891 dispensabitis
833 4817 865 4872 et
891 4805 1074 4889 residuum,
1101 4807 1229 4894 siquid
1250 4811 1364 4895 fuerit,
1394 4813 1639 4880 conservabitis.
1683 4817 1764 4884 ltern

335 4901 498 4986 iurabitis‚
521 4903 608 4990 quod
627 4917 703 4989 post
721 4905 820 4969 finem
840 4907 942 4970 vestri
962 4905 1131 4990 reffl'minis
1153 4929 1212 4993 per
1234 4929 1377 4976 mensem
1398 4914 1560 4998 integrum
1581 4915 1615 4978 in
1636 4915 1764 5004 Lipcnk

337 5001 546 5068 remanebitis
569 5013 600 5066 et
621 5004 706 5089 quod
728 5002 837 5068 velitis
859 5014 947 5068 stare
967 5005 1041 5087 iuri,
1069 5006 1097 5068 si
1117 5015 1231 5072 coutm
1252 5029 1313 5073 vos
1335 5009 1458 5098 aliquid
1480 5011 1643 5078 obiectum
1659 5015 1764 5098 tuerit,

339 5111 371 5168 ct
400 5121 500 5188 super
528 5103 642 5187 poenis
672 5101 836 5170 solvendis
863 5112 972 5168 vestro
994 5101 1101 5168 velitis
1125 5103 1258 5170 obedire
1278 5113 1467 5176 successori.
1509 5111 1546 5177 Si
1573 5123 1683 5182 autem
1708 5135 1765 5183 vos
