3758 6072
495 455 585 506 Visrte
604 454 868 522 Snmnoredsctiom
886 470 939 508 rou
958 453 1131 510 ttae-1522.
1460 460 1520 528 447

103 643 175 702 tuor
194 635 355 722 magistri,
379 637 427 702 sic
446 659 506 724 per
527 645 646 705 sortem
663 636 767 720 electi,
789 660 855 707 una
875 659 948 706 cum
968 638 1091 706 deamo
1110 635 1379 708 baccalariaudos
1399 639 1520 707 exami-

102 733 226 800 nabunt
247 744 279 800 ot
298 733 504 820 iudicabunt3
534 737 581 804 sio
601 737 821 823 pariformiter
850 747 987 826 quatuor
1008 760 1067 825 per
1087 745 1208 806 sortem
1229 737 1322 804 electi
1344 758 1418 802 cum
1439 738 1523 806 vico·

103 832 296 900 cancellario
316 834 557 920 magisnaudos
578 835 780 924 temptabunt
801 847 833 902 et
854 836 1093 904 examinabunt
1132 835 1177 902 Et
1205 835 1290 902 solus
1312 835 1452 902 decanus
1473 845 1524 902 cst

104 933 143 1002 de
171 934 318 998 essenois
338 935 498 1000 examinis
524 957 585 1021 pro
612 935 844 1020 baccalariatu,
872 945 904 1004 et
926 935 1012 1002 solus
1034 935 1318 1002 vicecancellarius
1337 957 1399 1022 pro
1421 935 1522 1020 magi-

104 1033 211 1116 sterio,
232 1054 369 1119 quorum
389 1043 439 1102 est
458 1035 662 1121 quaestiones
683 1035 912 1122 promovendis
933 1045 966 1101 et
985 1035 1209 1103 examinandis
1228 1035 1406 1120 assignare.
1548 1043 1566 1102 t

123 1202 149 1264 8.
182 1215 415 1265 ΙΠΒΔΜΕΝΤΠΜ
438 1215 678 1266 SUBSCRIPTUM
698 1220 825 1268 masau
852 1221 993 1268 Daunus
1015 1218 1282 1269 ammonas
1311 1218 1359 1265 AD
1389 1217 1504 1266 MANUS

141 1314 271 1362 Ducam
292 1315 419 1364 susum
438 1316 527 1366 POST
546 1315 667 1365 EORUM
687 1319 921 1386 ussermann,
943 1319 1117 1368 simmaea
1137 1316 1486 1368 vlcncsrtcnunsmua

182 1431 280 1518 „Ego
302 1432 353 1496 .N.
373 1433 455 1516 iuro,
482 1433 570 1520 quod
595 1434 726 1500 inantea
748 1434 789 1502 de
808 1435 961 1502 fatiendis
988 1457 1046 1522 per
1068 1457 1120 1500 me
1141 1457 1204 1520 quo
1225 1433 1269 1501 ad
1296 1433 1526 1501 admissionem

104 1530 154 1596 vel
181 1532 392 1600 reiectionem
412 1533 616 1618 temptamini
642 1533 694 1600 vel
721 1535 863 1602 examini
889 1557 975 1600 nuno
1002 1557 1038 1600 se
1060 1534 1329 1616 submittencium,
1358 1553 1454 1618 quem
1475 1530 1528 1599 vel

105 1653 183 1717 quos
211 1651 272 1716 ego
302 1629 474 1697 admittere
503 1631 554 1696 vol
586 1633 709 1698 reicere
738 1634 845 1718 velim,
875 1633 988 1719 quales
1021 1635 1123 1702 eciam
1154 1634 1220 1720 ipsi
1252 1631 1332 1701 mihi
1362 1631 1415 1697 val
1445 1633 1570 1704 meltffl

104 1729 420 1795 coexaminatoribus
442 1729 592 1796 dederint
617 1735 854 1820 responsiones,
886 1744 961 1798 ante
989 1732 1153 1816 iudicium,
1183 1732 1224 1796 de
1244 1731 1302 1796 tali
1320 1730 1373 1796 vel
1394 1730 1436 1795 de
1456 1729 1527 1794 tali-

104 1827 162 1894 bus
191 1830 228 1893 in
255 1831 466 1916 temptamina
493 1830 546 1896 vel
574 1835 724 1898 examine
751 1835 925 1899 constituto
951 1833 1004 1898 vel
1037 1833 1217 1900 constitutis
1244 1831 1339 1896 iuxta
1366 1828 1530 1894 facultatis

107 1929 233 1992 arcium
254 1929 518 1996 consuetudinem
545 1931 665 1996 factum
686 1943 719 1997 et
740 1933 943 2020 completum,
969 1931 1090 1997 nullum
1117 1933 1245 2019 penitus
1273 1929 1452 1996 certificare
1473 1937 1530 1994 sut

106 2025 145 2091 de
166 2027 231 2092 hoc
251 2049 361 2095 coram
384 2027 493 2116 aliquo
520 2041 675 2096 extraneo
703 2041 760 2096 aut
787 2034 889 2098 eciam
917 2054 959 2096 ex
985 2032 1084 2096 michi
1112 2030 1337 2118 condeputatis
1366 2029 1528 2095 examina·

105 2125 230 2192 toribus
252 2151 303 2192 me
329 2127 502 2211 resolvere,
530 2131 712 2216 praemissa
739 2140 845 2196 tamen
875 2131 1018 2217 generali
1045 2130 1297 2196 interlocucione
1324 2129 1366 2194 de
1393 2130 1570 2205 oneum-16

106 2225 249 2310 stanoiis,
274 2237 344 2292 tam
366 2249 429 2316 quo
457 2227 500 2292 ad
527 2251 634 2294 mores
656 2253 752 2318 quam
778 2231 934 2296 scienciae
961 2252 1175 2318 personarum
1200 2239 1231 2294 et
1250 2230 1337 2294 vitae
1363 2229 1530 2314 meritum3

106 2347 163 2390 nec
184 2325 327 2413 aliquem
351 2349 393 2392 ex
419 2325 484 2392 illis
513 2328 546 2391 in
573 2331 784 2417 praescriptis
813 2329 856 2394 ad
883 2353 918 2395 se
944 2329 1171 2395 resolvendum
1198 2328 1362 2412 inducere,
1384 2324 1449 2416 [9⁵]
1472 2325 1531 2392 sed

108 2423 284 2490 secundum
304 2425 468 2494 facultatis
489 2429 614 2492 arcium
635 2432 771 2494 statuta¹
793 2428 908 2516 dignos
931 2428 1120 2516 simpliciter
1142 2427 1313 2494 admittere
1327 2436 1360 2492 et
1379 2425 1532 2514 indiguos

107 2523 299 2612 simpliciter
321 2527 453 2608 reicere,
481 2534 608 2613 etpost
629 2527 796 2612 iudicium,
822 2550 882 2615 per
906 2549 957 2592 me
979 2537 1010 2592 et
1030 2527 1112 2592 alios
1133 2529 1263 2610 factum,
1291 2525 1371 2615 quid
1396 2549 1456 2612 ego
1477 2534 1533 2590 aut

107 2621 225 2708 aliquis
256 2627 554 2694 coexaminatorum
583 2649 728 2694 meorum
756 2629 937 2712 fecerimus,
966 2626 1046 2692 nulli
1074 2627 1221 2694 revelare
1248 2626 1355 2694 velim.
1397 2625 1454 2692 Sic
1480 2633 1575 2690 meto

108 2720 184 2787 deus
207 2721 342 2790 adiuvet
359 2733 391 2789 et
413 2735 527 2790 sancta
546 2724 599 2790 dei
619 2727 819 2812 evangelia.“
841 2727 886 2794 Et
906 2726 949 2792 sd
969 2725 1057 2791 idem
1076 2736 1205 2793 tenetur
1227 2726 1372 2794 decanus
1398 2737 1431 2791 et
1450 2726 1533 2791 vice·

108 2819 320 2888 cancellarius
340 2822 506 2892 facultatis
526 2826 658 2892 arcium.

147 2991 177 3054 9.
204 3005 295 3066 QUOS
316 3005 495 3058 FACULTAS
514 3008 646 3060 samum
666 3009 828 3062 aarum
850 3009 980 3060 martes
1002 3008 1266 3062 aldomnus
1286 3010 1322 3058 m
1343 3009 1501 3060 surmus.

187 3120 332 3207 Reputat
357 3119 496 3188 &emtas
523 3125 647 3190 arcium
668 3123 742 3190 illos
768 3124 874 3211 gradu
900 3123 1140 3190 baccalariatus
1167 3123 1293 3210 dignos,
1323 3125 1440 3212 quibus
1468 3147 1533 3190 non

108 3220 216 3286 solum
237 3219 406 3286 literarum
429 3222 579 3306 sciencia,
599 3245 712 3288 verum
733 3226 837 3289 eciam
859 3225 948 3289 vitae
968 3226 1118 3289 meritum
1145 3233 1177 3288 et
1202 3223 1355 3289 honestas
1377 3223 1576 3310 suffrsga25

107 3329 176 3404 tur3
198 3321 235 3385 in
257 3321 412 3404 scientiis,
434 3323 491 3408 qui
512 3321 594 3388 bene
616 3345 650 3387 se
671 3321 792 3388 habent
811 3327 846 3388 in
867 3325 1093 3410 grammatica,
1116 3323 1149 3387 in
1168 3324 1281 3409 parvis
1302 3322 1483 3410 loyoalibus
1504 3333 1535 3388 et

106 3420 141 3484 in
161 3429 303 3506 quatuor
323 3420 516 3489 tractatibus
536 3421 626 3491 Petri
647 3421 804 3509 Hispani,
832 3425 866 3487 in
885 3422 958 3488 aliis
980 3431 1209 3510 competenter.
1249 3421 1294 3486 Et
1314 3421 1452 3486 facultas
1472 3423 1535 3488 hoc

109 3518 307 3584 declarando
328 3520 388 3587 hos
413 3528 544 3608 reputat
572 3523 613 3586 in
644 3523 919 3608 grammatico
945 3545 981 3588 se
1004 3522 1088 3588 bene
1113 3520 1245 3606 habere,
1271 3522 1337 3606 qui,
1365 3523 1536 3608 proposita

109 3618 220 3704 aliqua
238 3619 389 3704 dictione,
417 3643 499 3704 eam,
521 3643 563 3686 sn
583 3643 700 3686 nomen
722 3623 764 3686 sit
784 3622 836 3687 vel
860 3622 996 3687 verbum
1018 3621 1123 3686 aliave
1146 3643 1224 3708 pars
1246 3621 1411 3704 orationis,
1439 3620 1533 3686 iuxta

108 3719 293 3791 doen-inam
313 3719 437 3786 Donati
458 3730 491 3786 et
508 3721 648 3809 Remigii
675 3743 733 3809 per
755 3721 988 3788 diffinicionum
1010 3723 1267 3808 assignaoionem
1287 3719 1397 3786 valant
1418 3720 1579 3789 duum-ao

111 3841 185 3891 cara
209 3829 243 3886 et
263 3842 336 3886 eam
355 3821 390 3885 in
409 3819 633 3888 accidentibus
655 3823 721 3887 suis
743 3821 945 3904 declinando,
971 3819 1185 3907 maingando,
1213 3820 1384 3904 movendo,
1409 3843 1537 3909 compa·

110 3921 223 4004 rando,
245 3941 349 4006 genus
370 3920 567 4007 assignando
588 3931 620 3987 et
640 3920 722 4004 aliis,
742 3943 964 4009 quaecumque
986 3923 1051 3986 sint
1070 3919 1137 4004 ills,
1159 3921 1377 4007 congruitates
1398 3919 1537 4008 denique
1652 3950 1655 3958 ¹

110 4040 170 4105 per
205 4018 337 4105 regulas
374 4020 557 4108 generales,
591 4022 751 4108 regimina
786 4029 818 4085 et
852 4022 1113 4086 construooiones
1146 4019 1302 4108 expedire
1338 4030 1371 4084 et
1408 4021 1538 4107 regulas

109 4117 305 4184 Allexsndri
327 4118 369 4184 ad
399 4119 528 4206 singula
549 4122 720 4209 praedicta
748 4119 916 4208 adaptare.
955 4121 1000 4185 ln
1029 4120 1175 4208 parvis
1204 4117 1449 4205 loyoalibus
1478 4119 1538 4186 hos

109 4228 242 4307 reputat
269 4241 305 4284 se
330 4218 413 4284 bene
437 4217 573 4304 habere,
602 4223 658 4309 qui
685 4223 719 4286 in
747 4219 940 4286 tractatibus
969 4220 1249 4307 supposicionum,
1276 4218 1579 4305 ampliacionum‚35

110 4321 367 4404 restrictionum,
395 4319 654 4408 appellacionum
683 4317 918 4407 exponibilium
948 4329 980 4384 et
1008 4318 1317 4405 consequenciarum
1345 4319 1538 4405 generaliter

110 4439 146 4484 se
165 4417 325 4507 expedire
349 4427 494 4506 possunt,
523 4422 570 4485 its
596 4429 632 4486 ut
657 4421 771 4502 sciant,
801 4418 938 4505 qualiter
963 4419 1118 4482 terminus
1147 4427 1323 4504 supponat,
1353 4419 1460 4507 ample
1486 4420 1538 4486 vel

112 4521 263 4586 restricte
284 4527 441 4602 teneatur,
464 4541 526 4606 quo
546 4519 643 4586 modo
665 4519 725 4585 sub
746 4520 818 4606 ipso
840 4515 993 4584 descendi
1013 4516 1145 4600 debeat,
1168 4519 1412 4604 propositiones
1434 4521 1537 4584 eciam

110 4621 246 4684 racione
285 4620 496 4684 terminorum
526 4617 762 4708 exponibilium
793 4617 988 4704 generaliter
1023 4639 1188 4704 exponere
1217 4616 1356 4684 valeant.
1398 4617 1463 4684 Sed
1498 4621 1539 4682 in

110 4727 255 4783 vetere
279 4729 371 4784 arte
399 4718 459 4785 hos
485 4729 615 4807 reputat
636 4741 671 4784 se
692 4718 774 4784 bene
795 4716 926 4802 habere,
957 4717 1023 4804 qui,
1046 4714 1125 4804 quid
1150 4739 1278 4801 nomen,
1303 4717 1382 4805 quid
1401 4718 1580 4784 verbumto

114 4816 203 4904 apud
224 4816 355 4905 loyoum
375 4819 566 4906 propositio,
587 4841 679 4908 quae,
700 4817 819 4906 qualia,
842 4827 963 4906 quanta
984 4824 1017 4882 et
1035 4817 1070 4882 in
1090 4837 1155 4903 qua
1174 4821 1311 4885 materis
1329 4821 1372 4886 sit
1392 4839 1432 4882 ac
1451 4817 1539 4884 eirca

198 5041 212 5092 l
231 5035 273 5092 Zu
291 5053 344 5092 ssa.
354 5039 419 5108 foc.
437 5041 491 5091 art.
507 5040 540 5092 st
557 5033 595 5089 ist
614 5050 660 5090 sm
677 5033 776 5090 Raude
793 5032 933 5091 bunerlrt:
964 5035 1045 5092 Haec
1064 5036 1149 5092 vebo
1171 5038 1279 5094 deordo
1294 5034 1445 5105 secudu&
1462 5035 1539 5092 omit·

112 5123 213 5175 tantm
233 5123 306 5176 15²0.
