3794 6060
532 461 578 508 nris
594 461 860 512 Znsatabeecbltmu
878 463 918 512 bis
935 477 995 512 sun
1014 463 1097 513 Jahre
1118 467 1191 513 1490.
1530 464 1570 527 53

142 636 326 720 titulentur,
348 648 380 704 et
401 640 486 728 quod
507 641 682 730 unicuique
703 641 805 708 velint
824 643 933 708 iacere
954 643 1100 708 similiter
1122 663 1178 708 seu
1198 641 1442 708 racionabiliter
1464 651 1496 708 et
1517 665 1567 708 ar·

142 735 258 803 ticnlos
281 737 507 826 infrascriptos
529 740 672 829 deipsis
696 739 797 807 velint
818 742 1004 808 observare.

331 925 379 986 10.
411 939 458 985 nn
479 939 687 988 remensus
708 941 989 992 umvsnsrrsrnu
1010 927 1367 992 consrrrusnrmus.¹

221 1049 261 1115 ln
284 1050 495 1119 universitate
517 1056 582 1122 sint
603 1064 741 1144 quatuor
760 1059 933 1142 naciones,
961 1069 998 1125 nt
1021 1056 1062 1123 de
1083 1057 1168 1121 facto
1192 1065 1284 1140 sunt,
1308 1056 1401 1121 etde
1423 1080 1564 1144 quacun·

140 1169 201 1234 que
222 1150 363 1215 nacione
384 1153 456 1239 quis
477 1176 543 1219 non
563 1154 745 1222 intitulatus
766 1157 881 1242 fixerit,
902 1158 947 1224 ad
967 1157 1056 1223 illam
1078 1154 1275 1220 inscribatur
1285 1203 1295 1237 ,
1321 1165 1353 1220 et
1374 1155 1478 1222 solvet
1498 1159 1594 1222 uni-5

138 1249 290 1312 versitati
317 1247 429 1316 decem
455 1273 589 1338 grossos
617 1261 649 1320 et
676 1253 817 1322 medium
843 1279 994 1342 grossum
1021 1252 1232 1322 servitoribus
1253 1254 1491 1338 universitatis,
1519 1257 1565 1322 in·

139 1344 242 1412 raudo
265 1346 326 1412 sub
350 1347 412 1414 hac
433 1349 553 1416 forma:

220 1461 319 1550 „Ego
340 1465 381 1529 N.
403 1467 474 1533 iuro
495 1467 590 1534 vobis
611 1471 731 1536 rectori
752 1479 783 1534 et
803 1471 921 1536 vestris
943 1467 1186 1540 successoribus
1208 1467 1431 1534 obedienciam
1451 1468 1486 1532 in
1500 1467 1567 1532 lici·

138 1561 179 1624 tis
211 1569 245 1626 et
280 1561 426 1630 honestis
460 1574 493 1632 et
518 1590 652 1632 servare
679 1578 801 1634 statuta
829 1579 864 1634 et
893 1568 1065 1636 statuenda
1089 1591 1150 1654 pro
1176 1589 1273 1654 posse
1299 1587 1386 1648 meo,
1420 1574 1453 1630 et
1482 1565 1571 1652 quod

140 1657 261 1724 bonum
282 1658 379 1728 buius
402 1660 434 1750 [9
443 1661 470 1752 ⁸]
493 1667 715 1732 universitatis
736 1667 834 1732 velim
857 1690 1044 1756 procurare,
1065 1667 1109 1732 ad
1130 1686 1352 1754 quemcunque
1373 1673 1492 1728 statum
1514 1663 1567 1728 de·
1580 1675 1612 1728 10

138 1780 274 1842 venero,
297 1769 330 1824 et
352 1761 440 1850 quod
460 1765 613 1830 iniuriam
636 1768 805 1854 propriam
826 1789 886 1832 uec
908 1787 966 1853 per
986 1789 1037 1832 me
1058 1789 1118 1830 nec
1139 1787 1199 1852 per
1222 1765 1322 1830 alium
1343 1762 1441 1828 velim
1459 1761 1564 1828 vindi-

137 1878 212 1922 care
241 1857 303 1923 scd
330 1884 429 1949 snper
458 1862 519 1929 boc
543 1865 684 1930 officinm
711 1866 846 1932 rectoris
873 1867 1036 1933 invocare.
1090 1864 1146 1930 Sic
1181 1885 1232 1928 me
1260 1862 1340 1928 deus
1371 1861 1505 1928 adiuvet
1534 1871 1567 1926 et

136 1952 218 2022 haec
240 1969 358 2024 sancta
379 1959 433 2026 dei
453 1962 654 2048 evangelia“

345 2148 392 2207 ll.
424 2160 471 2208 DE
492 2161 592 2212 MODO
614 2161 781 2211 abrasum
803 2162 1041 2213 contaminatos
1061 2164 1107 2211 ET
1129 2143 1361 2210 ΙῙΠΠΦΙΔΙιΕίὶ.2

219 2269 413 2339 consiliarii
433 2275 600 2354 iudiciales
624 2277 784 2364 eligantur
807 2278 847 2344 de
869 2288 1008 2365 quatuor
1029 2276 1220 2344 nacionibus
1237 2299 1296 2364 per
1317 2275 1607 2345 huncmodum.15

138 2365 338 2454 consiliarii,
361 2375 418 2461 qui
437 2375 567 2441 fuerunt
588 2399 649 2464 pro
672 2387 818 2466 tempore
834 2379 959 2466 antiqui
970 2378 1118 2459 rectoris,
1140 2375 1334 2443 coadinncta
1350 2374 1413 2440 sibi
1429 2375 1567 2439 nacione

138 2489 214 2550 sna,
246 2472 367 2560 quique
394 2475 429 2538 in
461 2497 521 2540 sua
547 2478 683 2542 nacione
706 2477 918 2543 nominabunt
940 2499 999 2542 sex
1018 2476 1176 2543 discretos
1197 2477 1286 2540 viros
1309 2495 1386 2538 snae
1407 2475 1566 2556 nacionis,

139 2587 219 2652 quos
242 2569 356 2636 valere
378 2573 513 2638 credunt
533 2575 575 2640 ad
597 2575 659 2642 hoc
679 2575 834 2658 officium,
863 2577 1087 2642 consenciente
1107 2585 1177 2640 tota
1195 2573 1253 2639 illa
1273 2575 1427 2656 nacione,
1455 2581 1488 2637 et
1509 2571 1568 2638 hos

137 2663 170 2729 in
191 2675 287 2733 cama
308 2670 441 2738 tradant
461 2677 588 2740 rectori.
629 2676 703 2756 Quo
730 2676 816 2742 iacto
839 2685 946 2741 rector
966 2697 1069 2741 novus
1092 2673 1133 2739 de
1152 2695 1347 2761 unaquaque
1368 2673 1505 2737 nacione
1525 2695 1568 2736 ex

139 2787 197 2830 sex
226 2766 311 2833 duos
339 2771 476 2859 recipiat
500 2782 533 2838 et
559 2775 606 2839 sic
633 2787 726 2841 erunt
748 2786 819 2842 octo
841 2773 1037 2858 consiliarii,
1066 2775 1121 2862 qni
1149 2795 1222 2838 cum
1244 2783 1370 2838 rectore
1392 2772 1425 2836 in
1445 2769 1610 2837 iudicione

140 2863 309 2934 sedebunt
352 2869 600 2957 Verumtamen,
628 2877 654 2940 si
677 2881 763 2941 esset
784 2873 1015 2941 consulendum
1037 2873 1078 2940 de
1100 2895 1136 2938 re
1156 2874 1291 2940 multum
1313 2871 1432 2954 ardua,
1460 2879 1568 2935 rector

138 2966 367 3034 universitatis
398 2972 611 3058 congregabit
637 2974 806 3040 consilium
833 2974 1054 3039 universitatis
1081 2973 1124 3039 ad
1150 2969 1381 3038 consulendum
1411 2992 1508 3057 super
1530 2992 1566 3033 re

138 3063 253 3130 eadem
277 3063 362 3156 [9¹³];
386 3079 417 3134 et
439 3069 591 3158 quodibi
612 3073 784 3138 diffinitum
805 3074 911 3156 fuerit,
932 3072 1021 3136 istud
1042 3080 1182 3159 ponatur
1204 3071 1247 3135 ad
1263 3070 1491 3136 execucionem
1511 3092 1568 3154 per

137 3173 312 3232 rectorem.
356 3169 544 3236 consiliarii
574 3182 682 3238 autem
710 3174 882 3238 nacionum
911 3172 1065 3237 assistant
1090 3171 1210 3234 rectori
1238 3167 1281 3234 ad
1308 3167 1570 3256 prosequendum

140 3271 173 3325 et
192 3264 410 3352 explendum,
433 3269 521 3357 quod
543 3273 574 3338 ei
595 3271 752 3336 dictatum
773 3273 875 3336 estin
897 3269 1031 3335 consilio
1054 3269 1287 3334 universitatis.
1577 3275 1610 3330 2⁵

397 3457 442 3518 12
471 3470 518 3518 ns
541 3469 746 3520 wenemaro
768 3469 991 3520 sanvrrounn
1009 3450 1310 3516 unwnasrrsrrs.³

223 3577 410 3648 Servitores
437 3585 657 3652 universitatis
684 3585 838 3652 iurabunt
865 3583 1087 3650 obedienciam
1111 3583 1230 3648 rectori
1256 3591 1287 3648 et
1309 3581 1376 3646 suis
1400 3601 1564 3644 successo-

139 3674 231 3742 ribus
252 3687 286 3744 et
305 3679 495 3750 fidelitatem
516 3687 730 3770 universitati,
753 3697 786 3751 ct
806 3683 892 3774 quod
915 3693 1040 3749 secreta
1063 3705 1122 3770 per
1141 3693 1310 3764 rectorem,
1333 3680 1387 3768 qui
1407 3701 1467 3766 pro
1490 3687 1569 3742 tem-

139 3796 221 3860 pore
244 3778 360 3864 fuerit,
387 3792 418 3848 et
443 3806 503 3871 per
531 3786 732 3852 consiliarios
754 3784 974 3851 universitatis
995 3783 1077 3869 ipsis
1099 3783 1307 3847 manifestata
1325 3801 1390 3844 non
1412 3775 1566 3842 revelent

138 3871 221 3940 Item
241 3877 413 3965 iurabunt,
435 3882 536 3971 quod,
559 3887 587 3950 si
608 3885 779 3971 contigerit
801 3884 941 3971 aliquem
962 3904 1004 3946 ex
1024 3883 1071 3946 eis
1093 3881 1254 3946 removeri
1275 3877 1316 3943 ab
1340 3877 1456 3959 officio,
1478 3874 1608 3964 quod30

138 3993 204 4037 non
224 3975 306 4042 velit
327 3991 461 4068 propter
484 3983 546 4048 boc
569 3983 741 4049 detrahere
761 3983 856 4049 alicui
878 3980 919 4046 de
941 3981 1117 4066 magistris.
1153 3978 1196 4044 Et
1212 3979 1276 4044 alia
1289 3975 1465 4042 secundnm
1481 3997 1567 4040 com-

138 4099 268 4144 munem
288 4077 427 4144 formam
448 4081 481 4146 in
502 4084 726 4148 universitatis
747 4083 882 4148 inuoitu
902 4077 1050 4144 iuranda.

220 4432 279 4492 Bis
300 4434 421 4496 ltierler
437 4435 548 4512 piapen
568 4435 616 4494 die
637 4435 890 4512 ursprttnplicltm
911 4432 1060 4492 Statulae
1103 4430 1160 4488 Bai
1181 4430 1246 4488 dem
1261 4429 1434 4504 Folpmden
1450 4429 1567 4502 tasum

141 4530 220 4589 aute
247 4531 328 4592 blesa
358 4536 415 4592 clas
447 4535 577 4606 Datum,
606 4537 737 4594 eundem
763 4535 840 4592 auct
870 4533 927 4591 das
948 4531 1060 4588 Fetus
1082 4531 1137 4587 der
1157 4527 1311 4587 Rubriken
1331 4529 1394 4586 und
1415 4527 1498 4586 einer
1519 4527 1565 4584 bc-

142 4629 286 4690 etimmtea
307 4634 509 4710 Anordnunp,
531 4636 603 4692 dass
625 4653 656 4692 es
676 4632 900 4692 Zasatanrtikel
920 4630 996 4688 sinet
1039 4628 1099 4686 Die
1120 4629 1218 4686 Hand
1238 4627 1323 4685 bleibt
1345 4625 1487 4703 dissolbe,
1518 4623 1566 4682 dic

143 4729 217 4788 cuclt
239 4729 298 4790 das
329 4731 574 4809 Vernuspeltende
592 4731 783 4810 qeaclrieben
805 4733 866 4794 bnt.
910 4728 963 4788 ch
986 4727 1070 4787 atille
1092 4726 1207 4784 weiter:

208 5042 613 5113 amandamque.
743 5037 1146 5108 amnemamnem.

208 5127 614 5197 sanandumque.
