3768 6072
292 449 352 511 190
855 445 910 494 Des
929 457 1022 507 greum
1038 441 1144 508 colleg.

292 649 352 713 pro
373 625 451 690 fisco
474 623 609 710 collegii,
638 622 699 687 sub
721 646 829 709 poena
852 626 1020 691 carenciae
1048 623 1178 705 bursae,
1206 643 1303 710 quam
1334 622 1540 710 praepositus
1570 620 1631 686 sub
1660 643 1719 686 suo

292 729 471 790 iuramento
494 723 556 788 sibi
579 734 704 786 tenetur
727 723 927 805 subtrahere,
958 726 984 788 si
1015 723 1199 811 praedictos
1223 745 1281 786 sex
1303 721 1442 786 florenos
1470 743 1534 786 non
1560 721 1720 809 persolvit

294 823 357 912 [2¹¹]
378 826 463 890 infra
484 833 611 908 tempus
632 833 866 908 praenotatum.
888 823 958 908 (Am
979 828 1102 885 Raude:
1123 823 1211 888 infra
1230 820 1283 885 fol.
1308 819 1369 904 13.)

374 1019 401 1077 4.
424 1027 470 1074 DE
492 1023 646 1074 Panemo
666 1024 751 1072 NOVI
771 1023 982 1072 coemeram
1002 1023 1184 1072 nnalsrltls
1207 1023 1309 1070 INFEA
1332 1023 1465 1070 PRIMUM
1487 1021 1628 1070 MENSEM

250 1121 266 1176 5
874 1123 1112 1172 PRAESTANDO.

375 1261 456 1325 Item
478 1256 612 1346 quilibet
634 1256 674 1320 de
696 1279 780 1322 novo
802 1259 926 1321 intrans
949 1255 1119 1342 collegium
1145 1265 1270 1320 tenetur
1296 1253 1381 1318 infra
1407 1255 1548 1340 primum
1575 1277 1718 1318 mensem

294 1362 343 1424 sui
363 1360 511 1423 introitus
534 1355 707 1444 prandium
730 1379 822 1420 suuni
845 1379 903 1443 pro
926 1356 1062 1442 collegio
1083 1355 1171 1435 dare,
1198 1354 1257 1419 sub
1278 1376 1383 1440 poena
1404 1357 1573 1420 carenciae
1593 1356 1718 1441 porcio·

292 1463 342 1524 nis
363 1481 438 1523 suae
460 1457 562 1522 donec
584 1457 703 1522 feeerit.

454 1648 482 1707 5·
505 1658 551 1704 DE
574 1657 843 1704 lMHABI'l'AClONE
867 1657 1029 1704 coenetur
1054 1657 1119 1702 PER
1137 1655 1260 1702 NOVUM
1283 1655 1538 1703 cerumtamen.

252 1802 283 1855 10
374 1791 455 1855 ltem
481 1788 616 1874 quilibet
642 1789 717 1853 talis
744 1787 905 1852 tenebitur
932 1790 1017 1852 infra
1044 1790 1183 1874 primum
1212 1811 1353 1852 inermem
1383 1810 1460 1852 suae
1483 1785 1649 1851 electionis
1672 1787 1716 1850 in-

290 1904 377 1955 trare
398 1903 430 1954 et
448 1887 631 1953 inhabitare
650 1888 832 1974 collegium,
861 1887 920 1952 sub
940 1909 1044 1974 poena
1066 1888 1234 1952 cosenciae
1255 1889 1418 1973 porcionis
1445 1910 1522 1952 suae
1551 1909 1719 1972 quousque

292 1989 461 2075 collegium
481 1988 617 2053 intrabit
637 1999 669 2052 et
688 1987 891 2053 inhabitabit.

435 2177 464 2238 6.
485 2189 531 2236 DE
552 2189 746 2236 aenomaus·
767 2188 930 2237 MAGISTRI
951 2187 998 2234 DE
1018 2188 1113 2234 Nove
1133 2187 1334 2234 CDLLEGIUM
1356 2187 1548 2235 INTRANle'.

375 2323 456 2386 Item
479 2320 615 2408 quilibet
636 2321 675 2384 (le
697 2343 781 2384 novo
804 2320 974 2405 collegium
996 2323 1121 2384 intrans
1143 2319 1250 2404 legere
1270 2330 1366 2408 atque
1387 2319 1554 2406 disputare
1580 2321 1613 2383 in
1640 2321 1717 2384 arti-

254 2424 354 2488 totns
387 2419 548 2485 tenebitur
585 2419 728 2506 qualibet
759 2423 957 2502 mutacione,
991 2419 1145 2507 quamdiu
1182 2441 1337 2506 praesens
1370 2421 1402 2483 in
1441 2418 1576 2506 collegio
1610 2420 1717 2500 suerit,

293 2523 436 2585 inaximc
459 2521 485 2583 si
508 2522 550 2582 sit
571 2519 714 2582 defectus
735 2521 965 2604 magistrorum
991 2520 1169 2605 legencium
1200 2532 1296 2604 atque
1324 2519 1573 2606 disputancium,
1600 2520 1663 2582 nisi
1685 2521 1717 2582 in

294 2621 358 2685 alia
378 2619 529 2683 facultate
552 2629 719 2705 promotus
741 2629 826 2681 esset
848 2630 904 2684 aut
924 2629 1177 2706 promoveretur,
1197 2642 1253 2682 seu
1273 2622 1362 2684 senio
1384 2618 1434 2682 vel
1455 2618 1622 2684 debilitate
1643 2641 1716 2704 gra·

292 2731 435 2801 veretur,
457 2717 516 2782 sub
538 2739 640 2803 poena
662 2719 829 2781 carenciae
851 2720 1012 2804 porcionis
1035 2741 1111 2782 stiae
1132 2741 1296 2805 quousque
1319 2719 1378 2783 hoc
1398 2720 1520 2784 fecerit.

333 2938 375 3002 ll.
403 2935 564 3000 Statuta
587 2937 802 3020 sequencia
824 2935 1067 3020 specialiter
1089 2939 1370 3022 praepositum
1393 2935 1556 3022 collegii
1578 2957 1670 3000 con·

248 3046 283 3102 20
911 3045 1089 3099 cernunt.

439 3207 465 3267 7.
487 3221 532 3268 ET
553 3218 686 3266 PRIMUM
709 3219 755 3266 DE
777 3217 940 3265 TEMPORE
962 3219 1233 3266 ACCEPTACIDNIS
1255 3217 1548 3268 PRAEPORITPRAE.

375 3352 556 3440 Collegium
579 3363 703 3417 tenetur
725 3351 846 3416 habere
867 3351 1090 3438 praepositum
1119 3361 1150 3415 et
1178 3373 1305 3436 sempor
1336 3354 1542 3438 praepositus
1569 3353 1717 3439 proxime

291 3455 416 3518 liranus
452 3463 578 3518 tenetur
609 3452 868 3538 praeposituram
904 3458 1075 3535 acceptare
1108 3473 1166 3535 per
1198 3473 1232 3514 se
1265 3450 1316 3515 vel
1347 3473 1439 3516 suum
1472 3465 1717 3538 procuratorem

292 3555 379 3618 circa
400 3557 515 3618 l'estuur
539 3554 641 3616 sancti
665 3551 810 3635 Georgii,
838 3549 897 3614 sub
920 3571 1026 3634 poena
1046 3550 1139 3612 nnius
1160 3572 1350 3634 sexagenae.
1391 3550 1433 3614 Et
1453 3550 1527 3615 tulis
1550 3554 1716 3638 praeposi-

250 3663 344 3719 25tue
365 3657 491 3718 tuturus
513 3653 546 3716 in
568 3652 671 3737 primo
693 3648 744 3713 elie
766 3672 842 3712 suae
865 3648 1111 3734 praepositurae
1133 3659 1259 3712 tenetur
1273 3651 1380 3713 iurare
1394 3651 1609 3716 iuranrentiun
1624 3675 1717 3738 prae·

292 3755 389 3840 positi
410 3775 519 3817 corum
542 3749 687 3834 collegio,
710 3747 769 3812 sub
791 3747 905 3811 eadem
926 3770 1041 3832 poena,
1063 3747 1185 3812 scilicet
1207 3751 1300 3813 unius
1323 3771 1514 3835 sexagenae.

290 3943 320 4005 8.
342 3951 514 4012 suocirun
538 3929 601 4018 [3³]
624 3949 852 3997 ruirammren
875 3944 1089 4010 rnnrmosnu,
1113 3947 1219 3994 ramo
1242 3949 1301 3995 me
1325 3951 1409 3998 seina
1432 3949 1716 4000 erenerosmcnua

700 4049 817 4096 consu
839 4045 1014 4094 conarere
1036 4047 1298 4096 rnaesennocn.

373 4183 445 4270 Ego
467 4185 514 4248 .N.
535 4184 605 4248 iuro
626 4183 781 4268 pecunias
794 4178 933 4264 collegii,
957 4179 983 4242 si
1006 4201 1089 4266 quac
1111 4177 1153 4244 ad
1173 4203 1287 4245 insanus
1307 4205 1397 4246 nseas
1416 4182 1614 4264 devenerint,
1635 4183 1717 4248 velle

249 4295 283 4352 30
291 4284 428 4350 fideliter
449 4283 648 4369 dispensare,
677 4278 904 4367 aequalitatem
929 4299 991 4364 quo
1019 4277 1061 4342 ad
1084 4281 1258 4363 magistros
1285 4281 1462 4346 observare
1485 4283 1534 4358 (in
1553 4281 1610 4348 illo
1633 4283 1716 4348 soili-

293 4395 359 4467 cet,
386 4381 473 4470 quod
503 4381 621 4446 nullius
643 4381 791 4466 magistri
819 4377 861 4444 de
883 4377 1019 4462 collegio
1041 4399 1213 4464 personam
1237 4401 1318 4465 prae
1347 4380 1410 4446 alio
1433 4380 1507 4446 volo
1534 4395 1717 4470 acceptare,

291 4486 348 4550 sed
373 4495 535 4567 tamquam
558 4503 696 4566 persona
717 4479 895 4544 eommunis
921 4479 954 4542 in
981 4479 1075 4542 factis
1104 4477 1232 4560 collegii
1252 4479 1325 4545 volo
1348 4480 1591 4560 administrare)
1616 4493 1649 4548 et
1674 4483 1716 4548 ad

291 4573 521 4666 cuiuscunque⁴
541 4582 690 4666 magistri
720 4580 761 4644 de
794 4578 930 4664 collegio
962 4577 1226 4660 requisici0nem‚
1260 4583 1517 4666 quociescunque
1552 4605 1612 4668 per
1646 4605 1715 4648 essm

291 4685 466 4771 requisitus
497 4683 597 4760 tuero,
625 4679 708 4743 velle
738 4677 909 4760 collegium
938 4679 1024 4741 infra
1055 4675 1138 4740 diem
1167 4678 1347 4744 naturalem
1376 4702 1567 4764 convocare,
1589 4681 1715 4762 ,bonum

249 4795 281 4849 35
293 4785 418 4868 collegii
456 4802 645 4868 procurare,
681 4789 800 4842 statuta
836 4789 866 4839 et
898 4775 1085 4856 statuenda,
1119 4777 1331 4860 respiciencia
1367 4789 1487 4844 statum
1526 4784 1715 4867 praepositi,

289 4883 423 4948 firmiter
451 4881 636 4959 observare,
677 4881 722 4943 ita
749 4876 835 4964 quocl
863 4899 904 4940 ex
934 4873 997 4938 leri
1029 4874 1239 4960 ingligeneia,
1269 4899 1351 4964 quae
1379 4901 1442 4942 nou
1470 4881 1507 4944 lit
1528 4903 1568 4944 ox
1599 4903 1714 4968 propo-

291 4986 362 5062 sito,
387 4981 563 5070 periurium
586 5001 648 5042 nou
671 4981 843 5044 incurram.
