<?xml version="1.0" encoding="UTF-8"?>
<!DOCTYPE html PUBLIC "-//W3C//DTD XHTML 1.0 Transitional//EN"
    "http://www.w3.org/TR/xhtml1/DTD/xhtml1-transitional.dtd">
<html xmlns="http://www.w3.org/1999/xhtml" xml:lang="en" lang="en">
 <head>
  <title>
</title>
<meta http-equiv="Content-Type" content="text/html;charset=utf-8" />
  <meta name='ocr-system' content='tesseract 3.04.00' />
  <meta name='ocr-capabilities' content='ocr_page ocr_carea ocr_par ocr_line ocrx_word'/>
</head>
<body>
  <div class='ocr_page' id='page_1' title='image "./diestatutenbche00leipgoog_0232.png"; bbox 0 0 3768 6072; ppageno 0'>
   <div class='ocr_carea' id='block_1_1' title="bbox 666 487 1552 558">
    <p class='ocr_par' dir='ltr' id='par_1_1' title="bbox 666 487 1552 558">
     <span class='ocr_line' id='line_1_1' title="bbox 666 487 1552 558; baseline 0.023 -19"><span class='ocrx_word' id='word_1_1' title='bbox 666 487 717 540; x_wconf 87' lang='lat' dir='ltr'><strong>Die</strong></span> <span class='ocrx_word' id='word_1_2' title='bbox 735 489 855 542; x_wconf 75' lang='lat' dir='ltr'><strong>Smtuten</strong></span> <span class='ocrx_word' id='word_1_3' title='bbox 874 505 928 542; x_wconf 83' lang='lat' dir='ltr'><strong>ron</strong></span> <span class='ocrx_word' id='word_1_4' title='bbox 949 487 1022 542; x_wconf 76' lang='lat' dir='ltr'><strong>rtet.</strong></span> <span class='ocrx_word' id='word_1_5' title='bbox 1494 491 1552 558; x_wconf 69' lang='lat'><strong>211</strong></span> 
     </span>
    </p>
   </div>
   <div class='ocr_carea' id='block_1_2' title="bbox 116 665 1556 959">
    <p class='ocr_par' dir='ltr' id='par_1_2' title="bbox 116 665 1556 959">
     <span class='ocr_line' id='line_1_2' title="bbox 116 665 1556 760; baseline -0.002 -19"><span class='ocrx_word' id='word_1_6' title='bbox 116 676 216 760; x_wconf 82' lang='lat' dir='ltr'><strong>higen</strong></span> <span class='ocrx_word' id='word_1_7' title='bbox 238 669 314 736; x_wconf 85' lang='lat' dir='ltr'><strong>vnd</strong></span> <span class='ocrx_word' id='word_1_8' title='bbox 336 668 507 753; x_wconf 86' lang='lat' dir='ltr'><strong>einlegung</strong></span> <span class='ocrx_word' id='word_1_9' title='bbox 528 665 586 733; x_wconf 89' lang='lat' dir='ltr'><strong>des</strong></span> <span class='ocrx_word' id='word_1_10' title='bbox 613 670 706 755; x_wconf 80' lang='lat' dir='ltr'><strong>gelde</strong></span> <span class='ocrx_word' id='word_1_11' title='bbox 733 672 878 737; x_wconf 84' lang='lat' dir='ltr'><strong>trewlieh</strong></span> <span class='ocrx_word' id='word_1_12' title='bbox 902 671 969 736; x_wconf 88' lang='lat' dir='ltr'><strong>vnd</strong></span> <span class='ocrx_word' id='word_1_13' title='bbox 991 671 1052 734; x_wconf 83' lang='lat' dir='ltr'><strong>wie</strong></span> <span class='ocrx_word' id='word_1_14' title='bbox 1074 691 1190 756; x_wconf 83' lang='lat' dir='ltr'><strong>eynem</strong></span> <span class='ocrx_word' id='word_1_15' title='bbox 1212 669 1376 736; x_wconf 87' lang='lat' dir='ltr'><strong>erhlieben</strong></span> <span class='ocrx_word' id='word_1_16' title='bbox 1397 673 1556 758; x_wconf 83' lang='lat' dir='ltr'><strong>gesellen¹</strong></span> 
     </span>
     <span class='ocr_line' id='line_1_3' title="bbox 117 767 1555 861; baseline -0.003 -21"><span class='ocrx_word' id='word_1_17' title='bbox 117 782 239 861; x_wconf 84' lang='lat' dir='ltr'><strong>eygent</strong></span> <span class='ocrx_word' id='word_1_18' title='bbox 265 767 341 836; x_wconf 83' lang='lat' dir='ltr'><strong>vnd</strong></span> <span class='ocrx_word' id='word_1_19' title='bbox 369 777 499 853; x_wconf 87' lang='lat' dir='ltr'><strong>gepurt,</strong></span> <span class='ocrx_word' id='word_1_20' title='bbox 527 767 743 834; x_wconf 84' lang='lat' dir='ltr'><strong>allenthalben</strong></span> <span class='ocrx_word' id='word_1_21' title='bbox 771 770 939 836; x_wconf 88' lang='lat' dir='ltr'><strong>verbalten</strong></span> <span class='ocrx_word' id='word_1_22' title='bbox 965 769 1047 834; x_wconf 83' lang='lat' dir='ltr'><strong>wiel.</strong></span> <span class='ocrx_word' id='word_1_23' title='bbox 1090 768 1149 833; x_wconf 88' lang='lat' dir='ltr'><strong>Als</strong></span> <span class='ocrx_word' id='word_1_24' title='bbox 1177 791 1251 855; x_wconf 84' lang='lat' dir='ltr'><strong>myr</strong></span> <span class='ocrx_word' id='word_1_25' title='bbox 1278 781 1348 856; x_wconf 86' lang='lat' dir='ltr'><strong>gott</strong></span> <span class='ocrx_word' id='word_1_26' title='bbox 1371 771 1449 835; x_wconf 84' lang='lat' dir='ltr'><strong>helff</strong></span> <span class='ocrx_word' id='word_1_27' title='bbox 1467 773 1555 836; x_wconf 88' lang='lat' dir='ltr'><strong>vnnd</strong></span> 
     </span>
     <span class='ocr_line' id='line_1_4' title="bbox 118 869 478 959; baseline -0.025 -21"><span class='ocrx_word' id='word_1_28' title='bbox 118 895 198 959; x_wconf 79' lang='lat' dir='ltr'><strong>eeyn</strong></span> <span class='ocrx_word' id='word_1_29' title='bbox 219 869 377 955; x_wconf 85' lang='lat' dir='ltr'><strong>heyliges</strong></span> <span class='ocrx_word' id='word_1_30' title='bbox 397 879 478 930; x_wconf 83' lang='lat' dir='ltr'><strong>wort</strong></span> 
     </span>
    </p>
   </div>
   <div class='ocr_carea' id='block_1_3' title="bbox 523 1399 1163 1453">
    <p class='ocr_par' dir='ltr' id='par_1_3' title="bbox 523 1399 1163 1453">
     <span class='ocr_line' id='line_1_5' title="bbox 523 1399 1163 1453; baseline 0.005 -4"><span class='ocrx_word' id='word_1_31' title='bbox 523 1399 547 1451; x_wconf 80' lang='lat'><strong>3.</strong></span> <span class='ocrx_word' id='word_1_32' title='bbox 567 1399 629 1450; x_wconf 78' lang='lat' dir='ltr'><strong>ple</strong></span> <span class='ocrx_word' id='word_1_33' title='bbox 648 1399 842 1452; x_wconf 81' lang='lat' dir='ltr'>STATUTEN</span> <span class='ocrx_word' id='word_1_34' title='bbox 859 1400 938 1451; x_wconf 82' lang='lat' dir='ltr'><strong>VOM</strong></span> <span class='ocrx_word' id='word_1_35' title='bbox 955 1401 1071 1452; x_wconf 78' lang='lat' dir='ltr'><strong>JAHRE</strong></span> <span class='ocrx_word' id='word_1_36' title='bbox 1091 1401 1163 1453; x_wconf 79' lang='lat'><strong>1565.</strong></span> 
     </span>
    </p>
   </div>
   <div class='ocr_carea' id='block_1_4' title="bbox 336 1542 1596 1632">
    <p class='ocr_par' dir='ltr' id='par_1_4' title="bbox 336 1542 1596 1632">
     <span class='ocr_line' id='line_1_6' title="bbox 336 1542 1596 1632; baseline 0.004 -22"><span class='ocrx_word' id='word_1_37' title='bbox 336 1542 382 1632; x_wconf 85' lang='lat' dir='ltr'><strong>[S.</strong></span> <span class='ocrx_word' id='word_1_38' title='bbox 400 1543 427 1630; x_wconf 79' lang='lat' dir='ltr'><strong>t]</strong></span> <span class='ocrx_word' id='word_1_39' title='bbox 450 1563 544 1610; x_wconf 77' lang='lat' dir='ltr'><strong>nove</strong></span> <span class='ocrx_word' id='word_1_40' title='bbox 564 1563 722 1612; x_wconf 75' lang='lat' dir='ltr'><strong>suarum</strong></span> <span class='ocrx_word' id='word_1_41' title='bbox 742 1565 979 1614; x_wconf 75' lang='lat' dir='ltr'><strong>consuessem</strong></span> <span class='ocrx_word' id='word_1_42' title='bbox 1000 1565 1166 1614; x_wconf 80' lang='lat' dir='ltr'><strong>eonneeu</strong></span> <span class='ocrx_word' id='word_1_43' title='bbox 1185 1550 1350 1616; x_wconf 68' lang='lat' dir='ltr'><strong>naroms.2</strong></span> <span class='ocrx_word' id='word_1_44' title='bbox 1579 1564 1596 1615; x_wconf 79' lang='lat' dir='ltr'><strong>s</strong></span> 
     </span>
    </p>
   </div>
   <div class='ocr_carea' id='block_1_5' title="bbox 207 1694 1481 1784">
    <p class='ocr_par' dir='ltr' id='par_1_5' title="bbox 207 1694 1481 1784">
     <span class='ocr_line' id='line_1_7' title="bbox 207 1694 1481 1784; baseline -0.003 -18"><span class='ocrx_word' id='word_1_45' title='bbox 207 1699 293 1766; x_wconf 85' lang='lat' dir='ltr'><strong>Cum</strong></span> <span class='ocrx_word' id='word_1_46' title='bbox 318 1704 438 1760; x_wconf 86' lang='lat' dir='ltr'><strong>statuta</strong></span> <span class='ocrx_word' id='word_1_47' title='bbox 458 1694 538 1760; x_wconf 86' lang='lat' dir='ltr'><strong>haee</strong></span> <span class='ocrx_word' id='word_1_48' title='bbox 560 1717 645 1760; x_wconf 88' lang='lat' dir='ltr'><strong>anno</strong></span> <span class='ocrx_word' id='word_1_49' title='bbox 670 1702 747 1764; x_wconf 84' lang='lat'>1565</span> <span class='ocrx_word' id='word_1_50' title='bbox 770 1697 798 1760; x_wconf 80' lang='lat' dir='ltr'><strong>dr</strong></span> <span class='ocrx_word' id='word_1_51' title='bbox 824 1703 901 1764; x_wconf 86' lang='grc'>1566</span> <span class='ocrx_word' id='word_1_52' title='bbox 924 1699 1166 1782; x_wconf 84' lang='lat' dir='ltr'><strong>innovarentur,</strong></span> <span class='ocrx_word' id='word_1_53' title='bbox 1190 1696 1331 1784; x_wconf 80' lang='lat' dir='ltr'>collegae</span> <span class='ocrx_word' id='word_1_54' title='bbox 1354 1699 1481 1764; x_wconf 87' lang='lat' dir='ltr'><strong>fuerunt</strong></span> 
     </span>
    </p>
   </div>
   <div class='ocr_carea' id='block_1_6' title="bbox 333 1809 1316 2687">
    <p class='ocr_par' dir='ltr' id='par_1_6' title="bbox 333 1809 1316 2687">
     <span class='ocr_line' id='line_1_8' title="bbox 337 1809 1148 1894; baseline 0.004 -20"><span class='ocrx_word' id='word_1_55' title='bbox 337 1811 380 1874; x_wconf 94' lang='lat' dir='ltr'><strong>D.</strong></span> <span class='ocrx_word' id='word_1_56' title='bbox 401 1809 522 1874; x_wconf 87' lang='lat' dir='ltr'><strong>Paulus</strong></span> <span class='ocrx_word' id='word_1_57' title='bbox 543 1810 790 1894; x_wconf 87' lang='lat' dir='ltr'><strong>Lobwasserus,</strong></span> <span class='ocrx_word' id='word_1_58' title='bbox 812 1813 927 1879; x_wconf 83' lang='lat' dir='ltr'><strong>Senior</strong></span> <span class='ocrx_word' id='word_1_59' title='bbox 947 1813 972 1880; x_wconf 95' lang='grc' dir='ltr'><strong>Ι.</strong></span> <span class='ocrx_word' id='word_1_60' title='bbox 995 1815 1031 1880; x_wconf 82' lang='lat' dir='ltr'><strong>O.</strong></span> <span class='ocrx_word' id='word_1_61' title='bbox 1052 1813 1148 1878; x_wconf 90' lang='lat' dir='ltr'><strong>Misn.</strong></span> 
     </span>
     <span class='ocr_line' id='line_1_9' title="bbox 335 1907 1154 1994; baseline 0.001 -21"><span class='ocrx_word' id='word_1_62' title='bbox 335 1910 377 1974; x_wconf 94' lang='lat' dir='ltr'><strong>D.</strong></span> <span class='ocrx_word' id='word_1_63' title='bbox 398 1907 528 1994; x_wconf 87' lang='lat' dir='ltr'><strong>Wolffg.</strong></span> <span class='ocrx_word' id='word_1_64' title='bbox 551 1909 718 1976; x_wconf 75' lang='lat' dir='ltr'><strong>Mermeros</strong></span> <span class='ocrx_word' id='word_1_65' title='bbox 747 1963 754 1976; x_wconf 91' lang='lat'><strong>.</strong></span> <span class='ocrx_word' id='word_1_66' title='bbox 798 1961 804 1975; x_wconf 91' lang='lat'><strong>.</strong></span> <span class='ocrx_word' id='word_1_67' title='bbox 849 1963 855 1978; x_wconf 90' lang='lat'><strong>.</strong></span> <span class='ocrx_word' id='word_1_68' title='bbox 900 1963 906 1976; x_wconf 93' lang='lat'><strong>.</strong></span> <span class='ocrx_word' id='word_1_69' title='bbox 949 1912 1035 1979; x_wconf 89' lang='lat' dir='ltr'><strong>Med.</strong></span> <span class='ocrx_word' id='word_1_70' title='bbox 1057 1911 1154 1976; x_wconf 90' lang='lat' dir='ltr'><strong>Misn.</strong></span> 
     </span>
     <span class='ocr_line' id='line_1_10' title="bbox 335 2007 1316 2094; baseline 0.002 -22"><span class='ocrx_word' id='word_1_71' title='bbox 335 2009 378 2072; x_wconf 94' lang='lat' dir='ltr'><strong>D.</strong></span> <span class='ocrx_word' id='word_1_72' title='bbox 401 2007 529 2094; x_wconf 84' lang='lat' dir='ltr'><strong>Caspar</strong></span> <span class='ocrx_word' id='word_1_73' title='bbox 553 2010 674 2074; x_wconf 81' lang='lat' dir='ltr'><strong>Nerius</strong></span> <span class='ocrx_word' id='word_1_74' title='bbox 696 2058 905 2074; x_wconf 94' lang='grc'><strong>.....</strong></span> <span class='ocrx_word' id='word_1_75' title='bbox 949 2009 1033 2074; x_wconf 90' lang='lat' dir='ltr'><strong>Med.</strong></span> <span class='ocrx_word' id='word_1_76' title='bbox 1054 2021 1090 2074; x_wconf 90' lang='lat' dir='ltr'><strong>ut</strong></span> <span class='ocrx_word' id='word_1_77' title='bbox 1111 2010 1197 2074; x_wconf 89' lang='lat' dir='ltr'><strong>Med.</strong></span> <span class='ocrx_word' id='word_1_78' title='bbox 1218 2010 1316 2076; x_wconf 89' lang='lat' dir='ltr'><strong>Misn.</strong></span> 
     </span>
     <span class='ocr_line' id='line_1_11' title="bbox 335 2107 1127 2176; baseline 0.008 -6"><span class='ocrx_word' id='word_1_79' title='bbox 335 2107 377 2171; x_wconf 93' lang='lat' dir='ltr'><strong>D.</strong></span> <span class='ocrx_word' id='word_1_80' title='bbox 397 2107 593 2174; x_wconf 83' lang='lat' dir='ltr'><strong>Franciseus</strong></span> <span class='ocrx_word' id='word_1_81' title='bbox 617 2107 806 2174; x_wconf 82' lang='lat' dir='ltr'><strong>Gramma.</strong></span> <span class='ocrx_word' id='word_1_82' title='bbox 851 2159 857 2173; x_wconf 95' lang='lat'><strong>.</strong></span> <span class='ocrx_word' id='word_1_83' title='bbox 902 2160 907 2172; x_wconf 93' lang='lat'><strong>.</strong></span> <span class='ocrx_word' id='word_1_84' title='bbox 950 2107 975 2174; x_wconf 94' lang='grc' dir='ltr'><strong>Ι.</strong></span> <span class='ocrx_word' id='word_1_85' title='bbox 999 2108 1035 2174; x_wconf 82' lang='lat' dir='ltr'><strong>O.</strong></span> <span class='ocrx_word' id='word_1_86' title='bbox 1057 2108 1127 2176; x_wconf 87' lang='lat' dir='ltr'><strong>Pol.</strong></span> 
     </span>
     <span class='ocr_line' id='line_1_12' title="bbox 335 2205 1290 2294; baseline 0.004 -26"><span class='ocrx_word' id='word_1_87' title='bbox 335 2205 378 2268; x_wconf 94' lang='lat' dir='ltr'><strong>D.</strong></span> <span class='ocrx_word' id='word_1_88' title='bbox 400 2205 561 2270; x_wconf 88' lang='lat' dir='ltr'><strong>Martinus</strong></span> <span class='ocrx_word' id='word_1_89' title='bbox 582 2230 602 2271; x_wconf 91' lang='lat' dir='ltr'><strong>a</strong></span> <span class='ocrx_word' id='word_1_90' title='bbox 625 2208 814 2294; x_wconf 83' lang='lat' dir='ltr'><strong>Drempeek</strong></span> <span class='ocrx_word' id='word_1_91' title='bbox 849 2258 855 2271; x_wconf 91' lang='lat'><strong>.</strong></span> <span class='ocrx_word' id='word_1_92' title='bbox 899 2259 906 2273; x_wconf 91' lang='lat'><strong>.</strong></span> <span class='ocrx_word' id='word_1_93' title='bbox 949 2207 1034 2272; x_wconf 90' lang='lat' dir='ltr'><strong>Med.</strong></span> <span class='ocrx_word' id='word_1_94' title='bbox 1059 2207 1171 2275; x_wconf 81' lang='lat' dir='ltr'><strong>decan.</strong></span> <span class='ocrx_word' id='word_1_95' title='bbox 1193 2208 1290 2272; x_wconf 87' lang='lat' dir='ltr'><strong>Misn.</strong></span> 
     </span>
     <span class='ocr_line' id='line_1_13' title="bbox 334 2303 1138 2374; baseline 0.005 -6"><span class='ocrx_word' id='word_1_96' title='bbox 334 2305 378 2368; x_wconf 87' lang='grc' dir='ltr'><strong>Μ.</strong></span> <span class='ocrx_word' id='word_1_97' title='bbox 400 2303 583 2369; x_wconf 86' lang='lat' dir='ltr'><strong>Ioaebimus</strong></span> <span class='ocrx_word' id='word_1_98' title='bbox 604 2305 812 2374; x_wconf 77' lang='lat' dir='ltr'><strong>Camerarius</strong></span> <span class='ocrx_word' id='word_1_99' title='bbox 849 2357 855 2370; x_wconf 88' lang='lat'><strong>.</strong></span> <span class='ocrx_word' id='word_1_100' title='bbox 899 2357 905 2370; x_wconf 93' lang='lat'><strong>.</strong></span> <span class='ocrx_word' id='word_1_101' title='bbox 950 2359 956 2372; x_wconf 93' lang='lat'><strong>.</strong></span> <span class='ocrx_word' id='word_1_102' title='bbox 1002 2359 1008 2372; x_wconf 92' lang='lat'><strong>.</strong></span> <span class='ocrx_word' id='word_1_103' title='bbox 1057 2307 1138 2372; x_wconf 91' lang='lat' dir='ltr'><strong>Bav.</strong></span> 
     </span>
     <span class='ocr_line' id='line_1_14' title="bbox 334 2401 1156 2489; baseline 0.005 -23"><span class='ocrx_word' id='word_1_104' title='bbox 334 2403 376 2466; x_wconf 82' lang='lat' dir='ltr'><strong>M.</strong></span> <span class='ocrx_word' id='word_1_105' title='bbox 398 2403 560 2468; x_wconf 87' lang='lat' dir='ltr'><strong>Antonius</strong></span> <span class='ocrx_word' id='word_1_106' title='bbox 583 2401 756 2489; x_wconf 82' lang='lat' dir='ltr'><strong>Gdiningue</strong></span> <span class='ocrx_word' id='word_1_107' title='bbox 799 2455 1008 2471; x_wconf 91' lang='lat'><strong>.....</strong></span> <span class='ocrx_word' id='word_1_108' title='bbox 1059 2406 1156 2470; x_wconf 73' lang='lat' dir='ltr'><strong>Sane.</strong></span> 
     </span>
     <span class='ocr_line' id='line_1_15' title="bbox 337 2500 1131 2570; baseline 0.006 -5"><span class='ocrx_word' id='word_1_109' title='bbox 337 2501 380 2566; x_wconf 89' lang='lat' dir='ltr'><strong>D.</strong></span> <span class='ocrx_word' id='word_1_110' title='bbox 401 2500 563 2566; x_wconf 86' lang='lat' dir='ltr'><strong>Iohannes</strong></span> <span class='ocrx_word' id='word_1_111' title='bbox 585 2501 801 2569; x_wconf 88' lang='lat' dir='ltr'><strong>Hoffmannus</strong></span> <span class='ocrx_word' id='word_1_112' title='bbox 845 2555 851 2569; x_wconf 94' lang='lat'><strong>.</strong></span> <span class='ocrx_word' id='word_1_113' title='bbox 895 2556 902 2568; x_wconf 94' lang='lat'><strong>.</strong></span> <span class='ocrx_word' id='word_1_114' title='bbox 944 2503 1029 2570; x_wconf 83' lang='lat' dir='ltr'><strong>Med</strong></span> <span class='ocrx_word' id='word_1_115' title='bbox 1051 2506 1131 2570; x_wconf 81' lang='lat' dir='ltr'><strong>Bau.</strong></span> 
     </span>
     <span class='ocr_line' id='line_1_16' title="bbox 333 2599 1120 2687; baseline 0.006 -24"><span class='ocrx_word' id='word_1_116' title='bbox 333 2599 377 2664; x_wconf 90' lang='lat' dir='ltr'><strong>M.</strong></span> <span class='ocrx_word' id='word_1_117' title='bbox 398 2599 537 2664; x_wconf 87' lang='lat' dir='ltr'><strong>Iacobus</strong></span> <span class='ocrx_word' id='word_1_118' title='bbox 560 2599 777 2687; x_wconf 80' lang='lat' dir='ltr'><strong>Strasburgus</strong></span> <span class='ocrx_word' id='word_1_119' title='bbox 792 2653 1001 2668; x_wconf 91' lang='grc'><strong>.....</strong></span> <span class='ocrx_word' id='word_1_120' title='bbox 1051 2603 1120 2668; x_wconf 91' lang='lat' dir='ltr'><strong>Pol.</strong></span> 
     </span>
    </p>
   </div>
   <div class='ocr_carea' id='block_1_7' title="bbox 332 2698 1147 2789">
    <p class='ocr_par' dir='ltr' id='par_1_7' title="bbox 332 2698 1147 2789">
     <span class='ocr_line' id='line_1_17' title="bbox 332 2698 1147 2789; baseline 0.004 -26"><span class='ocrx_word' id='word_1_121' title='bbox 332 2698 377 2762; x_wconf 89' lang='grc' dir='ltr'><strong>Μ.</strong></span> <span class='ocrx_word' id='word_1_122' title='bbox 399 2699 528 2785; x_wconf 83' lang='lat' dir='ltr'><strong>Caspar</strong></span> <span class='ocrx_word' id='word_1_123' title='bbox 549 2699 807 2786; x_wconf 89' lang='lat' dir='ltr'><strong>Iungermanuus</strong></span> <span class='ocrx_word' id='word_1_124' title='bbox 870 2703 1027 2789; x_wconf 88' lang='lat' dir='ltr'><strong>Praepos.</strong></span> <span class='ocrx_word' id='word_1_125' title='bbox 1049 2701 1147 2768; x_wconf 85' lang='lat' dir='ltr'><strong>Saxo.</strong></span> 
     </span>
    </p>
   </div>
   <div class='ocr_carea' id='block_1_8' title="bbox 670 2843 1089 2952">
    <p class='ocr_par' dir='ltr' id='par_1_8' title="bbox 670 2843 1089 2952">
     <span class='ocr_line' id='line_1_18' title="bbox 670 2843 1089 2952; baseline 0.005 -22"><span class='ocrx_word' id='word_1_126' title='bbox 670 2863 716 2950; x_wconf 81' lang='lat' dir='ltr'><strong>[S.</strong></span> <span class='ocrx_word' id='word_1_127' title='bbox 738 2863 769 2952; x_wconf 81' lang='lat'><strong>2]</strong></span> <span class='ocrx_word' id='word_1_128' title='bbox 792 2883 1008 2936; x_wconf 80' lang='lat' dir='ltr'><strong>rnoosmun.</strong></span> <span class='ocrx_word' id='word_1_129' title='bbox 1081 2843 1089 2851; x_wconf 43' lang='lat'>⁸</span> 
     </span>
    </p>
   </div>
   <div class='ocr_carea' id='block_1_9' title="bbox 47 2998 1677 4370">
    <p class='ocr_par' dir='ltr' id='par_1_9' title="bbox 124 2998 1596 3579">
     <span class='ocr_line' id='line_1_19' title="bbox 209 2998 1554 3086; baseline 0 -22"><span class='ocrx_word' id='word_1_130' title='bbox 209 2998 333 3064; x_wconf 85' lang='lat' dir='ltr'><strong>Omnes</strong></span> <span class='ocrx_word' id='word_1_131' title='bbox 366 3000 530 3084; x_wconf 87' lang='lat' dir='ltr'><strong>sapientes</strong></span> <span class='ocrx_word' id='word_1_132' title='bbox 560 3000 698 3084; x_wconf 81' lang='lat' dir='ltr'><strong>tempori</strong></span> <span class='ocrx_word' id='word_1_133' title='bbox 727 2998 909 3085; x_wconf 85' lang='lat' dir='ltr'><strong>parendum</strong></span> <span class='ocrx_word' id='word_1_134' title='bbox 937 3023 1008 3065; x_wconf 89' lang='lat' dir='ltr'><strong>esse</strong></span> <span class='ocrx_word' id='word_1_135' title='bbox 1035 3000 1229 3082; x_wconf 82' lang='lat' dir='ltr'><strong>docuerunt,</strong></span> <span class='ocrx_word' id='word_1_136' title='bbox 1259 3001 1345 3086; x_wconf 92' lang='lat' dir='ltr'><strong>quod</strong></span> <span class='ocrx_word' id='word_1_137' title='bbox 1372 3000 1417 3064; x_wconf 87' lang='lat' dir='ltr'><strong>M.</strong></span> <span class='ocrx_word' id='word_1_138' title='bbox 1440 2999 1554 3066; x_wconf 82' lang='lat' dir='ltr'><strong>Cicero</strong></span> 
     </span>
     <span class='ocr_line' id='line_1_20' title="bbox 124 3097 1555 3185; baseline -0.002 -21"><span class='ocrx_word' id='word_1_139' title='bbox 124 3103 356 3185; x_wconf 83' lang='lat' dir='ltr'><strong>interpretatur</strong></span> <span class='ocrx_word' id='word_1_140' title='bbox 386 3118 503 3182; x_wconf 89' lang='lat' dir='ltr'><strong>parere</strong></span> <span class='ocrx_word' id='word_1_141' title='bbox 529 3097 726 3162; x_wconf 79' lang='lat' dir='ltr'><strong>necessitati.</strong></span> <span class='ocrx_word' id='word_1_142' title='bbox 768 3097 901 3162; x_wconf 87' lang='lat' dir='ltr'><strong>Mutatis</strong></span> <span class='ocrx_word' id='word_1_143' title='bbox 931 3101 1031 3185; x_wconf 85' lang='lat' dir='ltr'><strong>igitur</strong></span> <span class='ocrx_word' id='word_1_144' title='bbox 1060 3099 1261 3184; x_wconf 86' lang='lat' dir='ltr'><strong>temporibus</strong></span> <span class='ocrx_word' id='word_1_145' title='bbox 1290 3121 1362 3164; x_wconf 88' lang='lat' dir='ltr'><strong>cum</strong></span> <span class='ocrx_word' id='word_1_146' title='bbox 1391 3121 1495 3164; x_wconf 87' lang='lat' dir='ltr'><strong>mores</strong></span> <span class='ocrx_word' id='word_1_147' title='bbox 1525 3113 1555 3162; x_wconf 90' lang='lat' dir='ltr'><strong>et</strong></span> 
     </span>
     <span class='ocr_line' id='line_1_21' title="bbox 124 3194 1596 3282; baseline -0.001 -20"><span class='ocrx_word' id='word_1_148' title='bbox 124 3201 191 3262; x_wconf 85' lang='lat' dir='ltr'><strong>vita</strong></span> <span class='ocrx_word' id='word_1_149' title='bbox 213 3197 368 3260; x_wconf 84' lang='lat' dir='ltr'><strong>universa</strong></span> <span class='ocrx_word' id='word_1_150' title='bbox 388 3194 482 3259; x_wconf 92' lang='lat' dir='ltr'><strong>simul</strong></span> <span class='ocrx_word' id='word_1_151' title='bbox 506 3204 656 3278; x_wconf 89' lang='lat' dir='ltr'><strong>mutetur,</strong></span> <span class='ocrx_word' id='word_1_152' title='bbox 685 3195 728 3260; x_wconf 90' lang='lat' dir='ltr'><strong>ad</strong></span> <span class='ocrx_word' id='word_1_153' title='bbox 758 3205 961 3282; x_wconf 84' lang='lat' dir='ltr'><strong>praesentem</strong></span> <span class='ocrx_word' id='word_1_154' title='bbox 986 3196 1108 3261; x_wconf 85' lang='lat' dir='ltr'><strong>seilicet</strong></span> <span class='ocrx_word' id='word_1_155' title='bbox 1130 3198 1217 3261; x_wconf 82' lang='lat' dir='ltr'><strong>vitae</strong></span> <span class='ocrx_word' id='word_1_156' title='bbox 1244 3199 1403 3261; x_wconf 86' lang='lat' dir='ltr'><strong>rationem</strong></span> <span class='ocrx_word' id='word_1_157' title='bbox 1430 3209 1461 3262; x_wconf 89' lang='lat' dir='ltr'><strong>et</strong></span> <span class='ocrx_word' id='word_1_158' title='bbox 1487 3207 1596 3261; x_wconf 80' lang='lat' dir='ltr'><strong>mo-20</strong></span> 
     </span>
     <span class='ocr_line' id='line_1_22' title="bbox 125 3294 1553 3380; baseline -0.002 -19"><span class='ocrx_word' id='word_1_159' title='bbox 125 3297 202 3361; x_wconf 92' lang='lat' dir='ltr'><strong>dum</strong></span> <span class='ocrx_word' id='word_1_160' title='bbox 223 3317 271 3376; x_wconf 90' lang='lat' dir='ltr'><strong>ee,</strong></span> <span class='ocrx_word' id='word_1_161' title='bbox 294 3317 377 3380; x_wconf 88' lang='lat' dir='ltr'><strong>quae</strong></span> <span class='ocrx_word' id='word_1_162' title='bbox 399 3294 526 3380; x_wconf 88' lang='lat' dir='ltr'><strong>legibus</strong></span> <span class='ocrx_word' id='word_1_163' title='bbox 549 3297 795 3375; x_wconf 75' lang='lat' dir='ltr'><strong>constituuntur,</strong></span> <span class='ocrx_word' id='word_1_164' title='bbox 820 3305 894 3358; x_wconf 88' lang='lat' dir='ltr'><strong>sunt</strong></span> <span class='ocrx_word' id='word_1_165' title='bbox 916 3294 1210 3361; x_wconf 70' lang='lat' dir='ltr'><strong>accommodanda.</strong></span> <span class='ocrx_word' id='word_1_166' title='bbox 1232 3294 1427 3361; x_wconf 79' lang='lat' dir='ltr'><strong>Constitutio</strong></span> <span class='ocrx_word' id='word_1_167' title='bbox 1448 3307 1553 3359; x_wconf 83' lang='lat' dir='ltr'><strong>autem</strong></span> 
     </span>
     <span class='ocr_line' id='line_1_23' title="bbox 125 3392 1553 3480; baseline -0.001 -22"><span class='ocrx_word' id='word_1_168' title='bbox 125 3395 231 3480; x_wconf 85' lang='lat' dir='ltr'><strong>legum</strong></span> <span class='ocrx_word' id='word_1_169' title='bbox 254 3415 291 3458; x_wconf 91' lang='lat' dir='ltr'><strong>eo</strong></span> <span class='ocrx_word' id='word_1_170' title='bbox 314 3395 466 3458; x_wconf 87' lang='lat' dir='ltr'><strong>nimirum</strong></span> <span class='ocrx_word' id='word_1_171' title='bbox 488 3394 643 3479; x_wconf 77' lang='lat' dir='ltr'><strong>pertinet,</strong></span> <span class='ocrx_word' id='word_1_172' title='bbox 674 3402 708 3457; x_wconf 90' lang='lat' dir='ltr'><strong>ut</strong></span> <span class='ocrx_word' id='word_1_173' title='bbox 730 3393 844 3458; x_wconf 88' lang='lat' dir='ltr'><strong>ordine</strong></span> <span class='ocrx_word' id='word_1_174' title='bbox 864 3402 897 3457; x_wconf 91' lang='lat' dir='ltr'><strong>et</strong></span> <span class='ocrx_word' id='word_1_175' title='bbox 917 3403 1005 3460; x_wconf 87' lang='lat' dir='ltr'><strong>recte</strong></span> <span class='ocrx_word' id='word_1_176' title='bbox 1027 3395 1135 3458; x_wconf 88' lang='lat' dir='ltr'><strong>omnia</strong></span> <span class='ocrx_word' id='word_1_177' title='bbox 1162 3394 1240 3458; x_wconf 88' lang='lat' dir='ltr'><strong>fiant</strong></span> <span class='ocrx_word' id='word_1_178' title='bbox 1268 3403 1299 3456; x_wconf 91' lang='lat' dir='ltr'><strong>et</strong></span> <span class='ocrx_word' id='word_1_179' title='bbox 1325 3404 1361 3457; x_wconf 90' lang='lat' dir='ltr'><strong>ut</strong></span> <span class='ocrx_word' id='word_1_180' title='bbox 1388 3392 1430 3456; x_wconf 90' lang='lat' dir='ltr'><strong>ad</strong></span> <span class='ocrx_word' id='word_1_181' title='bbox 1458 3393 1553 3457; x_wconf 88' lang='lat' dir='ltr'><strong>deum</strong></span> 
     </span>
     <span class='ocr_line' id='line_1_24' title="bbox 125 3490 1553 3579; baseline -0.004 -20"><span class='ocrx_word' id='word_1_182' title='bbox 125 3505 289 3559; x_wconf 88' lang='lat' dir='ltr'><strong>aeternum</strong></span> <span class='ocrx_word' id='word_1_183' title='bbox 312 3494 416 3578; x_wconf 87' lang='lat' dir='ltr'><strong>pietas</strong></span> <span class='ocrx_word' id='word_1_184' title='bbox 438 3490 590 3577; x_wconf 86' lang='lat' dir='ltr'><strong>religiose</strong></span> <span class='ocrx_word' id='word_1_185' title='bbox 610 3491 736 3557; x_wconf 85' lang='lat' dir='ltr'><strong>colatur</strong></span> <span class='ocrx_word' id='word_1_186' title='bbox 756 3502 789 3557; x_wconf 93' lang='lat' dir='ltr'><strong>et</strong></span> <span class='ocrx_word' id='word_1_187' title='bbox 808 3502 993 3579; x_wconf 84' lang='lat' dir='ltr'><strong>praestetur</strong></span> <span class='ocrx_word' id='word_1_188' title='bbox 1010 3493 1151 3559; x_wconf 79' lang='lat' dir='ltr'><strong>officium</strong></span> <span class='ocrx_word' id='word_1_189' title='bbox 1171 3492 1213 3556; x_wconf 89' lang='lat' dir='ltr'><strong>ad</strong></span> <span class='ocrx_word' id='word_1_190' title='bbox 1230 3492 1375 3556; x_wconf 87' lang='lat' dir='ltr'><strong>homines</strong></span> <span class='ocrx_word' id='word_1_191' title='bbox 1394 3491 1553 3573; x_wconf 72' lang='lat' dir='ltr'><strong>studiose,</strong></span> 
     </span>
    </p>

    <p class='ocr_par' dir='ltr' id='par_1_10' title="bbox 47 3590 1596 3971">
     <span class='ocr_line' id='line_1_25' title="bbox 47 3590 1554 3679; baseline -0.002 -22"><span class='ocrx_word' id='word_1_192' title='bbox 47 3664 50 3670; x_wconf 43' lang='grc'>,</span> <span class='ocrx_word' id='word_1_193' title='bbox 126 3593 158 3657; x_wconf 91' lang='lat' dir='ltr'><strong>id</strong></span> <span class='ocrx_word' id='word_1_194' title='bbox 179 3590 266 3679; x_wconf 91' lang='lat' dir='ltr'><strong>quod</strong></span> <span class='ocrx_word' id='word_1_195' title='bbox 288 3600 337 3655; x_wconf 89' lang='lat' dir='ltr'><strong>est</strong></span> <span class='ocrx_word' id='word_1_196' title='bbox 357 3591 596 3676; x_wconf 84' lang='lat' dir='ltr'><strong>praescriptum</strong></span> <span class='ocrx_word' id='word_1_197' title='bbox 617 3601 769 3656; x_wconf 88' lang='lat' dir='ltr'><strong>aeternae</strong></span> <span class='ocrx_word' id='word_1_198' title='bbox 790 3602 824 3658; x_wconf 87' lang='lat' dir='ltr'><strong>et</strong></span> <span class='ocrx_word' id='word_1_199' title='bbox 844 3592 1054 3658; x_wconf 90' lang='lat' dir='ltr'><strong>immutabilis</strong></span> <span class='ocrx_word' id='word_1_200' title='bbox 1084 3592 1177 3677; x_wconf 86' lang='lat' dir='ltr'><strong>legis,</strong></span> <span class='ocrx_word' id='word_1_201' title='bbox 1206 3613 1303 3679; x_wconf 90' lang='lat' dir='ltr'><strong>quam</strong></span> <span class='ocrx_word' id='word_1_202' title='bbox 1331 3601 1456 3654; x_wconf 77' lang='lat' dir='ltr'><strong>constat</strong></span> <span class='ocrx_word' id='word_1_203' title='bbox 1484 3613 1554 3654; x_wconf 85' lang='lat' dir='ltr'><strong>esse</strong></span> 
     </span>
     <span class='ocr_line' id='line_1_26' title="bbox 126 3689 1596 3777; baseline -0.001 -21"><span class='ocrx_word' id='word_1_204' title='bbox 126 3691 377 3758; x_wconf 76' lang='lat' dir='ltr'><strong>declarationem</strong></span> <span class='ocrx_word' id='word_1_205' title='bbox 403 3689 578 3756; x_wconf 87' lang='lat' dir='ltr'><strong>voluntatis</strong></span> <span class='ocrx_word' id='word_1_206' title='bbox 607 3701 640 3756; x_wconf 86' lang='lat' dir='ltr'><strong>et</strong></span> <span class='ocrx_word' id='word_1_207' title='bbox 669 3693 847 3758; x_wconf 88' lang='lat' dir='ltr'><strong>sententiae</strong></span> <span class='ocrx_word' id='word_1_208' title='bbox 875 3692 1016 3776; x_wconf 88' lang='lat' dir='ltr'><strong>divinae,</strong></span> <span class='ocrx_word' id='word_1_209' title='bbox 1045 3693 1097 3758; x_wconf 87' lang='lat' dir='ltr'><strong>eui</strong></span> <span class='ocrx_word' id='word_1_210' title='bbox 1126 3711 1242 3777; x_wconf 88' lang='lat' dir='ltr'><strong>parere</strong></span> <span class='ocrx_word' id='word_1_211' title='bbox 1266 3703 1298 3754; x_wconf 92' lang='lat' dir='ltr'><strong>et</strong></span> <span class='ocrx_word' id='word_1_212' title='bbox 1318 3711 1414 3774; x_wconf 90' lang='lat' dir='ltr'><strong>quam</strong></span> <span class='ocrx_word' id='word_1_213' title='bbox 1437 3691 1596 3776; x_wconf 73' lang='lat' dir='ltr'><strong>exequits</strong></span> 
     </span>
     <span class='ocr_line' id='line_1_27' title="bbox 127 3787 1555 3876; baseline -0.003 -20"><span class='ocrx_word' id='word_1_214' title='bbox 127 3794 181 3876; x_wconf 89' lang='lat' dir='ltr'><strong>qui</strong></span> <span class='ocrx_word' id='word_1_215' title='bbox 203 3799 364 3869; x_wconf 86' lang='lat' dir='ltr'><strong>recusant,</strong></span> <span class='ocrx_word' id='word_1_216' title='bbox 387 3811 443 3852; x_wconf 87' lang='lat' dir='ltr'><strong>eos</strong></span> <span class='ocrx_word' id='word_1_217' title='bbox 464 3787 506 3852; x_wconf 89' lang='lat' dir='ltr'><strong>ab</strong></span> <span class='ocrx_word' id='word_1_218' title='bbox 521 3788 668 3852; x_wconf 87' lang='lat' dir='ltr'><strong>omnibus</strong></span> <span class='ocrx_word' id='word_1_219' title='bbox 689 3792 985 3874; x_wconf 84' lang='lat' dir='ltr'><strong>communitatibus,</strong></span> <span class='ocrx_word' id='word_1_220' title='bbox 1008 3794 1077 3857; x_wconf 87' lang='lat' dir='ltr'><strong>sive</strong></span> <span class='ocrx_word' id='word_1_221' title='bbox 1098 3811 1236 3876; x_wconf 86' lang='lat' dir='ltr'><strong>magnae</strong></span> <span class='ocrx_word' id='word_1_222' title='bbox 1258 3791 1326 3853; x_wconf 84' lang='lat' dir='ltr'><strong>sive</strong></span> <span class='ocrx_word' id='word_1_223' title='bbox 1350 3811 1472 3874; x_wconf 87' lang='lat' dir='ltr'><strong>parvae</strong></span> <span class='ocrx_word' id='word_1_224' title='bbox 1494 3789 1555 3854; x_wconf 87' lang='lat' dir='ltr'><strong>hae</strong></span> 
     </span>
     <span class='ocr_line' id='line_1_28' title="bbox 128 3888 1006 3971; baseline 0.003 -19"><span class='ocrx_word' id='word_1_225' title='bbox 128 3893 204 3971; x_wconf 85' lang='lat' dir='ltr'><strong>sint,</strong></span> <span class='ocrx_word' id='word_1_226' title='bbox 226 3899 261 3952; x_wconf 89' lang='lat' dir='ltr'><strong>ut</strong></span> <span class='ocrx_word' id='word_1_227' title='bbox 282 3888 467 3952; x_wconf 87' lang='lat' dir='ltr'><strong>turbatores</strong></span> <span class='ocrx_word' id='word_1_228' title='bbox 490 3888 643 3952; x_wconf 84' lang='lat' dir='ltr'><strong>exitiosos</strong></span> <span class='ocrx_word' id='word_1_229' title='bbox 668 3891 826 3954; x_wconf 86' lang='lat' dir='ltr'><strong>removeri</strong></span> <span class='ocrx_word' id='word_1_230' title='bbox 849 3893 1006 3956; x_wconf 88' lang='lat' dir='ltr'><strong>convenit.</strong></span> 
     </span>
    </p>

    <p class='ocr_par' dir='ltr' id='par_1_11' title="bbox 127 3986 1677 4370">
     <span class='ocr_line' id='line_1_29' title="bbox 207 3986 1555 4073; baseline -0.001 -21"><span class='ocrx_word' id='word_1_231' title='bbox 207 3989 314 4073; x_wconf 83' lang='lat' dir='ltr'><strong>Atque</strong></span> <span class='ocrx_word' id='word_1_232' title='bbox 344 3986 464 4051; x_wconf 81' lang='lat' dir='ltr'><strong>accidit</strong></span> <span class='ocrx_word' id='word_1_233' title='bbox 491 3987 524 4050; x_wconf 91' lang='lat' dir='ltr'><strong>in</strong></span> <span class='ocrx_word' id='word_1_234' title='bbox 554 3986 702 4052; x_wconf 86' lang='lat' dir='ltr'><strong>omnibus</strong></span> <span class='ocrx_word' id='word_1_235' title='bbox 732 3991 946 4054; x_wconf 89' lang='lat' dir='ltr'><strong>mutationum</strong></span> <span class='ocrx_word' id='word_1_236' title='bbox 973 3989 1150 4054; x_wconf 87' lang='lat' dir='ltr'><strong>maioribus</strong></span> <span class='ocrx_word' id='word_1_237' title='bbox 1178 3990 1364 4069; x_wconf 87' lang='lat' dir='ltr'><strong>momentis,</strong></span> <span class='ocrx_word' id='word_1_238' title='bbox 1392 3997 1429 4050; x_wconf 91' lang='lat' dir='ltr'><strong>ut</strong></span> <span class='ocrx_word' id='word_1_239' title='bbox 1455 3987 1555 4052; x_wconf 78' lang='lat' dir='ltr'><strong>mrdta</strong></span> 
     </span>
     <span class='ocr_line' id='line_1_30' title="bbox 128 4084 1554 4174; baseline -0.001 -22"><span class='ocrx_word' id='word_1_240' title='bbox 128 4088 245 4172; x_wconf 87' lang='lat' dir='ltr'><strong>partim</strong></span> <span class='ocrx_word' id='word_1_241' title='bbox 284 4087 413 4172; x_wconf 86' lang='lat' dir='ltr'><strong>penitus</strong></span> <span class='ocrx_word' id='word_1_242' title='bbox 445 4084 617 4150; x_wconf 84' lang='lat' dir='ltr'><strong>concidant</strong></span> <span class='ocrx_word' id='word_1_243' title='bbox 653 4095 750 4172; x_wconf 88' lang='lat' dir='ltr'><strong>atque</strong></span> <span class='ocrx_word' id='word_1_244' title='bbox 781 4087 1004 4172; x_wconf 85' lang='lat' dir='ltr'><strong>prolabantur,</strong></span> <span class='ocrx_word' id='word_1_245' title='bbox 1038 4089 1157 4174; x_wconf 86' lang='lat' dir='ltr'><strong>partim</strong></span> <span class='ocrx_word' id='word_1_246' title='bbox 1189 4095 1300 4150; x_wconf 91' lang='lat' dir='ltr'><strong>nutent</strong></span> <span class='ocrx_word' id='word_1_247' title='bbox 1331 4096 1363 4148; x_wconf 89' lang='lat' dir='ltr'><strong>et</strong></span> <span class='ocrx_word' id='word_1_248' title='bbox 1392 4085 1554 4150; x_wconf 83' lang='lat' dir='ltr'><strong>vacillent.</strong></span> 
     </span>
     <span class='ocr_line' id='line_1_31' title="bbox 127 4183 1677 4273; baseline -0.001 -23"><span class='ocrx_word' id='word_1_249' title='bbox 127 4186 238 4272; x_wconf 85' lang='lat' dir='ltr'><strong>ltaque</strong></span> <span class='ocrx_word' id='word_1_250' title='bbox 258 4197 327 4250; x_wconf 89' lang='lat' dir='ltr'><strong>tum</strong></span> <span class='ocrx_word' id='word_1_251' title='bbox 349 4195 381 4248; x_wconf 90' lang='lat' dir='ltr'><strong>et</strong></span> <span class='ocrx_word' id='word_1_252' title='bbox 401 4184 615 4248; x_wconf 88' lang='lat' dir='ltr'><strong>instauranda</strong></span> <span class='ocrx_word' id='word_1_253' title='bbox 636 4194 709 4248; x_wconf 90' lang='lat' dir='ltr'><strong>sunt</strong></span> <span class='ocrx_word' id='word_1_254' title='bbox 731 4184 851 4271; x_wconf 87' lang='lat' dir='ltr'><strong>aliqua,</strong></span> <span class='ocrx_word' id='word_1_255' title='bbox 879 4186 991 4273; x_wconf 87' lang='lat' dir='ltr'><strong>aliqua</strong></span> <span class='ocrx_word' id='word_1_256' title='bbox 1015 4188 1111 4250; x_wconf 86' lang='lat' dir='ltr'><strong>etiam</strong></span> <span class='ocrx_word' id='word_1_257' title='bbox 1139 4187 1244 4250; x_wconf 90' lang='lat' dir='ltr'><strong>denuo</strong></span> <span class='ocrx_word' id='word_1_258' title='bbox 1273 4183 1463 4266; x_wconf 86' lang='lat' dir='ltr'><strong>extruenda,</strong></span> <span class='ocrx_word' id='word_1_259' title='bbox 1492 4187 1597 4250; x_wconf 82' lang='lat' dir='ltr'><strong>nisi30</strong></span> <span class='ocrx_word' id='word_1_260' title='bbox 1672 4200 1677 4210; x_wconf 88' lang='lat'><strong><em>‘</em></strong></span> 
     </span>
     <span class='ocr_line' id='line_1_32' title="bbox 128 4279 1556 4370; baseline 0.001 -23"><span class='ocrx_word' id='word_1_261' title='bbox 128 4287 162 4348; x_wconf 88' lang='lat' dir='ltr'><strong>in</strong></span> <span class='ocrx_word' id='word_1_262' title='bbox 190 4285 376 4350; x_wconf 79' lang='lat' dir='ltr'><strong>confusione</strong></span> <span class='ocrx_word' id='word_1_263' title='bbox 398 4279 609 4369; x_wconf 78' lang='lat' dir='ltr'><strong>lieen[3]tiam</strong></span> <span class='ocrx_word' id='word_1_264' title='bbox 638 4285 686 4348; x_wconf 85' lang='lat' dir='ltr'><strong>ita</strong></span> <span class='ocrx_word' id='word_1_265' title='bbox 715 4282 942 4350; x_wconf 83' lang='lat' dir='ltr'><strong>convalescere</strong></span> <span class='ocrx_word' id='word_1_266' title='bbox 963 4284 1076 4350; x_wconf 82' lang='lat' dir='ltr'><strong>videre</strong></span> <span class='ocrx_word' id='word_1_267' title='bbox 1102 4295 1133 4348; x_wconf 91' lang='lat' dir='ltr'><strong>et</strong></span> <span class='ocrx_word' id='word_1_268' title='bbox 1160 4284 1229 4370; x_wconf 86' lang='lat' dir='ltr'><strong>pati</strong></span> <span class='ocrx_word' id='word_1_269' title='bbox 1256 4281 1357 4368; x_wconf 85' lang='lat' dir='ltr'><strong>¹aliqui</strong></span> <span class='ocrx_word' id='word_1_270' title='bbox 1379 4283 1494 4364; x_wconf 87' lang='lat' dir='ltr'><strong>velint,</strong></span> <span class='ocrx_word' id='word_1_271' title='bbox 1522 4298 1556 4348; x_wconf 88' lang='lat' dir='ltr'><strong>ut</strong></span> 
     </span>
    </p>
   </div>
   <div class='ocr_carea' id='block_1_10' title="bbox 129 4547 1556 5186">
    <p class='ocr_par' dir='ltr' id='par_1_12' title="bbox 212 4547 531 4604">
     <span class='ocr_line' id='line_1_33' title="bbox 212 4547 531 4604; baseline 0 -2"><span class='ocrx_word' id='word_1_272' title='bbox 212 4555 219 4602; x_wconf 92' lang='grc'>1</span> <span class='ocrx_word' id='word_1_273' title='bbox 241 4549 297 4604; x_wconf 86' lang='lat' dir='ltr'><strong>Am</strong></span> <span class='ocrx_word' id='word_1_274' title='bbox 315 4547 425 4602; x_wconf 81' lang='lat' dir='ltr'><strong>Rande:</strong></span> <span class='ocrx_word' id='word_1_275' title='bbox 442 4565 531 4602; x_wconf 79' lang='lat' dir='ltr'><strong>mauu.</strong></span> 
     </span>
    </p>

    <p class='ocr_par' dir='ltr' id='par_1_13' title="bbox 129 4627 1556 5186">
     <span class='ocr_line' id='line_1_34' title="bbox 209 4627 1554 4700; baseline -0.001 -14"><span class='ocrx_word' id='word_1_276' title='bbox 209 4637 223 4686; x_wconf 81' lang='lat'>2</span> <span class='ocrx_word' id='word_1_277' title='bbox 242 4631 379 4686; x_wconf 85' lang='lat' dir='ltr'><strong>Erhalten</strong></span> <span class='ocrx_word' id='word_1_278' title='bbox 395 4629 425 4684; x_wconf 93' lang='lat' dir='ltr'><strong>in</strong></span> <span class='ocrx_word' id='word_1_279' title='bbox 442 4630 519 4684; x_wconf 89' lang='lat' dir='ltr'><strong>einer</strong></span> <span class='ocrx_word' id='word_1_280' title='bbox 536 4630 682 4685; x_wconf 84' lang='lat' dir='ltr'><strong>Absehrift</strong></span> <span class='ocrx_word' id='word_1_281' title='bbox 699 4649 761 4686; x_wconf 87' lang='lat' dir='ltr'><strong>vom</strong></span> <span class='ocrx_word' id='word_1_282' title='bbox 779 4631 867 4686; x_wconf 85' lang='lat' dir='ltr'><strong>dahre</strong></span> <span class='ocrx_word' id='word_1_283' title='bbox 888 4637 959 4700; x_wconf 70' lang='lat' dir='ltr'><strong>lost,</strong></span> <span class='ocrx_word' id='word_1_284' title='bbox 976 4649 1010 4684; x_wconf 85' lang='lat' dir='ltr'><strong>zu</strong></span> <span class='ocrx_word' id='word_1_285' title='bbox 1029 4629 1146 4685; x_wconf 81' lang='lat' dir='ltr'><strong>weleber</strong></span> <span class='ocrx_word' id='word_1_286' title='bbox 1164 4628 1224 4684; x_wconf 87' lang='lat' dir='ltr'><strong>Zeit</strong></span> <span class='ocrx_word' id='word_1_287' title='bbox 1242 4628 1271 4683; x_wconf 83' lang='lat' dir='ltr'><strong>Z.</strong></span> <span class='ocrx_word' id='word_1_288' title='bbox 1292 4627 1412 4684; x_wconf 72' lang='lat' dir='ltr'><strong>schilter-</strong></span> <span class='ocrx_word' id='word_1_289' title='bbox 1429 4631 1554 4700; x_wconf 80' lang='lat' dir='ltr'><strong>Pritposi-</strong></span> 
     </span>
     <span class='ocr_line' id='line_1_35' title="bbox 129 4711 1555 4787; baseline -0.001 -17"><span class='ocrx_word' id='word_1_290' title='bbox 129 4723 172 4770; x_wconf 82' lang='lat' dir='ltr'><strong>tus</strong></span> <span class='ocrx_word' id='word_1_291' title='bbox 187 4733 250 4782; x_wconf 78' lang='lat' dir='ltr'><strong>war,</strong></span> <span class='ocrx_word' id='word_1_292' title='bbox 275 4715 325 4770; x_wconf 85' lang='lat' dir='ltr'><strong>der</strong></span> <span class='ocrx_word' id='word_1_293' title='bbox 348 4712 440 4784; x_wconf 81' lang='lat' dir='ltr'><strong>einige</strong></span> <span class='ocrx_word' id='word_1_294' title='bbox 459 4713 721 4770; x_wconf 81' lang='lat' dir='ltr'><strong>Zneetabssehltisse</strong></span> <span class='ocrx_word' id='word_1_295' title='bbox 746 4715 837 4787; x_wconf 84' lang='lat' dir='ltr'><strong>gleieh</strong></span> <span class='ocrx_word' id='word_1_296' title='bbox 855 4715 906 4768; x_wconf 89' lang='lat' dir='ltr'><strong>mit</strong></span> <span class='ocrx_word' id='word_1_297' title='bbox 923 4715 952 4768; x_wconf 90' lang='lat' dir='ltr'><strong>in</strong></span> <span class='ocrx_word' id='word_1_298' title='bbox 971 4715 1024 4768; x_wconf 88' lang='lat' dir='ltr'><strong>den</strong></span> <span class='ocrx_word' id='word_1_299' title='bbox 1043 4713 1115 4768; x_wconf 84' lang='lat' dir='ltr'><strong>Text</strong></span> <span class='ocrx_word' id='word_1_300' title='bbox 1137 4711 1279 4778; x_wconf 84' lang='lat' dir='ltr'><strong>aufnahm,</strong></span> <span class='ocrx_word' id='word_1_301' title='bbox 1301 4713 1346 4767; x_wconf 89' lang='lat' dir='ltr'><strong>die</strong></span> <span class='ocrx_word' id='word_1_302' title='bbox 1363 4713 1501 4768; x_wconf 81' lang='lat' dir='ltr'><strong>nattirlieh</strong></span> <span class='ocrx_word' id='word_1_303' title='bbox 1518 4713 1555 4768; x_wconf 89' lang='lat' dir='ltr'><strong>im</strong></span> 
     </span>
     <span class='ocr_line' id='line_1_36' title="bbox 129 4794 1556 4869; baseline -0.001 -16"><span class='ocrx_word' id='word_1_304' title='bbox 129 4797 276 4853; x_wconf 81' lang='lat' dir='ltr'><strong>Abdrueke</strong></span> <span class='ocrx_word' id='word_1_305' title='bbox 302 4795 382 4852; x_wconf 86' lang='lat' dir='ltr'><strong>nieht</strong></span> <span class='ocrx_word' id='word_1_306' title='bbox 408 4798 585 4866; x_wconf 80' lang='lat' dir='ltr'><strong>suegelassen</strong></span> <span class='ocrx_word' id='word_1_307' title='bbox 611 4800 718 4854; x_wconf 78' lang='lat' dir='ltr'><strong>werden</strong></span> <span class='ocrx_word' id='word_1_308' title='bbox 742 4799 865 4854; x_wconf 85' lang='lat' dir='ltr'><strong>konnten</strong></span> <span class='ocrx_word' id='word_1_309' title='bbox 910 4798 974 4869; x_wconf 86' lang='lat' dir='ltr'><strong>Vgl.</strong></span> <span class='ocrx_word' id='word_1_310' title='bbox 1002 4797 1137 4854; x_wconf 82' lang='lat' dir='ltr'><strong>Urkundt.</strong></span> <span class='ocrx_word' id='word_1_311' title='bbox 1163 4795 1278 4861; x_wconf 83' lang='lat' dir='ltr'><strong>Quellen</strong></span> <span class='ocrx_word' id='word_1_312' title='bbox 1305 4794 1333 4850; x_wconf 83' lang='lat' dir='ltr'><strong>S.</strong></span> <span class='ocrx_word' id='word_1_313' title='bbox 1358 4802 1407 4851; x_wconf 80' lang='grc'><strong>746</strong></span> <span class='ocrx_word' id='word_1_314' title='bbox 1426 4795 1464 4866; x_wconf 77' lang='lat' dir='ltr'><strong>t&#39;g.</strong></span> <span class='ocrx_word' id='word_1_315' title='bbox 1502 4798 1556 4852; x_wconf 91' lang='lat' dir='ltr'><strong>Die</strong></span> 
     </span>
     <span class='ocr_line' id='line_1_37' title="bbox 130 4879 1556 4953; baseline 0 -19"><span class='ocrx_word' id='word_1_316' title='bbox 130 4879 255 4936; x_wconf 87' lang='lat' dir='ltr'><strong>Statuten</strong></span> <span class='ocrx_word' id='word_1_317' title='bbox 273 4882 384 4935; x_wconf 83' lang='lat' dir='ltr'><strong>werden</strong></span> <span class='ocrx_word' id='word_1_318' title='bbox 406 4885 469 4936; x_wconf 80' lang='grc'><strong>1565</strong></span> <span class='ocrx_word' id='word_1_319' title='bbox 488 4882 632 4953; x_wconf 78' lang='lat' dir='ltr'><strong>angelegt,</strong></span> <span class='ocrx_word' id='word_1_320' title='bbox 658 4882 700 4934; x_wconf 86' lang='lat' dir='ltr'><strong>als</strong></span> <span class='ocrx_word' id='word_1_321' title='bbox 718 4881 748 4936; x_wconf 86' lang='lat' dir='ltr'><strong>C.</strong></span> <span class='ocrx_word' id='word_1_322' title='bbox 766 4881 959 4953; x_wconf 84' lang='lat' dir='ltr'><strong>Jungermann</strong></span> <span class='ocrx_word' id='word_1_323' title='bbox 979 4879 1140 4950; x_wconf 78' lang='lat' dir='ltr'><strong>Pritpoeitus</strong></span> <span class='ocrx_word' id='word_1_324' title='bbox 1158 4896 1228 4948; x_wconf 68' lang='lat' dir='ltr'><strong>war,</strong></span> <span class='ocrx_word' id='word_1_325' title='bbox 1254 4881 1292 4933; x_wconf 87' lang='lat' dir='ltr'><strong>im</strong></span> <span class='ocrx_word' id='word_1_326' title='bbox 1310 4879 1397 4934; x_wconf 82' lang='lat' dir='ltr'><strong>dabre</strong></span> <span class='ocrx_word' id='word_1_327' title='bbox 1416 4885 1481 4935; x_wconf 79' lang='lat'>1586</span> <span class='ocrx_word' id='word_1_328' title='bbox 1499 4899 1556 4935; x_wconf 86' lang='lat' dir='ltr'><strong>war</strong></span> 
     </span>
     <span class='ocr_line' id='line_1_38' title="bbox 129 4963 1554 5034; baseline 0.001 -18"><span class='ocrx_word' id='word_1_329' title='bbox 129 4981 158 5016; x_wconf 84' lang='lat' dir='ltr'><strong>er</strong></span> <span class='ocrx_word' id='word_1_330' title='bbox 181 4965 287 5020; x_wconf 87' lang='lat' dir='ltr'><strong>Senior.</strong></span> <span class='ocrx_word' id='word_1_331' title='bbox 326 4964 439 5020; x_wconf 77' lang='lat' dir='ltr'><strong>Obwohl</strong></span> <span class='ocrx_word' id='word_1_332' title='bbox 466 4963 524 5018; x_wconf 83' lang='lat' dir='ltr'><strong>ihre</strong></span> <span class='ocrx_word' id='word_1_333' title='bbox 547 4964 723 5034; x_wconf 84' lang='lat' dir='ltr'><strong>Entstehung</strong></span> <span class='ocrx_word' id='word_1_334' title='bbox 748 4964 827 5018; x_wconf 86' lang='lat' dir='ltr'><strong>nieht</strong></span> <span class='ocrx_word' id='word_1_335' title='bbox 849 4965 927 5018; x_wconf 89' lang='lat' dir='ltr'><strong>mebr</strong></span> <span class='ocrx_word' id='word_1_336' title='bbox 948 4963 1091 5018; x_wconf 86' lang='lat' dir='ltr'><strong>inuerbalb</strong></span> <span class='ocrx_word' id='word_1_337' title='bbox 1114 4963 1162 5018; x_wconf 91' lang='lat' dir='ltr'><strong>der</strong></span> <span class='ocrx_word' id='word_1_338' title='bbox 1186 4963 1239 5016; x_wconf 89' lang='lat' dir='ltr'><strong>mir</strong></span> <span class='ocrx_word' id='word_1_339' title='bbox 1262 4969 1402 5033; x_wconf 82' lang='lat' dir='ltr'><strong>geseteten</strong></span> <span class='ocrx_word' id='word_1_340' title='bbox 1428 4963 1554 5018; x_wconf 85' lang='lat' dir='ltr'><strong>Grenzeu</strong></span> 
     </span>
     <span class='ocr_line' id='line_1_39' title="bbox 131 5045 1556 5118; baseline -0.001 -17"><span class='ocrx_word' id='word_1_341' title='bbox 131 5047 196 5110; x_wconf 75' lang='lat' dir='ltr'><strong>mut,</strong></span> <span class='ocrx_word' id='word_1_342' title='bbox 218 5067 248 5103; x_wconf 82' lang='lat' dir='ltr'><strong>eo</strong></span> <span class='ocrx_word' id='word_1_343' title='bbox 268 5047 383 5118; x_wconf 84' lang='lat' dir='ltr'><strong>glaubte</strong></span> <span class='ocrx_word' id='word_1_344' title='bbox 400 5047 445 5101; x_wconf 87' lang='lat' dir='ltr'><strong>ich</strong></span> <span class='ocrx_word' id='word_1_345' title='bbox 464 5047 543 5112; x_wconf 87' lang='lat' dir='ltr'><strong>doeh,</strong></span> <span class='ocrx_word' id='word_1_346' title='bbox 567 5050 604 5101; x_wconf 85' lang='lat' dir='ltr'><strong>da</strong></span> <span class='ocrx_word' id='word_1_347' title='bbox 622 5049 661 5103; x_wconf 89' lang='lat' dir='ltr'><strong>sie</strong></span> <span class='ocrx_word' id='word_1_348' title='bbox 677 5047 816 5104; x_wconf 84' lang='lat' dir='ltr'><strong>diuselben</strong></span> <span class='ocrx_word' id='word_1_349' title='bbox 835 5067 866 5104; x_wconf 89' lang='lat' dir='ltr'><strong>so</strong></span> <span class='ocrx_word' id='word_1_350' title='bbox 883 5049 955 5105; x_wconf 90' lang='lat' dir='ltr'><strong>nahe</strong></span> <span class='ocrx_word' id='word_1_351' title='bbox 974 5047 1096 5116; x_wconf 81' lang='lat' dir='ltr'><strong>bertihrt,</strong></span> <span class='ocrx_word' id='word_1_352' title='bbox 1120 5045 1177 5101; x_wconf 88' lang='lat' dir='ltr'><strong>ihre</strong></span> <span class='ocrx_word' id='word_1_353' title='bbox 1194 5045 1353 5102; x_wconf 85' lang='lat' dir='ltr'><strong>Aufnahme</strong></span> <span class='ocrx_word' id='word_1_354' title='bbox 1370 5045 1446 5099; x_wconf 84' lang='lat' dir='ltr'><strong>nieht</strong></span> <span class='ocrx_word' id='word_1_355' title='bbox 1464 5056 1556 5102; x_wconf 81' lang='lat' dir='ltr'><strong>unter-</strong></span> 
     </span>
     <span class='ocr_line' id='line_1_40' title="bbox 131 5129 389 5186; baseline 0.008 -2"><span class='ocrx_word' id='word_1_356' title='bbox 131 5131 213 5186; x_wconf 84' lang='lat' dir='ltr'><strong>lassen</strong></span> <span class='ocrx_word' id='word_1_357' title='bbox 232 5149 267 5186; x_wconf 87' lang='lat' dir='ltr'><strong>zu</strong></span> <span class='ocrx_word' id='word_1_358' title='bbox 283 5129 389 5186; x_wconf 81' lang='lat' dir='ltr'><strong>diirfen.</strong></span> 
     </span>
    </p>
   </div>
   <div class='ocr_carea' id='block_1_11' title="bbox 1328 5221 1385 5280">
    <p class='ocr_par' dir='ltr' id='par_1_14' title="bbox 1328 5221 1385 5280">
     <span class='ocr_line' id='line_1_41' title="bbox 1328 5221 1385 5280; baseline 0 0"><span class='ocrx_word' id='word_1_359' title='bbox 1328 5221 1385 5280; x_wconf 78' lang='lat'><strong>14·</strong></span> 
     </span>
    </p>
   </div>
   <div class='ocr_carea' id='block_1_12' title="bbox 0 0 1892 6072">
    <p class='ocr_par' dir='ltr' id='par_1_15' title="bbox 0 0 1892 6072">
     <span class='ocr_line' id='line_1_42' title="bbox 0 0 1892 6072; baseline 0 0"><span class='ocrx_word' id='word_1_360' title='bbox 0 0 1892 6072; x_wconf 95' lang='lat' dir='ltr'><strong> </strong></span> 
     </span>
    </p>
   </div>
  </div>
 </body>
</html>
