3788 6078
610 457 663 510 Dis
679 457 799 510 8111111111
815 471 869 509 von
885 457 1063 512 1115-1490.
1489 460 1546 524 591

208 647 257 708 40.
285 641 384 706 Item¹
415 647 567 705 statutum
598 637 677 722 fuit,
715 638 802 726 quod
838 637 974 727 quilibet
1007 637 1120 704 doctor
1156 619 1197 702 lle
1227 639 1360 706 consilio
1389 639 1553 708 facultatis

128 741 273 806 existens
287 749 414 805 tenetur
429 761 471 804 ex
486 737 601 804 ordine
614 761 673 804 suo
691 738 868 804 secundum
890 747 1027 826 quatuor
1049 739 1203 823 angarias
1225 738 1393 825 disputare
1414 738 1552 828 publice.

124 838 169 902 Et
187 837 276 904 idem
297 838 411 904 doctor
430 860 490 925 pro
507 835 621 904 labore
643 860 700 903 suo
719 837 853 904 habebit
874 859 973 902 unum
989 835 1144 902 florenum
1159 837 1353 921 afacultate,
1369 841 1397 903 si
1415 839 1552 904 facultas

127 937 385 1021 habundaverit3
414 937 472 1003 sed
492 940 521 1002 si
542 936 670 1002 deficiet
690 936 842 1019 facultas,
864 945 989 1002 tenetur
1009 937 1130 1022 gratis;
1161 949 1295 1023 expuat,
1318 959 1391 1002 cum
1414 935 1552 1003 facultas

125 1035 305 1120 obtinebit,
327 1037 506 1102 satisfaciet
533 1035 709 1102 secundum
738 1037 870 1102 decreta
897 1035 1075 1103 doctorum.
1119 1033 1163 1100 Et
1190 1039 1217 1101 si
1244 1036 1362 1124 aliquis
1383 1036 1550 1124 negligens
1577 1049 1593 1102 5

124 1136 238 1219 fuerit,
259 1135 349 1224 quod
368 1135 537 1222 disputare
565 1136 762 1222 neglexerit,
792 1145 918 1201 tenetur
947 1134 1026 1199 dare
1054 1157 1150 1200 unum
1174 1135 1330 1201 florenum
1353 1159 1414 1224 pro
1437 1159 1552 1225 poena,

125 1234 178 1302 vel
201 1257 243 1300 ex
266 1258 365 1302 causa
386 1233 574 1301 rationabili
596 1245 704 1322 potest
725 1235 825 1302 alium
846 1237 917 1300 vice
939 1244 1154 1322 opponentem
1173 1234 1214 1300 de
1235 1235 1369 1302 consilio
1390 1236 1552 1302 facultatis

126 1333 350 1401 substituere.²

210 1607 261 1666 41.
290 1597 334 1688 [S.
354 1598 385 1688 5]
420 1601 514 1667 Anno
543 1601 665 1668 (10111111
695 1601 1477 1691 millesimoquadringentesimosexagesimonono
1500 1601 1553 1668 de·

128 1701 214 1766 eima
235 1699 288 1765 die
308 1699 432 1786 Aprilis
455 1703 551 1778 (1469
569 1708 598 1764 d.
623 1709 669 1770 10.
691 1706 796 1783 April)
819 1701 1005 1768 conclusum
1025 1714 1057 1767 et
1077 1701 1296 1790 approbatum
1315 1701 1376 1766 fuit
1398 1713 1552 1768 statutum
1565 1713 1596 1768 10

128 1799 218 1864 istud
240 1823 299 1887 per
328 1822 439 1865 omues
468 1799 619 1864 doctores
647 1798 827 1866 medicinae
856 1800 1019 1866 facultatis
1046 1801 1263 1884 concorditer,
1290 1800 1441 1866 videlicet
1469 1801 1555 1886 quod

128 1897 278 1963 decatero
300 1897 407 1964 nullus
429 1898 620 1964 admittatur
641 1922 677 1964 se
701 1901 915 1965 intromittere
945 1898 985 1964 de
1014 1924 1092 1966 cura
1121 1899 1306 1968 medicinali
1327 1898 1378 1965 vel
1409 1901 1555 1989 practica

131 1995 270 2061 alicuius
294 2001 456 2085 corporis,
476 1997 591 2064 morbo
613 1997 665 2063 vel
687 1999 873 2064 infirmitate
894 1996 1073 2064 laborantis
1104 2010 1160 2064 aut
1189 2001 1318 2088 gravati
1345 2000 1380 2064 in
1408 1999 1557 2087 praefata

129 2099 262 2161 civitate
288 2096 452 2184 Leipcak,
482 2099 700 2184 cuiuscunque
734 2099 857 2184 gentis,
888 2097 1115 2186 professionis,
1145 2121 1243 2164 sexus
1273 2097 1325 2164 vel
1353 2098 1552 2164 condicionis

129 2197 246 2280 fuerit,
267 2197 331 2260 nisi
352 2198 443 2282 prius
464 2199 498 2261 in
521 2198 671 2284 praefata
693 2197 873 2262 medicinae
894 2196 1046 2262 facultate
1067 2201 1101 2262 in
1123 2198 1303 2280 doctorem,
1329 2197 1553 2263 bozenciatum
1566 2208 1597 2264 15

131 2293 184 2359 vel
197 2294 421 2360 baccalarium
436 2307 603 2382 promotus
624 2297 736 2380 fuerit,
756 2296 807 2362 vel
830 2291 871 2361 de
892 2299 1099 2382 promocione
1120 2320 1179 2362 sua
1199 2297 1314 2364 doceat
1335 2296 1467 2362 alterius
1487 2300 1556 2363 uni·

131 2395 314 2478 versitatis,
337 2396 429 2459 cuius
452 2394 531 2459 dicit
552 2419 586 2462 se
608 2397 677 2461 fore
698 2394 894 2479 membrum,
918 2406 1013 2482 atque
1040 2395 1215 2462 secundum
1246 2406 1367 2462 statuta
1393 2395 1556 2462 facultatis

132 2493 313 2559 medicinae
325 2493 420 2560 huius
430 2496 652 2562 universitatis
670 2497 850 2560 satisfaciat
865 2505 898 2560 et
914 2494 1062 2581 perficiat
1078 2518 1126 2580 ea,
1147 2519 1231 2584 quae
1245 2495 1326 2561 inibi
1342 2497 1554 2562 continentur.

217 2815 267 2876 11.
304 2809 401 2876 Anno
432 2809 554 2876 domini
585 2810 1424 2900 millesimoquadringentesimoseptuagesimoprimo
1457 2814 1558 2879 tercia

133 2909 217 2973 feria
238 2919 313 2995 post
331 2909 502 2974 invocavit
524 2917 613 2986 (1471
629 2917 656 2975 d.
675 2920 703 2978 5.
716 2917 821 2986 Mors>
844 2910 1029 2977 conclusum
1051 2913 1112 2977 fuit
1133 2922 1165 2975 et
1187 2920 1342 2977 statutum
1364 2932 1422 2998 per
1446 2923 1599 2979 omnesbo

133 3009 284 3074 doctores
315 3007 496 3074 medicinae
526 3008 711 3091 facultatis,
744 3010 831 3095 quod
864 3010 1000 3097 quilibet
1034 3011 1146 3076 exiens
1180 3010 1221 3074 de
1253 3008 1316 3075 hac
1348 3011 1559 3076 universitate

133 3107 309 3194 Lipcaensi
330 3129 389 3194 pro
413 3107 519 3174 studio
548 3107 728 3174 medicinae
756 3132 815 3195 pro
846 3110 1023 3195 adepcione
1050 3108 1239 3174 doctoratus
1265 3109 1299 3172 in
1326 3107 1488 3173 medicina
1517 3110 1559 3174 ad

136 3207 235 3270 aliam
250 3207 502 3290 universitatem,
526 3211 620 3271 11111
641 3205 845 3272 baccalarius
866 3208 1048 3274 medicinae
1069 3207 1164 3272 huius
1187 3207 1408 3272 universitatis
1429 3217 1461 3271 et
1483 3231 1557 3294 pro·

132 3313 283 3370 movetur
303 3305 338 3368 in
358 3305 424 3370 alia
444 3307 654 3370 universitate
677 3307 710 3369 in
733 3303 915 3389 doctorem,
945 3306 1032 3395 quod
1060 3328 1124 3371 non
1150 3307 1329 3393 recipiatur
1350 3309 1384 3371 in
1406 3303 1469 3371 hac
1490 3309 1558 3371 uni·

132 3405 290 3468 versitate
311 3403 354 3468 ad
375 3403 562 3470 facultatem
587 3403 778 3490 medicinae,
800 3407 863 3470 nisi
884 3405 943 3470 sub
965 3409 1146 3470 iuramento
1168 3427 1226 3470 suo
1249 3403 1345 3488 dicat,
1365 3405 1451 3492 quod
1473 3415 1600 3471 com-25

136 3503 276 3590 pleverit
296 3501 462 3569 biennium
485 3526 576 3569 suum
598 3507 631 3570 in
659 3505 721 3570 bac
749 3506 960 3570 universitate
987 3504 1040 3570 vel
1068 3507 1102 3568 in
1129 3503 1210 3587 alia,
1238 3505 1272 3568 in
1299 3526 1365 3590 qua
1392 3517 1559 3591 promotus

133 3613 193 3684 est,
214 3600 386 3688 diligenter
402 3601 550 3668 doctores
565 3605 598 3667 in
614 3602 807 3672 lectionibus
826 3601 1008 3670 1111111111
1027 3602 1171 3690 legentes
1192 3603 1361 3668 audiendo.
1395 3601 1432 3668 Si
1452 3614 1559 3670 autem

134 3701 262 3767 nonsit
290 3699 512 3786 baccalarius,
541 3702 616 3767 talis
646 3706 693 3768 sic
722 3705 833 3769 exiens
863 3703 905 3768 ad
934 3703 1032 3768 aliam
1059 3705 1305 3768 universitatem
1332 3713 1460 3770 tenetur
1489 3703 1559 3769 dili·

135 3811 251 3887 genter
286 3801 451 3867 audivisse
492 3802 640 3868 doctores
681 3802 776 3868 huius
806 3805 1027 3868 universitatis
1060 3824 1119 3889 per
1152 3801 1316 3868 biennium
1348 3813 1381 3868 et
1409 3805 1560 3870 visitasse

137 3903 317 3989 practicam
339 3923 398 3987 per
420 3899 586 3966 biennium
616 3901 791 3966 secundum
825 3911 945 3966 statuta
972 3901 1066 3966 huius
1095 3903 1314 3966 universitatis
1346 3903 1380 3968 in
1407 3903 1603 3970 facultate30

139 3999 319 4066 medicinae
340 4011 371 4064 11
391 3999 443 4064 bis
463 4001 672 4088 respondisse
694 4000 890 4084 doctoribus,
911 4011 1083 4086 antequam
1106 4010 1201 4065 exeat
1222 3999 1266 4065 ad
1286 4000 1383 4066 aliam
1405 4005 1560 4069 universi·

137 4110 256 4183 tatem,
278 4109 310 4164 et
331 4122 404 4165 cum
424 4110 593 4186 promotus
613 4101 710 4166 fuerit
732 4103 765 4166 in
787 4100 952 4166 doctorem
973 4100 1106 4166 alterius
1128 4100 1367 4183 universitatis,
1388 4102 1463 4168 talis
1483 4114 1561 4169 tuuc

140 4199 201 4264 sub
224 4200 403 4264 iuramento
427 4221 485 4264 suo
508 4198 610 4282 dicat,
641 4198 727 4287 quod
756 4199 966 4286 compleverit
994 4199 1158 4265 biennium
1180 4221 1273 4263 suum
1294 4199 1328 4264 in
1349 4199 1413 4266 alia
1434 4205 1561 4270 univer·

140 4301 247 4380 sitatc,
270 4297 444 4384 diligenter
465 4297 613 4363 doctores
635 4297 797 4364 audiendo
819 4308 893 4385 post
918 4300 1163 4386 responsionem
1183 4295 1294 4362 binam
1315 4299 1368 4364 hic
1387 4301 1507 4368 factam
1529 4305 1562 4367 in

144 4400 368 4480 universitate,
390 4397 471 4464 alias
487 4398 529 4464 ad
543 4397 728 4463 facultatem
744 4399 923 4464 medicinae
938 4397 1034 4465 huius
1048 4399 1270 4463 universitatis
1291 4422 1356 4465 non
1378 4404 1560 4490 recipiatur.
1570 4413 1603 4468 35

140 4499 176 4564 Si
199 4507 307 4562 autem
328 4520 392 4562 non
414 4497 539 4564 studuit
558 4499 592 4562 in
612 4497 673 4562 hac
695 4499 906 4562 universitate
926 4497 1100 4585 Lipcaeusi
1120 4499 1155 4562 in
1176 4497 1345 4564 medicinis
1366 4513 1398 4566 et
1417 4513 1466 4566 est
1487 4524 1560 4588 pro·

138 4596 301 4662 1111111111
323 4595 390 4662 alia
411 4597 639 4679 universitate,
661 4609 831 4664 1111111111
857 4619 894 4662 eo
916 4595 1111 4685 procedatur
1136 4597 1313 4663 secundum
1335 4610 1499 4684 statutum,
1520 4600 1561 4666 de

139 4694 330 4778 ‚doctoribus
353 4696 486 4761 alterius
506 4697 727 4762 universitatis
749 4697 936 4764 conclusum
958 4721 1042 4764 anno
1063 4707 1122 4764 etc.
1146 4697 1244 4766 lwi.

226 4965 237 5016 1
259 4961 357 5016 Dieser
374 4959 539 5034 Peragraph
557 4959 773 5032 3116111111
799 4978 829 5017 er
847 4963 922 5017 ward
939 4979 992 5018 nur
1010 4961 1119 5018 hierher
1136 4963 1323 5036 geschriebsn,
1343 4963 1402 5021 weil
1420 4981 1457 5020 an
1474 4965 1563 5022 dieser

138 5045 225 5104 Stelle
244 5045 330 5102 leerer
347 5045 436 5102 Raum
453 5045 598 5116 gablieben
619 5062 682 5100 war.
716 5045 755 5098 Er
772 5045 871 5116 geho'rt
888 5047 947 5101 also
965 5047 1008 5101 ius
1025 5046 1097 5102 debr
1117 5054 1188 5104 1190.

225 5135 241 5186 2
260 5128 388 5202 Aufaugs
408 5147 465 5186 var
482 5129 659 5203 gescbrieben
676 5129 822 5184 {iutimare
