3794 6060
323 437 364 500 22
772 434 824 485 Dic
842 433 1025 484 Reformatton
1042 447 1104 482 vom
1122 434 1204 484 Jahre
1225 438 1297 484 1496.

325 639 385 705 per
406 616 638 702 inspectionem
660 616 710 680 sui
734 615 867 701 registri
896 615 1093 698 constiterit,
1122 612 1209 701 quod
1238 614 1469 699 recognitionis
1495 614 1615 699 petitor
1643 613 1752 680 huius·

325 715 416 782 modi
436 715 608 780 lectionem
627 713 680 779 vel
700 715 896 780 exercicium
918 712 960 779 ab
981 737 1019 780 eo
1050 712 1229 794 audiverit,
1261 711 1321 776 sub
1349 733 1455 798 poena
1484 714 1648 778 carentiae
1677 721 1754 778 actu

327 816 494 901 regentiae
514 835 573 900 per
596 814 757 899 integrum
779 836 910 879 annum.
952 811 998 877 Et
1018 809 1270 897 promovendus,
1290 813 1345 896 qui
1358 811 1400 876 ab
1421 812 1639 897 eomagistro,
1662 813 1754 876 cuius

328 912 499 978 lectionem
526 911 579 976 vel
607 914 803 978 exercicium
826 935 893 978 non
921 911 1097 993 audiverit,
1118 911 1374 996 recognitionem
1396 911 1556 997 receperit
1583 918 1617 974 et
1643 931 1754 976 coram

305 1009 484 1076 tfaoultate
497 1012 613 1076 artium
637 1011 791 1076 exhibere
802 1011 1068 1098 praesumpserit,
1090 1007 1279 1095 simpliciter
1301 1008 1498 1096 impediatur
1518 1031 1579 1074 uec
1599 1010 1665 1074 ista
1684 1011 1756 1074 vice

331 1109 374 1175 ad
394 1132 532 1174 examen
552 1133 612 1196 pro
634 1109 741 1192 gradu
761 1111 869 1199 aliquo
891 1111 925 1174 in
948 1107 1074 1172 artibus
1096 1106 1296 1172 admittatur.

475 1313 523 1375 16.
543 1327 591 1374 nn
613 1325 845 1375 nncrroxmus
867 1325 1041 1376 nnoaxms
1061 1325 1107 1373 er
1129 1323 1323 1374 exeremus
1344 1324 1574 1374 aurearum.

416 1435 613 1504 Ordinamus
640 1450 674 1504 et
701 1441 865 1522 volumus,
894 1438 980 1527 quod
1003 1437 1167 1524 magistri,
1189 1437 1343 1502 lectiones
1376 1447 1408 1502 et
1429 1440 1591 1504 exercicia
1611 1446 1759 1524 tempore

238 1567 246 1574 ·
333 1535 571 1604 distributionis
593 1539 769 1604 earumdem
788 1539 1002 1625 recipientes,
1030 1539 1093 1604 sint
1123 1538 1249 1602 astricti
1275 1537 1318 1601 ad
1340 1537 1511 1624 diligenter
1532 1535 1706 1623 legendum
1729 1545 1761 1598 et

294 1636 551 1702 toexercendum
578 1649 611 1702 et
637 1659 740 1725 usque
768 1636 811 1702 ad
839 1637 937 1703 finem
963 1635 1147 1703 huiusmodi
1174 1637 1344 1702 lectionem
1373 1645 1406 1700 et
1431 1637 1627 1700 exercicium
1659 1637 1760 1724 eonti-

331 1733 514 1819 nuendum,
534 1735 594 1801 sub
614 1758 722 1824 poena
744 1739 906 1802 carentiae
928 1746 1002 1801 actu
1021 1737 1195 1820 regentiae.
1235 1734 1280 1800 Et
1299 1745 1335 1799 ut
1362 1734 1420 1800 tali
1446 1735 1560 1800 lectori
1586 1735 1639 1800 vel
1667 1757 1761 1800 exer·

333 1835 420 1900 centi
441 1856 501 1921 pro
528 1857 585 1899 suo
606 1833 720 1902 labore
742 1835 974 1924 aliquantulum
996 1833 1147 1917 satisfiat,
1170 1833 1289 1898 debent
1309 1833 1450 1900 decanum
1471 1845 1503 1899 et
1517 1844 1686 1901 taxatores
1709 1855 1762 1898 cu-

332 1955 425 2016 rare,
445 1941 481 1997 ut
501 1932 623 1998 nullum
645 1933 824 2000 auditorem
845 1933 1028 2000 huiusmodi
1055 1932 1227 1999 lectionum
1248 1943 1280 1999 et
1302 1935 1536 1998 exerciciorum
1559 1933 1602 1998 ad
1617 1935 1765 2022 registra

338 2055 399 2099 sua
420 2030 644 2116 conscribant,
669 2035 734 2098 nisi
758 2033 889 2098 realiter
916 2042 949 2096 et
976 2031 1187 2097 effectualiter
1213 2055 1272 2118 pro
1299 2033 1484 2098 huiusmodi
1509 2032 1703 2098 lectionibus
1733 2041 1765 2096 et

296 2141 326 2198 15
337 2131 509 2198 exerciciis
532 2133 734 2197 satisfecerit
774 2131 819 2196 Et
845 2134 1000 2218 pecunias
1033 2153 1076 2195 ex
1097 2140 1177 2196 taxa
1203 2139 1352 2218 receptas
1381 2141 1414 2196 et
1439 2131 1590 2199 collectas
1618 2130 1763 2196 decanus

335 2241 367 2296 et
387 2237 554 2296 taxatores
574 2253 677 2319 usque
698 2230 741 2296 ad
761 2229 859 2295 finem
878 2230 1052 2296 lectionum
1074 2239 1106 2294 et
1122 2230 1356 2296 exerciciorum
1373 2229 1512 2297 fideliter
1528 2240 1708 2313 reservent,
1731 2238 1765 2296 et

335 2339 412 2419 post
431 2328 529 2394 finem
550 2331 725 2395 eorundem
747 2331 829 2417 ipsis
850 2330 1025 2395 lectoribus
1047 2339 1080 2394 et
1101 2328 1327 2394 exercentibus
1350 2328 1563 2412 distribuant,
1584 2351 1645 2394 nec
1667 2328 1764 2394 deca-

334 2452 396 2495 nus
429 2427 614 2494 huiusmodi
644 2429 800 2516 pecunias
829 2427 892 2493 sibi
918 2428 1100 2493 imbursare
1126 2437 1313 2513 praesumat
1341 2426 1400 2492 sub
1428 2449 1549 2514 poena,
1578 2429 1613 2492 iu
1642 2437 1764 2492 statuto

335 2551 421 2596 novo
440 2528 588 2594 vicesimi
609 2528 714 2616 quinti
735 2525 806 2592 folii
827 2527 1033 2614 conscripto¹
1055 2547 1222 2613 expressa.

296 2735 332 2792 2⁰
764 2729 808 2791 17.
830 2743 878 2790 ne
900 2741 1075 2790 nscrrorm
1097 2741 1224 2790 nomas
1246 2742 1381 2790 ussum.

423 2855 510 2937 Quia
531 2855 605 2922 talis
626 2855 721 2922 lectio
742 2854 845 2921 loicae
866 2855 988 2920 Hesbri
1011 2877 1125 2942 parum
1150 2855 1274 2922 fructus
1302 2858 1336 2921 in
1356 2879 1391 2922 se
1413 2856 1549 2940 habeat,
1575 2811 1650 2921 ideo
1672 2856 1764 2922 volu-

337 2979 426 3039 mus,
456 2957 543 3044 quod
573 2956 644 3022 loco
673 2953 816 3019 eiusdem
841 2954 989 3019 lectionis
1014 2977 1074 3042 pro
1102 2957 1290 3041 magisterio
1318 2955 1445 3043 legatur
1473 2955 1514 3022 de
1542 2963 1649 3020 cetero
1679 2955 1765 3022 liber

336 3056 573 3128 rhetoricorum
592 3053 786 3120 Aristotelis.

695 3224 743 3286 18.
764 3236 811 3283 na
832 3234 1065 3285 nacrroxmus
1086 3237 1124 3284 m
1144 3235 1403 3286 muneramus.

295 3360 328 3418 25
422 3352 509 3434 qua
529 3351 605 3417 libri
626 3349 917 3432 mathematieales,
939 3351 1087 3415 fortassis
1106 3361 1241 3438 propter
1261 3353 1457 3438 paucitatem
1478 3351 1712 3436 magistrorum
1731 3353 1766 3417 in

337 3449 652 3518 mathematicalibus
674 3450 943 3532 exercitatorum,
963 3471 1039 3514 raro
1061 3448 1212 3534 leguntur
1232 3460 1264 3514 et
1284 3452 1318 3516 in
1339 3451 1550 3516 universitate
1572 3451 1764 3516 continuan-

337 3560 404 3634 tur,
427 3549 576 3616 volumus
599 3559 631 3614 et
653 3547 856 3630 ordinamus,
883 3547 970 3636 quod
988 3547 1126 3613 facultas
1148 3550 1267 3616 artium
1290 3549 1331 3616 de
1357 3559 1465 3615 cetero
1495 3547 1631 3633 singulis
1659 3559 1764 3614 muta·

338 3648 484 3715 sionibus
506 3647 566 3713 sub
589 3657 678 3712 certa
688 3645 837 3710 mercede
858 3647 989 3733 deputet
1009 3647 1134 3734 aliquos
1156 3651 1330 3734 magistros
1352 3646 1629 3713 inmathematica
1639 3648 1763 3735 peritos

337 3759 369 3813 et
389 3750 563 3812 instructos
585 3743 821 3830 adlegandum
847 3755 878 3808 et
900 3745 1151 3810 continuandum
1175 3747 1320 3813 utiliores
1342 3747 1444 3813 libros
1464 3748 1500 3812 in
1520 3746 1764 3830 mathematice,

295 3855 375 3913 eout
401 3843 586 3928 Euclidem,
613 3845 853 3932 perspectivam
884 3866 1103 3929 communem,
1135 3847 1313 3912 theoricam
1340 3846 1543 3934 planetarum
1568 3855 1601 3910 et
1631 3844 1764 3914 similes.

336 3946 382 4012 Et
403 3943 588 4011 huiusmodi
606 3943 767 4008 mercedis
790 3944 859 4007 sive
879 3947 1211 4029 pastustaxationem
1239 3946 1305 4032 ipsi
1327 3945 1450 4010 decano
1478 3955 1511 4010 et
1531 3945 1598 4010 suis
1628 3945 1763 4010 seniori·

337 4045 399 4112 bus
418 4043 652 4111 aestimandam
675 4041 912 4108 committimus.

607 4245 655 4308 19.
676 4259 724 4306 DE
748 4255 919 4306 abnorme
938 4260 984 4308 ET
1007 4259 1197 4309 osnmams
1214 4259 1537 4310 Dlsrursclortmus.

419 4373 586 4456 Volumus,
608 4371 694 4460 quod
715 4371 825 4437 omnia
846 4382 878 4436 et
898 4372 1025 4460 singula
1046 4374 1225 4460 supposita,
1247 4396 1308 4460 pro
1331 4371 1437 4458 gradu
1458 4373 1567 4460 aliquo
1583 4373 1618 4436 in
1635 4373 1761 4439 artibus

294 4485 328 4541 35
339 4473 544 4561 complentia,
566 4473 609 4536 ad
621 4470 805 4536 huiusmodi
821 4471 1002 4536 fructuosas
1024 4472 1265 4557 disputacioncs
1287 4482 1319 4536 et
1336 4472 1507 4537 latinitatis
1520 4470 1762 4537 observantiam

338 4571 588 4661 compellantur,
610 4570 761 4659 quodque
784 4570 819 4633 in
839 4569 962 4635 eisdem
982 4573 1016 4636 in
1038 4569 1152 4636 ordine
1183 4593 1240 4638 suo
1267 4579 1450 4658 opponant,
1480 4580 1621 4657 arguant
1651 4580 1683 4636 et
1713 4593 1760 4634 re

337 4671 529 4761 spondeant.
569 4669 792 4736 Conveutores
814 4691 940 4758 quoque
960 4668 1169 4755 collegiorum
1184 4679 1215 4734 et
1236 4668 1409 4736 bursarum
1427 4671 1685 4758 approbaturum
1709 4669 1761 4734 de

406 4924 417 4975 l
437 4918 492 4974 Die
509 4915 710 4988 Casusendung
728 4916 768 4970 ist
783 4931 832 4969 aus
843 4915 892 4970 der
902 4913 1076 4990 Abkiiraung
1088 4914 1167 4970 nicht
1176 4916 1228 4970 mit
1239 4914 1436 4972 Sicherheitzu
1448 4915 1603 4986 erkennen3
1622 4915 1760 4972 vielleicht

336 5001 508 5073 conscripti!
525 4999 655 5057 Gemeiut
672 4999 709 5053 ist
731 4999 783 5053 das
801 4997 909 5066 statut,
933 4999 1049 5055 welches
1071 5017 1118 5053 um
1141 4999 1207 5054 oder
1232 4997 1306 5054 nach
1333 5003 1396 5054 1190
1419 4999 1600 5072 eingetragen
1623 4999 1676 5070 ist,
1705 5001 1760 5072 rgl.

337 5085 476 5143 Urkundl.
497 5083 614 5150 Quelleu
632 5081 659 5138 S.
680 5087 729 5138 834
747 5089 834 5138 uuteu
850 5083 916 5140 Nro.
934 5086 950 5136 3
968 5083 1049 5148 (saa
1066 5089 1164 5137 contra
1179 5085 1299 5137 decanos
1314 5085 1387 5154 etc).
