3762 6074
512 511 603 564 Vierte
626 512 898 576 Statutenrednction,
917 529 969 564 von
989 509 1164 566 llas-1522.

422 734 466 794 10.
493 747 541 794 ne
563 747 857 796 mseousromsus
884 746 1257 796 snocmmnsoosou.

723 867 783 931 νει.
802 869 874 932 xm,
895 867 953 919 rab.

212 975 329 1042 Nullus
353 975 483 1042 admitti
505 976 601 1043 debet
631 979 676 1044 ad
703 1003 840 1046 examen
868 1003 928 1068 pro
954 980 1060 1066 gradu
1088 978 1327 1046 baccalariatus
1355 983 1389 1046 in
1416 982 1551 1065 artibus,

125 1079 189 1143 nisi
218 1078 326 1142 sexies
354 1075 559 1163 responderit
591 1078 755 1145 ordinarie
784 1092 816 1145 et
844 1082 967 1146 tociens
998 1079 1258 1146 extraordinarie
1289 1089 1356 1146 tam
1386 1084 1552 1168 magistris

126 1200 222 1265 quam
235 1175 441 1260 baccalsriis‚
462 1176 577 1242 diebus
600 1178 770 1244 dominicis
791 1179 843 1244 vel
865 1191 961 1244 extra
980 1179 1229 1266 disputantibus.
1273 1179 1431 1245 Adminus
1443 1190 1551 1246 tamen
1578 1193 1594 1246 5

126 1276 179 1341 bis
200 1276 245 1342 ad
266 1285 377 1364 partes
406 1277 607 1363 principales
624 1288 656 1343 et
677 1290 792 1366 quater
814 1278 857 1343 ad
879 1288 990 1366 partes
1012 1283 1118 1346 minus
1138 1279 1336 1366 principales
1357 1287 1483 1346 tenetur
1506 1283 1553 1345 eis

126 1374 343 1462 respondisse.
389 1375 454 1456 Qui
481 1377 509 1440 si
536 1399 556 1442 a
584 1379 746 1465 principio
778 1374 863 1465 [29⁸]
894 1401 996 1466 usque
1025 1380 1068 1444 ad
1096 1379 1194 1444 finem
1223 1379 1459 1466 disputacionis
1487 1403 1552 1445 non

127 1476 356 1562 permanserit,
377 1478 446 1540 siue
468 1498 567 1541 causa
587 1477 745 1542 racionali
764 1477 955 1561 recedendo,
977 1480 1146 1564 responsio
1166 1477 1252 1561 talis,
1274 1481 1343 1544 sive
1359 1480 1553 1567 principalis

127 1577 198 1640 sive
222 1576 327 1640 minus
348 1573 539 1662 principalis
560 1577 676 1658 fuerit,
697 1599 762 1641 non
783 1576 880 1642 debet
900 1565 962 1642 sibi
985 1579 1175 1664 computari.

190 1765 197 1778 '
277 1748 322 1806 ll.
350 1759 396 1806 DE
422 1758 566 1807 NUMERO
594 1760 893 1825 DISPUTACIONUM,
921 1761 958 1808 IN
979 1761 1105 1822 QUIBUS
1130 1761 1409 1810 usccnmnmunr
1565 1755 1597 1810 1⁰

605 1859 814 1909 'I'ENEANTUB
835 1860 1085 1910 counanmssn.

735 1978 795 2042 Vgl.
813 1979 887 2040 xm,
908 1979 947 2031 lb.

213 2089 330 2156 Nullus
354 2089 398 2154 ad
424 2113 562 2156 examen
595 2089 833 2157 baccalariatus
859 2093 894 2156 in
921 2093 1045 2158 artibus
1079 2093 1283 2178 admittatur,
1317 2095 1380 2159 nisi
1412 2095 1446 2157 in
1479 2115 1554 2158 con·

130 2191 274 2256 sciencia
303 2212 362 2254 sua
390 2191 493 2272 dicat,
522 2189 633 2277 quod¹
664 2192 698 2253 in
725 2192 861 2276 triginta
893 2192 1172 2280 disputacionibus
1201 2193 1375 2259 ordinariis
1402 2203 1469 2258 tam
1489 2215 1555 2256 ma·

128 2293 306 2376 gistrorum
339 2311 435 2376 quarn
470 2288 728 2354 baccalariorum
760 2313 916 2377 praesens
949 2293 1063 2376 luerit,
1091 2303 1157 2357 tarn
1187 2292 1243 2358 diu
1268 2293 1371 2359 donec
1403 2292 1553 2357 adminus
1567 2301 1597 2356 1⁵

130 2391 272 2476 quinque
289 2389 439 2474 magistri
458 2398 515 2453 aut
531 2387 706 2454 baccalarii
724 2390 915 2476 arguebant,
939 2393 967 2456 si
982 2391 1096 2456 saltem
1112 2384 1160 2456 to't
1176 2391 1222 2457 ibi
1239 2392 1359 2456 fixerint
1374 2401 1557 2478 arguentes.

279 2560 324 2622 12.
355 2571 637 2621 ssconnnamunr
657 2573 798 2622 nnsssr
822 2574 983 2623 srnrrssn
1005 2575 1040 2622 m
1060 2573 1160 2622 noers
1182 2575 1408 2624 arenosarrs.

738 2692 798 2755 νει,
819 2693 898 2756 xm,
916 2693 954 2744 aa.

216 2804 332 2870 Nullus
353 2804 544 2870 admittatur
565 2806 608 2872 ad
629 2829 766 2872 examen
792 2830 852 2894 pro
879 2807 985 2894 gradu
1013 2805 1251 2874 baccalariatus
1272 2809 1307 2872 in
1329 2807 1469 2891 artibus,
1496 2809 1561 2874 nisi

131 2910 166 2974 in
193 2905 339 2992 collegiis
366 2914 422 2970 aut
449 2905 559 2969 bursis
588 2928 608 2969 a
634 2905 789 2972 facultate
816 2906 1009 2993 approbatis
1042 2909 1193 2972 continue
1229 2909 1354 2972 steterit
1385 2907 1496 2995 ibique
1524 2909 1603 2972 in20

134 3006 317 3072 scolasticis
338 3004 465 3069 actibus
484 3004 700 3086 latinizando,
723 3005 889 3091 arguendo
917 3015 949 3069 et
977 3005 1206 3092 respondendo
1231 3005 1423 3091 diligencius
1450 3007 1484 3070 in
1511 3027 1560 3070 or·

133 3107 211 3172 dine
234 3128 293 3172 suo
316 3129 350 3170 se
373 3105 603 3168 exercitaverit
624 3113 794 3189 ceteraque
818 3103 946 3190 collegii
969 3114 1027 3170 aut
1046 3105 1165 3169 bursae
1187 3105 1261 3169 iura
1281 3113 1318 3169 ut
1335 3127 1433 3170 verus
1455 3106 1560 3192 inqui-

134 3206 221 3271 linus
244 3227 303 3292 per
324 3227 360 3268 se
380 3206 536 3286 tenuerit3
567 3206 629 3268 nisi
657 3202 743 3268 filius
772 3203 915 3267 civitatis
943 3205 1042 3268 fuerit
1066 3202 1119 3267 vel
1146 3203 1229 3268 alias
1257 3201 1339 3267 adeo
1368 3203 1561 3269 habundans

85 3301 90 3312 '
134 3303 354 3370 velnotabilis
373 3305 479 3386 suerit,
503 3302 590 3390 quod
611 3302 741 3367 domum
762 3303 929 3388 propriam
951 3312 1060 3368 tenere
1083 3313 1116 3367 et
1137 3325 1299 3390 expensas
1323 3305 1476 3390 proprias
1497 3325 1562 3368 una

136 3427 211 3469 cum
235 3406 392 3490 magistro
413 3402 465 3467 vel
493 3403 702 3468 inl'ormatore
730 3404 867 3488 poterit,
896 3400 949 3465 vel
980 3410 1175 3489 paupertate
1205 3412 1361 3488 gravatus
1390 3401 1604 3466 serviend025

135 3501 236 3568 alicui
259 3505 415 3589 magistro
435 3502 488 3567 vel
512 3501 592 3568 alibi
614 3523 775 3587 expensas
802 3503 836 3566 in
856 3510 923 3566 toto
944 3501 995 3565 vel
1020 3523 1080 3588 pro
1107 3499 1280 3566 medietate
1301 3501 1421 3587 poterit
1440 3499 1561 3566 habere

136 3605 261 3690 gratis,
283 3601 323 3668 de
344 3625 408 3689 quo
428 3602 525 3667 fidem
547 3600 693 3667 facultati
715 3600 776 3665 sub
804 3623 862 3664 suo
891 3601 1071 3665 iuramento
1101 3623 1161 3687 per
1189 3600 1270 3665 duos
1297 3601 1387 3665 viros
1407 3599 1563 3687 ydoneos,

138 3702 259 3789 quibus
279 3702 340 3768 hoc
361 3711 498 3785 constat,
519 3712 574 3767 sut
595 3723 654 3788 per
676 3700 741 3766 alia
759 3699 919 3786 legittima
941 3699 1134 3765 documenta
1153 3701 1260 3765 facere
1281 3707 1439 3764 teneatur.

137 3875 186 3935 13.
209 3885 258 3934 nn
278 3887 416 3934 sarira
436 3885 482 3933 nr
504 3883 657 3932 norimus
677 3882 1051 3948 nnocnunnrmnosuu,
1072 3864 1173 3954 quod
1196 3867 1322 3930 eciam
1344 3864 1426 3951 legi
1447 3864 1565 3932 debat

307 3977 402 4034 ante
422 3989 592 4032 examen
613 3987 766 4031 morum
794 3987 883 4030 cum
906 3965 1184 4052 sequentibus
1206 3973 1394 4052 quatuor.
1571 3975 1605 4031 ³0

742 4100 802 4164 vgr.
821 4100 903 4165 x1u,
920 4099 961 4152 20.

222 4217 339 4284 Nullus
361 4216 550 4282 admittatur
572 4239 633 4304 pro
657 4215 763 4303 gradu
784 4212 1023 4279 baocalariatus
1045 4215 1079 4280 in
1100 4213 1224 4280 artibus
1246 4213 1289 4278 ad
1317 4235 1471 4298 examen,
1501 4216 1566 4280 nisi

139 4320 288 4405 attigerit
308 4339 428 4382 annum
450 4315 610 4382 decimum
631 4318 804 4404 septimum
826 4323 858 4378 et
879 4313 919 4377 de
940 4311 1098 4398 legittimo
1117 4314 1324 4379 matrimonio
1343 4321 1439 4380 natus
1459 4315 1511 4396 sit,
1533 4323 1565 4378 et

139 4419 223 4484 alias
247 4416 391 4482 moribus
419 4415 684 4482 commendabilis
707 4415 844 4496 existat,
867 4415 914 4477 sic
936 4411 1023 4500 quod
1044 4414 1078 4476 in
1096 4411 1184 4476 nullo
1206 4435 1343 4478 excessu
1369 4412 1506 4478 notabili
1534 4422 1568 4476 et

139 4519 267 4584 notorio
290 4516 510 4604 deprehensus
530 4517 637 4581 luerit
681 4513 800 4595 Quod²
828 4513 869 4577 de
897 4511 1041 4600 quolibet
1066 4535 1228 4595 seorsum,
1251 4511 1374 4578 scilicet
1394 4512 1434 4576 de
1456 4519 1607 4576 aetatett

141 4627 174 4683 ct
195 4617 433 4702 legittimitste,
465 4625 539 4680 ante
566 4613 797 4680 admissionem
825 4611 869 4677 ad
894 4633 1032 4675 examen
1062 4633 1124 4697 per
1151 4609 1309 4676 decanum
1330 4611 1500 4698 diligenter
1518 4611 1566 4674 in·

140 4719 303 4805 quiratur.
347 4715 437 4796 Quos
459 4717 561 4779 eciam
585 4725 616 4779 et
638 4712 812 4800 quemlibet
832 4713 866 4775 in
893 4710 1016 4796 aliquo,
1038 4720 1073 4774 ut
1099 4713 1332 4796 praemittitur,
1353 4733 1489 4777 excessu
1509 4732 1566 4773 no-

140 4816 233 4884 tabili
245 4815 373 4881 notorio
385 4813 579 4901 culpabilem
593 4813 729 4901 quilibet
746 4814 975 4898 magistrorum
999 4811 1105 4874 aciens
1125 4809 1335 4875 denunctiare
1357 4820 1389 4875 et
1408 4807 1566 4895 impedire

111 5063 115 5072 ·
229 5039 240 5089 l
262 5031 318 5086 Am
336 5028 433 5085 Raude
450 5047 486 5083 au
503 5029 557 5084 deu
572 5029 687 5084 Wortau
704 5028 735 5081 ἐκ
753 5027 922 5082 consciendo
941 5043 991 5080 aaa
1008 5025 1092 5094 dicut,
1110 5027 1186 5094 qrrod
1201 5023 1274 5080 steht
1295 5025 1413 5078 Decreta
1423 5023 1576 5093 fundentia

139 5121 207 5175 baec
224 5117 310 5172 verba
330 5115 490 5169 mittantur
510 5119 579 5169 15²0.

231 5205 248 5257 2
269 5197 458 5258 Gescbrieben
476 5195 550 5252 steht
567 5201 603 5250 Et
620 5196 701 5266 quod.

1338 5281 1398 5349 31·
