3788 6078
648 500 758 566 Einalge
782 501 1046 555 Statutanrodaction.
1498 505 1559 570 585

137 684 257 774 placet,
287 695 325 750 ut
353 683 459 751 nullus
492 684 645 772 deinceps
677 707 735 772 per
765 685 914 752 doctores
949 684 1042 750 buius
1072 683 1236 750 facultatis
1270 685 1472 752 concorditer
1504 695 1560 753 aut

137 787 291 851 maiorem
319 783 627 873 partem·couelusa
652 793 777 850 mutare
806 793 861 851 aut
890 807 999 849 eorum
1027 786 1247 852 executionem
1275 785 1434 873 impedire
1462 809 1558 875 prac-

138 894 258 967 snmat,
287 884 347 951 sub
369 907 476 973 poena
498 888 668 950 carenciae
695 884 971 952 emolimentorum
992 883 1088 950 huius
1115 883 1279 950 facultatis
1309 908 1367 974 per
1395 886 1472 950 anni
1500 887 1560 951 cir-

137 982 254 1050 culum.

179 1149 303 1216 Salvo
323 1152 411 1218 iure
436 1151 690 1238 corrigendi,
718 1150 973 1232 emendandi,
1002 1149 1180 1217 addendi
1206 1160 1287 1233 etc,
1314 1162 1434 1239 prout
1458 1160 1519 1216 est
1585 1161 1602 1216 t

648 1252 768 1316 moris
791 1261 915 1337 atque
936 1249 1056 1315 stili.¹

223 1531 269 1620 [S.
295 1531 343 1621 19]
371 1552 429 1600 xa.
471 1533 548 1622 Ipso
571 1532 624 1598 die
653 1531 802 1599 Marcelli
832 1555 917 1598 anno
944 1551 1109 1598 uuxxxm
1141 1533 1402 1618 concludebatur,
1432 1535 1563 1624 quoda

136 1631 427 1700 baccalaureandis
452 1635 578 1698 ratione
606 1632 737 1720 prandii
762 1630 882 1697 debent
908 1633 996 1719 exigi
1018 1655 1039 1697 a
1061 1632 1204 1721 quolibet
1233 1636 1374 1723 quinque
1403 1636 1502 1718 aurei,
1531 1645 1563 1700 et

137 1735 219 1800 haee
240 1735 378 1820 pecunia
406 1732 508 1798 dividi
531 1731 627 1798 debet
648 1735 731 1797 inter
757 1741 955 1819 praesentes,
983 1733 1045 1796 nisi
1074 1734 1145 1820 quis
1168 1733 1382 1800 demandato
1405 1736 1563 1823 principis

138 1845 194 1900 aut
214 1832 412 1920 reipublicae
434 1856 533 1898 causa
553 1831 672 1898 absens
692 1833 761 1896 erit.
1575 1843 1606 1899 10

221 1985 290 2034 xm.
331 1965 454 2032 Ultima
475 1965 587 2030 Martii
609 1988 693 2031 anno
715 1983 849 2030 nnnvm
878 1963 1064 2030 conclusum
1092 1977 1140 2030 est
1166 1987 1224 2052 per
1250 1965 1448 2050 facultatem,
1474 1968 1564 2032 utin

137 2079 307 2157 posterum
335 2067 444 2132 omnia
470 2065 686 2131 emolumenta
713 2065 960 2152 promotionum,
990 2067 1058 2130 aive
1086 2064 1202 2130 dentur
1229 2089 1290 2152 pro
1313 2065 1562 2155 dispensatione,

137 2171 208 2233 sive
230 2189 291 2255 pro
311 2167 472 2249 examine,
493 2167 562 2231 sive
583 2187 642 2252 pro
664 2163 803 2252 prandio
824 2164 876 2230 vel
897 2187 939 2229 ex
961 2186 1152 2252 quacunque
1174 2163 1239 2228 alia
1260 2187 1368 2247 causa,
1391 2167 1563 2232 eommuni-

137 2277 251 2334 centur
271 2268 367 2332 etiam
390 2263 576 2330 doctoribus
598 2263 638 2329 de
660 2263 795 2329 consilio
822 2262 997 2344 facultatis,
1027 2264 1081 2348 qui
1109 2273 1254 2348 tempore
1277 2275 1370 2330 actus
1394 2264 1562 2348 eiusmodi,

137 2367 362 2432 concernentia
389 2363 624 2450 promotionem
656 2363 797 2450 aliquam
826 2365 1043 2449 cuiuscunque
1064 2360 1197 2448 gradus,
1227 2373 1321 2428 extra
1341 2363 1455 2430 urbem
1480 2365 1605 2430 hanclo

137 2466 286 2554 Lipsiam
313 2464 464 2530 absentes
492 2463 626 2545 fuerint,
657 2462 829 2528 dummodo
856 2461 1000 2528 habeant
1028 2460 1081 2526 bie
1108 2459 1306 2526 domicilium
1334 2463 1462 2551 sintque
1490 2473 1565 2529 actu

137 2575 288 2652 regentes
309 2574 342 2629 et
362 2564 400 2645 ia,
427 2563 479 2630 eui
505 2561 649 2628 officium
677 2561 810 2649 aliquod
836 2562 1057 2648 promotionis,
1087 2563 1357 2646 praesentationis
1378 2563 1430 2628 vel
1456 2562 1565 2651 quale·

138 2685 266 2748 cunque
286 2661 465 2742 incumbat,
494 2684 553 2727 suo
575 2661 646 2728 loco
671 2661 845 2727 substituat
866 2660 963 2725 alium
986 2659 1149 2724 doctorem
1179 2659 1353 2743 facultatis,
1382 2664 1438 2749 qui
1457 2661 1493 2728 id
1512 2685 1566 2729 no·

137 2765 226 2830 mine
248 2785 305 2828 suo
328 2760 490 2848 expediat.
571 2821 576 2830 ,

618 2879 665 2926 nn
688 2878 818 2926 orantur:
841 2876 1091 2924 ruououoauu.
1575 2869 1609 2928 20

223 2997 305 3045 nnn.
347 2976 473 3042 Eodem
493 2975 547 3042 die
568 2977 753 3042 conclusum
775 2987 823 3060 est
843 2999 902 3063 per
923 2974 1118 3057 facultatem,
1149 2985 1186 3039 ut
1208 2977 1405 3042 consuetudo
1427 2977 1484 3042 illa
1510 2976 1567 3043 ad·

136 3080 323 3160 notationis,
352 3100 434 3165 quac
462 3076 617 3142 hactenus
640 3075 815 3142 observata
836 3085 885 3140 cst
907 3076 1074 3156 intereos,
1103 3075 1156 3162 qui
1177 3074 1338 3140 intersunt
1360 3078 1566 3163 promotioni,

137 3177 243 3266 qu0d²
271 3178 454 3264 proximam
484 3177 720 3265 promotionem
750 3185 946 3264 sequentem,
976 3196 1040 3238 nou
1070 3172 1270 3258 praeiudicet
1298 3173 1484 3240 doctoribus
1513 3175 1567 3241 bic

135 3279 297 3368 promotis
319 3285 351 3342 et
372 3276 415 3341 ad
437 3274 604 3341 consilium
625 3272 787 3339 facultatis
810 3271 960 3358 receptis,
989 3273 1037 3335 ita
1065 3281 1116 3351 ut,
1147 3273 1175 3334 si
1197 3274 1372 3360 contingat,
1400 3298 1483 3357 eum,
1511 3276 1565 3361 qui

135 3379 288 3467 proxime
308 3376 452 3463 sequitur
473 3373 573 3456 illum,
595 3374 650 3460 qui
673 3375 707 3438 in
733 3372 934 3460 promotione
956 3370 1106 3456 proxima
1132 3373 1310 3456 praeterita
1331 3375 1477 3439 exercuit
1497 3375 1608 3441 offi-to

136 3479 225 3544 cium
246 3473 388 3563 aliquod,
409 3476 531 3539 reverti
552 3484 627 3538 autc
648 3474 883 3559 promotionem
904 3469 1097 3558 proximam,
1118 3480 1154 3533 ut
1175 3472 1222 3535 ita
1245 3471 1331 3537 adsit
1350 3494 1388 3538 eo
1410 3484 1566 3561 ternpore,

137 3600 204 3666 quo
226 3572 306 3640 ordo
329 3596 401 3639 eum
423 3575 543 3660 tangit,
569 3571 743 3666 nullumei
764 3594 805 3636 cx
827 3593 865 3636 eo
887 3567 945 3633 fiat
972 3567 1218 3655 praeiudicium,
1249 3570 1335 3656 quod
1365 3571 1406 3636 ob
1426 3571 1512 3638 illius
1533 3576 1567 3638 in

136 3677 288 3766 proxime
317 3673 495 3760 praeterita
523 3673 722 3760 promotione
743 3671 924 3736 absentiam
948 3689 1085 3752 sequens
1108 3689 1181 3733 eum
1202 3670 1235 3733 in
1263 3673 1465 3756 promotione
1492 3694 1566 3760 pro-

136 3778 228 3842 xime
250 3773 428 3861 praeterita
450 3772 596 3857 signatus
619 3783 676 3835 est.

228 4030 239 4079 1
260 4019 357 4077 Durcb
382 4019 478 4074 diesen
500 4017 674 4074 Schlusssatz
698 4016 765 4071 wird
790 4017 858 4072 alles
876 4018 1110 4090 Voraufgehende
1136 4039 1170 4076 an
1194 4023 1270 4078 einer
1294 4024 1498 4096 gemeinsamen
1517 4027 1568 4082 Re·

136 4108 253 4165 daction
269 4104 413 4160 derselben
430 4103 513 4158 Hand
532 4101 804 4174 zusammengefasst,
820 4100 864 4156 die
881 4119 946 4156 man
963 4119 1007 4158 am
1025 4103 1315 4163 wahrscbeinlicbsten
1332 4115 1413 4164 unter
1428 4109 1479 4164 das
1490 4109 1568 4166 Ordi-

137 4192 232 4248 nariat
250 4190 299 4245 des
319 4187 377 4243 Iob.
400 4187 434 4242 de
456 4184 640 4242 Breitenbacb
663 4187 697 4255 (c.
718 4187 793 4255 teet)
816 4191 893 4239 aetat.
930 4186 993 4258 Vgl.
1014 4187 1150 4244 Urlrundl.
1171 4190 1295 4259 Quellen,
1316 4209 1342 4248 a.
1360 4211 1384 4248 a.
1404 4193 1436 4250 Ο.
1473 4193 1570 4249 Damit

137 4277 208 4332 aber
223 4273 260 4328 ist
275 4273 325 4327 der
341 4269 465 4327 Versuch
481 4270 649 4342 kdneswegs
673 4269 921 4340 zurttckgewiesen,
944 4289 980 4326 zu
996 4273 1188 4342 untersucben‚
1209 4275 1245 4330 ob
1263 4274 1322 4330 sicb
1341 4275 1569 4348 Anbaltspunkte

138 4359 235 4415 finden
252 4357 350 4424 lassen,
365 4356 410 4412 die
427 4354 657 4427 vorangebenden
670 4353 894 4425 Bestimmungen
913 4373 948 4409 zu
967 4355 1094 4425 zerlegen
1110 4355 1139 4410 in
1157 4357 1218 4412 eine
1235 4361 1454 4433 ursprunglicha
1471 4363 1568 4417 tiltesta

137 4442 295 4501 Redaetimr
320 4440 378 4495 und
408 4443 516 4511 spt’tere
538 4439 699 4510 Nachtrtige
729 4437 777 4492 des
804 4441 841 4492 15.
864 4437 973 4506 Jahrb,
1000 4439 1045 4494 die
1068 4439 1207 4496 sielleicbt
1235 4442 1279 4497 bei
1305 4444 1355 4500 der
1378 4445 1565 4517 abermaligen

138 4527 295 4584 Reduction
314 4542 366 4578 nur
386 4523 500 4596 gotinge
518 4522 751 4593 Umsnderungen
768 4521 829 4592 (wie
846 4523 1029 4594 Fortlassung
1046 4524 1095 4578 der
1112 4524 1303 4598 Datiarungen
1323 4547 1349 4584 n.
1369 4529 1405 4600 a.)
1427 4527 1564 4584 erfuhrcn.

138 4613 173 4668 ln
199 4609 360 4682 Beaiebung
383 4607 495 4664 bierauf
516 4606 641 4662 omnnem
666 4606 712 4661 ich
738 4625 761 4664 a.
787 4607 818 4661 B.
844 4623 881 4661 an
906 4608 956 4661 das
980 4607 1122 4664 mabrfacb
1146 4609 1358 4668 vorkcmmende
1382 4615 1511 4681 dormo,
1536 4613 1567 4667 a‘a

130 4703 273 4770 flamm,
289 4710 346 4748 was
364 4699 442 4749 const
459 4690 654 4763 gcmeiuiglicb
674 4689 793 4746 Zeicben
812 4690 886 4746 eines
907 4689 1123 4748 Zusatsartilscls
1140 4709 1176 4748 au
1194 4691 1251 4747 sein
1269 4693 1366 4766 pilegt.

228 4777 346 4834 twont
362 4778 464 4847 mmcd.

688 4965 1020 4978 ψι-
