3788 6078
341 509 404 576 002
853 507 904 562 Die
922 507 1107 562 mediciniacha
1124 503 1252 560 liaculsst

341 689 386 756 Et
409 687 471 756 boc
489 689 592 854 quiam
612 689 801 778 intelligitur
822 689 863 756 de
882 689 1062 757 licenciatia
1081 699 1114 756 et
1140 687 1328 756 doctoribus
1354 686 1435 756 alibi
1463 691 1622 778 promotis
1652 701 1685 758 at
1707 690 1757 758 lic

343 812 495 858 mauman
519 813 557 856 rs.

425 923 596 988 Promotus
637 923 671 988 in
709 922 957 988 baccalaurenm
996 921 1177 988 medicinae
1216 922 1251 986 in
1284 919 1351 987 alia
1383 921 1597 989 universitate
1628 923 1758 1006 famosa,

342 1022 496 1088 affectans
517 1023 620 1110 recipi
641 1020 686 1087 ad
703 1021 891 1088 facultatem
910 1031 1076 1110 tamquam
1096 1019 1340 1102 baccalaureus,
1362 1020 1529 1087 tenebitur
1551 1031 1628 1088 ante
1644 1023 1758 1104 omnia,

301 1131 317 1188 5
345 1131 516 1210 autequam
546 1121 738 1208 recipiatur,
766 1120 883 1188 dooere
913 1120 954 1186 de
982 1143 1039 1186 auo
1067 1119 1316 1187 baccalaureatu
1343 1141 1403 1206 per
1429 1123 1626 1186 autenticam
1656 1143 1759 1206 eumq

343 1220 459 1286 deinde
480 1220 539 1286 sub
562 1218 669 1308 aliquo
690 1219 821 1286 doctore
843 1219 1071 1287 determinabit
1092 1222 1313 1308 quaestionem
1335 1218 1580 1306 medicinalem,
1602 1219 1759 1309 adquam

340 1319 550 1408 respondebit
580 1318 685 1386 eidem
717 1319 843 1386 doctori
870 1329 902 1386 et
934 1319 1008 1386 aliis
1035 1319 1215 1386 medicinae
1242 1317 1467 1385 baccalaureis
1500 1322 1551 1386 et¹
1583 1319 1759 1388 scolaribus

341 1441 480 1508 arguere
500 1418 693 1486 volentibus.

421 1551 503 1618 Item
524 1553 647 1620 iurabit
665 1551 898 1619 baccalaureus
917 1553 952 1618 iu
971 1551 1038 1618 alia
1057 1551 1268 1618 universitate
1289 1559 1455 1637 promotus
1476 1549 1600 1618 decano
1629 1549 1760 1617 faculta-

302 1660 334 1716 10
344 1652 387 1716 tis
408 1651 587 1718 medicinae
609 1651 668 1716 sub
690 1651 752 1718 bac
770 1653 891 1718 forma:
918 1652 1014 1739 „Ego
1043 1651 1094 1716 .N.
1120 1653 1192 1716 iuro
1219 1649 1314 1716 vobis
1342 1648 1466 1716 decano
1485 1651 1670 1740 vestrisque
1689 1673 1757 1718 suc

340 1751 523 1816 caesoribus
545 1749 768 1817 obedienciam
791 1761 822 1816 et
843 1751 1069 1816 reverenciam
1090 1751 1125 1816 in
1146 1749 1244 1815 licitis
1264 1758 1296 1813 et
1316 1747 1470 1834 honestis,
1492 1758 1526 1815 et
1543 1749 1627 1816 velle
1650 1773 1760 1839 procu·

341 1871 416 1914 rare
439 1850 557 1917 bonum
575 1851 740 1917 facultatis
761 1849 903 1915 eiusdem
925 1851 975 1915 et²
997 1847 1187 1930 statuenda,
1215 1869 1299 1936 quae
1329 1857 1405 1914 stunt
1429 1859 1462 1914 et
1482 1859 1577 1914 crunt
1598 1872 1659 1937 pro
1679 1849 1761 1915 bono

341 1948 505 2015 facultatis
527 1949 711 2040 approbata
731 1949 782 2016 vel
804 1947 1029 2038 approbanda,
1051 1971 1111 2036 pro
1133 1969 1231 2036 posse
1258 1969 1346 2030 meo,
1375 1946 1420 2012 ad
1447 1969 1673 2038 quemcunque
1701 1960 1762 2014 sta·

345 2059 412 2114 tum
434 2048 604 2117 devenero.
649 2049 705 2116 Sic
724 2071 776 2114 me
796 2047 876 2115 deus
896 2047 1029 2114 adiuvet
1049 2057 1081 2112 et
1104 2057 1217 2112 sancta
1237 2047 1290 2112 dei
1311 2046 1514 2134 evangelia.“

304 2191 334 2248 te
430 2181 573 2250 Tenetur
599 2184 703 2249 eciam
736 2179 968 2248 baccalaureus
997 2180 1075 2246 alibi
1108 2189 1292 2266 promotus,
1334 2183 1413 2268 quia
1442 2180 1577 2248 scolaria
1606 2190 1761 2262 censemr,

343 2281 531 2348 doctoribus
552 2281 697 2350 eiusdem
718 2281 882 2348 facultatis
903 2292 1048 2367 tempore
1068 2279 1257 2366 congruenti
1286 2289 1319 2346 et
1346 2280 1416 2348 loco
1445 2279 1588 2346 debitam
1615 2302 1761 2346 reveren·

343 2381 427 2448 ciam
448 2392 482 2449 et
500 2382 655 2450 bonorem
675 2380 874 2470 impendere.

401 2587 452 2648 37.
480 2599 639 2648 aratura
666 2597 896 2648 nrcaucraros
923 2595 1131 2646 extraneos
1152 2595 1380 2646 amamus
1400 2595 1447 2646 nn
1468 2595 1706 2644 racuurarau

801 2696 991 2745 narremus
1014 2679 1307 2744 concreaturam.³

301 2837 335 2893 20
426 2829 632 2896 Licenciatus
653 2829 686 2894 in
708 2829 774 2894 alia
794 2829 1003 2894 universitate
1025 2837 1201 2916 promotus,
1225 2839 1413 2915 assumptus
1435 2827 1478 2892 ad
1500 2835 1646 2893 nostram
1666 2825 1762 2892 facul·

343 2937 442 2992 tatem
464 2927 559 2994 huius
582 2928 689 3012 studii,
712 2927 803 2995 dabit
826 2924 912 3016 [10⁸]
934 2925 1062 2992 famulis
1085 2927 1305 2993 universitatis
1336 2925 1418 2993 duos
1444 2926 1585 2992 florenos
1613 2948 1765 2991 renenses

340 3037 487 3116 tempore
508 3049 586 3094 suae
608 3029 863 3117 assumpcionis3
905 3035 1032 3092 tenetur
1058 3027 1162 3090 eciam
1189 3025 1333 3112 probare
1361 3049 1421 3114 per
1443 3047 1535 3090 suam
1557 3027 1763 3107 autenticam,

342 3147 376 3191 se
399 3127 606 3193 licenciatum
628 3150 710 3210 esee,
732 3138 764 3192 et
786 3130 972 3215 promittere
994 3127 1086 3190 iuxta
1108 3125 1219 3212 priora
1242 3135 1373 3208 statuta,
1401 3123 1484 3190 velle
1505 3146 1688 3212 procurare
1707 3123 1764 3189 bo-

343 3249 419 3290 num
444 3226 609 3292 facultatis
638 3226 798 3309 medicae,
829 3227 873 3294 ad
897 3247 1118 3315 quemcunque
1145 3233 1263 3290 statum
1290 3225 1473 3307 devenerit,
1508 3233 1541 3290 et
1570 3224 1652 3306 alia,
1685 3247 1766 3310 quae

300 3333 541 3391 ticoncernunt
560 3326 715 3392 honorem
739 3335 771 3391 et
789 3324 908 3391 bonum
934 3335 1051 3390 statum
1074 3321 1218 3388 eiusdem
1237 3323 1405 3389 facultatis
1433 3323 1529 3388 huius
1561 3323 1662 3388 studii
1692 3323 1765 3411 Lip-

342 3427 471 3508 nensis3
493 3425 639 3492 similiter
661 3427 881 3491 reverenciam
913 3422 1036 3489 decano
1062 3421 1258 3510 reliquisque
1286 3421 1474 3489 doctoribus
1503 3423 1671 3490 facultatis
1698 3423 1766 3490 loco

342 3535 373 3589 et
394 3535 539 3612 tempore
561 3525 750 3611 congruenti
772 3543 812 3590 ao
831 3522 974 3588 debitum
997 3521 1151 3587 honorem
1179 3531 1307 3588 tenetur
1336 3521 1541 3611 impendere3
1586 3522 1645 3590 sod
1679 3530 1715 3591 lt
1736 3523 1766 3588 fl.

344 3623 437 3690 dabit
457 3622 653 3690 doctoribus.

343 3828 392 3892 38·
415 3840 573 3890 ΒΤΔἸἮΤΔ
595 3838 779 3888 Docromts
801 3839 895 3888 annu
916 3837 1105 3886 PBOMOTOS
1126 3838 1170 3886 ΕΤ
1193 3837 1251 3888 fflc
1276 3837 1503 3888 assumitos
1517 3839 1767 3904 auspicialium,

301 3931 336 3988 ³0
470 3945 571 4009 quae
591 3921 675 4008 legi
704 3919 857 3986 debent
878 3931 1057 4008 tempore
1078 3921 1388 4008 asarumpcioni
1410 3919 1644 3986 eorundem.

425 4071 598 4138 Promotus
619 4070 799 4137 medicinae
819 4069 934 4136 doctor
954 4073 989 4135 in
1009 4069 1075 4136 alia
1096 4069 1316 4153 universitate,
1339 4081 1454 4158 petens
1473 4073 1630 4138 assummi
1658 4072 1702 4138 ad
1721 4073 1766 4138 fa·

344 4171 495 4236 erdmtem
517 4171 697 4237 medicinae
718 4170 813 4242 burins
836 4168 944 4251 studii,
966 4179 1042 4236 ante
1063 4170 1171 4235 omnia
1198 4168 1296 4234 debet
1325 4169 1517 4236 matriculae
1546 4173 1767 4238 universitatis

343 4291 415 4336 esse
436 4269 611 4357 inscriptus
633 4279 665 4335 et
686 4279 787 4336 totam
807 4269 997 4355 peccuniam
1024 4268 1106 4335 solvi
1126 4277 1311 4334 consuetam
1321 4317 1331 4351 ,
1352 4279 1466 4358 utpute
1490 4270 1603 4336 decem
1624 4293 1767 4358 grossos,

342 4370 462 4436 rectori
484 4370 704 4436 universitatis
725 4367 871 4434 solvisse.
912 4367 979 4434 Sed
1002 4375 1039 4438 18
1068 4367 1099 4432 fl.
1110 4417 1119 4450 ,
1152 4389 1232 4456 quos
1265 4365 1319 4433 hic
1347 4391 1407 4456 pro
1434 4371 1586 4436 examine
1616 4369 1767 4452 dedisset,

301 4467 437 4536 sedabit
454 4467 648 4553 doctoribus,
668 4479 704 4534 ut
724 4470 849 4558 supra⁴

426 4587 549 4653 Ductor
571 4585 759 4668 medicinae,
780 4597 947 4674 promotus
978 4585 1011 4649 iu
1036 4582 1101 4650 alia
1130 4583 1342 4650 universitate
1368 4585 1514 4667 famosa,
1545 4583 1574 4650 si
1606 4583 1768 4650 desiderat

345 4689 446 4776 recipi
468 4686 513 4753 ad
533 4685 717 4752 facultatem
740 4685 929 4768 medicinae,
951 4683 1114 4773 principio
1134 4680 1233 4747 debet
1253 4681 1369 4751 dooere
1391 4683 1433 4751 de
1447 4683 1620 4751 doctoratu
1636 4706 1695 4751 suo
1711 4705 1767 4772 per

431 4943 441 4994 l
461 4945 487 4993 ct
502 4935 579 4992 fehlt

429 5027 444 5077 t
462 5021 500 5076 Es
515 5020 586 5076 fablt
602 5019 674 5076 wohl
690 5037 800 5076 mora
815 5026 920 5074 ransc
935 5027 969 5072 et.

430 5105 649 5163 tGeachricben
667 5106 704 5159 iat
722 5111 916 5161 cortem.

433 5183 1191 5262 tDieeerganreAbaatriatapiterdurclrstriohen
