3758 6072
490 455 574 506 Drr'tte
593 455 857 517 Soatntenredactton,
877 453 1144 508 νου1471δο1490.

565 677 594 738 2.
616 688 663 736 aa
685 687 933 738 couraamorm
953 689 1093 737 aranuh.

188 803 310 871 Volane
331 805 494 892 complere
515 804 683 871 biennium
703 805 883 892 magisterii
907 805 957 870 sui
978 813 1104 872 tenetur
1129 829 1188 894 per
1211 806 1291 872 duos
1318 828 1421 871 annos
1450 829 1528 894 quo-

102 901 182 969 libet
203 902 310 970 medio
330 926 415 969 anno
434 903 544 990 legere
565 903 608 970 ad
631 904 737 969 minue
756 927 816 992 per
836 915 902 970 tres
923 927 1050 970 menses
1072 903 1198 992 aliquas
1218 906 1374 972 lectiones
1386 905 1430 971 ad
1451 928 1526 992 gra·

102 1003 180 1070 dum
200 1003 379 1089 magisterii
405 1002 457 1068 vel
485 1002 722 1070 baccalariatus
745 1003 953 1090 pertinentes,
980 1014 1012 1068 et
1040 1014 1212 1092 antequam
1233 1004 1418 1070 huiusmodi
1439 1004 1527 1070 bien-

101 1103 195 1168 nium
218 1101 429 1190 compleverit
449 1102 503 1168 hic
521 1103 574 1169 vel
596 1101 683 1186 alibi,
707 1101 750 1168 ad
773 1103 942 1168 consilium
961 1104 1128 1170 facultatis
1149 1128 1215 1170 non
1234 1102 1435 1170 admittatur.
1556 1117 1573 1170 ⁵

384 1274 413 1338 3.
435 1287 481 1334 os
501 1287 685 1336 mamam
706 1287 903 1336 roarsnms
924 1287 1067 1348 eumne
1089 1291 1157 1338 van
1179 1284 1248 1338 aar.

188 1403 273 1470 Item
293 1404 328 1467 in
347 1401 503 1468 electione
525 1402 650 1486 decani,
674 1406 708 1468 in
728 1403 1049 1470 recommendacione
1067 1403 1308 1471 licenciatorum
1334 1405 1368 1468 in
1395 1402 1531 1488 artibus,

98 1508 132 1570 in
158 1504 344 1592 inceptione
371 1501 555 1586 eorundem,
583 1505 618 1568 in
645 1503 864 1591 disputatione
891 1502 1072 1588 ordinaria,
1102 1507 1136 1570 in
1162 1503 1431 1570 extraordinariis
1461 1503 1525 1567 dis·

100 1601 324 1693 putationibus
353 1604 598 1690 magistrorum,
633 1604 669 1668 in
699 1605 882 1691 receptione
914 1604 1071 1670 ordinarii
1106 1606 1254 1692 magistri
1287 1607 1321 1668 in
1358 1602 1527 1668 habitibus

100 1703 240 1790 integris
269 1700 387 1768 debent
416 1725 586 1790 apparere.
626 1703 706 1768 Item
734 1702 841 1768 nullus
872 1704 942 1770 sine
969 1702 1083 1770 habitu
1111 1704 1220 1790 legere
1249 1703 1345 1768 debet
1369 1725 1430 1768 nec
1459 1704 1571 1778 sineto

101 1803 217 1869 habitu
246 1800 377 1889 publice
406 1801 582 1889 disputare,
612 1800 672 1867 sub
699 1825 806 1889 poena
834 1803 934 1868 medii
961 1803 1075 1870 floreni
1101 1804 1248 1869 facultati
1269 1803 1388 1868 artium
1409 1799 1530 1890 persol-

101 1902 208 1970 vendi
248 1901 292 1967 Et
313 1900 418 1966 nullus
438 1903 670 1990 magistrorum
691 1902 799 1990 aliquo
823 1903 919 1968 modo
949 1914 1109 1990 appareat
1134 1905 1168 1968 in
1198 1902 1423 1991 disputacione
1446 1900 1531 1966 ordi·

99 2004 195 2070 naria
217 2025 238 2068 a
263 2011 409 2089 tempore
430 2000 495 2083 illo,
523 2025 586 2087 quo
609 2002 750 2067 decanus
778 2004 936 2090 inceperit
965 2025 1112 2088 arguere,
1141 2003 1205 2067 nisi
1228 2003 1262 2066 in
1288 1999 1403 2066 habitu
1429 2000 1532 2086 magi-

101 2103 204 2186 strali,
234 2113 266 2167 et
285 2125 350 2167 non
372 2099 451 2166 alibi
472 2123 571 2189 quam
590 2102 625 2166 in
647 2124 800 2189 scampno
823 2103 1055 2188 magistrorum
1078 2101 1203 2184 sedeat,
1230 2099 1317 2189 quod
1339 2101 1442 2165 eciam
1467 2121 1531 2164 ser·

101 2204 175 2269 vari
204 2201 302 2268 debet
329 2203 363 2266 in
390 2199 652 2288 promocionibue
674 2200 916 2268 licenciatorum
935 2204 970 2266 in
992 2201 1117 2266 artibus
1141 2211 1173 2267 et
1194 2203 1228 2267 in
1251 2223 1361 2266 eorum
1383 2199 1574 2264 licencia-15

100 2313 183 2385 tura,
212 2301 272 2366 sub
294 2323 400 2388 poena
421 2301 612 2388 praemissa,
635 2323 695 2387 per
716 2300 873 2366 decanum
894 2301 1126 2389 extorquenda,
1156 2301 1221 2389 qui,
1243 2300 1390 2388 quotiens
1412 2301 1446 2365 in
1468 2299 1531 2366 hoc

99 2401 270 2490 negligens
289 2401 396 2484 firerit,
417 2402 536 2468 totiens
559 2399 665 2465 solvat
685 2398 726 2466 de
750 2401 826 2465 suis.

520 2573 549 2634 4.
570 2584 617 2632 oa
639 2583 896 2634 orsaorsmoua
918 2584 1120 2634 naumann.

183 2701 268 2768 Item
287 2700 421 2788 placuit,
449 2699 536 2789 quod
561 2699 643 2766 nulli
668 2702 823 2788 magistro
846 2701 1030 2788 disputacio
1052 2700 1221 2768 ordinaria
1245 2708 1449 2787 computetur
1470 2721 1531 2786 pro

100 2799 317 2889 completione
346 2802 397 2866 sui
423 2800 561 2882 biennii,
592 2801 656 2866 nisi
685 2823 757 2866 cum
788 2799 926 2867 tabardo
955 2787 994 2868 et¹
1018 2800 1132 2867 habitu
1161 2800 1345 2887 magistrali
1372 2799 1419 2864 ibi
1446 2807 1576 2864 com-20

99 2901 259 2989 paruerit,
288 2899 332 2965 ad
352 2901 460 2964 miuus
482 2923 542 2986 per
563 2901 687 2982 horam,
710 2901 812 2966 eciam
835 2903 863 2966 si
883 2901 988 2966 locum
1012 2901 1170 2986 arguendi
1189 2899 1311 2966 habere
1331 2922 1396 2966 non
1419 2899 1532 2985 possit,

100 3000 223 3066 ibidem
243 2997 413 3065 manendo.

182 3101 265 3166 Item
296 3097 432 3186 placuit,
460 3108 497 3162 ut
523 3100 671 3184 magistri
692 3099 862 3164 visitantes
888 3098 1146 3185 disputacionem
1168 3097 1368 3163 ordinariam
1396 3098 1431 3163 in
1456 3121 1530 3186 pro·

100 3199 252 3288 ponendo
279 3207 312 3263 et
341 3195 507 3284 arguendo
534 3199 599 3262 sint
623 3196 751 3280 breves,
781 3199 829 3262 ita
858 3197 945 3284 quod
971 3197 1077 3263 nullus
1110 3208 1240 3284 praeter
1262 3196 1421 3262 decanum
1446 3197 1532 3263 ultra

99 3301 163 3364 tria
185 3307 380 3385 argumenta
398 3296 442 3362 ad
463 3297 642 3362 maximum
663 3305 826 3384 proponat
846 3306 878 3362 et
899 3295 963 3363 duo
988 3296 1145 3378 deducat3
1174 3295 1315 3362 decanus
1338 3318 1426 3378 vero,
1456 3305 1572 3364 cum25

101 3400 142 3463 sit
167 3397 216 3464 ibi
245 3406 282 3462 ut
309 3405 408 3484 caput
434 3395 632 3483 principale,
662 3405 826 3483 proponat
855 3405 889 3463 et
919 3393 1095 3462 secondum
1127 3394 1284 3482 placitum
1312 3394 1468 3479 deducat,
1498 3405 1531 3460 et

100 3496 187 3586 quod
208 3495 401 3584 praesidens
416 3505 520 3560 cesset
539 3505 614 3560 ante
628 3495 752 3577 horam,
772 3505 807 3560 ut
827 3497 930 3560 eciam
949 3495 1006 3561 alii
1026 3496 1177 3581 magistri
1197 3505 1273 3560 ante
1286 3494 1402 3562 boram
1421 3494 1529 3562 locum

100 3595 260 3684 arguendi
288 3595 446 3679 habeant3
476 3606 508 3660 et
535 3594 621 3682 quod
647 3593 710 3660 hoc
737 3594 947 3661 effectualiter
974 3602 1131 3676 servetur,
1161 3593 1302 3660 decanus
1331 3593 1429 3660 debet
1458 3617 1530 3662 erse

99 3719 256 3784 praesens
284 3705 430 3783 tempore
460 3697 540 3762 satis
561 3705 688 3759 maturo
716 3703 748 3761 et
769 3693 881 3759 eadem
910 3696 1003 3760 iuxta
1029 3693 1193 3760 facrdtatis
1224 3703 1345 3760 statuta
1366 3694 1527 3762 ordinare.

100 3795 142 3862 Et
163 3795 254 3864 idem
274 3795 465 3882 intelligitur
485 3794 526 3860 de
547 3795 751 3861 baccalariis.
1536 3805 1572 3864 30

338 3969 365 4028 5.
389 3981 530 4042 QUANDO
551 3979 742 4030 DISPUTANS
760 3975 909 4027 monam
930 3979 1047 4026 DEBET
1070 3963 1298 4028 IaECTORIUld.¹

183 4095 267 4160 Item
293 4094 464 4183 disputans
485 4096 649 4163 ordinarie
671 4105 797 4162 tenetur
817 4094 941 4160 intrare
967 4097 1002 4160 in
1031 4104 1154 4162 aestate
1183 4096 1271 4160 eirca
1297 4095 1412 4161 horam
1440 4098 1529 4184 quin·

101 4203 168 4260 tam
191 4206 224 4260 et
252 4197 287 4259 in
315 4193 432 4282 hyeme
459 4197 546 4261 circa
572 4197 686 4264 horam
717 4203 859 4276 sextam,
888 4203 920 4258 et
949 4216 1078 4260 cessare
1105 4195 1140 4258 in
1170 4194 1286 4280 hyeme
1313 4204 1388 4260 ante
1416 4197 1530 4263 horam

101 4305 262 4377 octavam,
289 4296 324 4360 in
350 4304 474 4363 aestate
499 4319 578 4362 vero
608 4307 683 4362 ante
710 4295 824 4360 horam
853 4294 1035 4380 septimam.
1075 4293 1218 4359 Tenetur
1246 4295 1349 4359 eciam
1375 4299 1530 4383 magister

102 4393 275 4482 disputans
306 4419 397 4460 suam
426 4396 679 4483 disputationem
704 4393 834 4483 publice
860 4393 1014 4459 intimare
1041 4391 1249 4480 praecedenti
1276 4393 1330 4459 die
1358 4397 1391 4460 in
1422 4396 1571 4462 valvistt

103 4493 313 4580 collegiorum
334 4497 419 4560 etin
440 4494 540 4560 bursa
561 4494 734 4578 facultatis,
757 4515 839 4581 quae
860 4504 908 4558 est
929 4492 1019 4559 locus
1040 4491 1248 4579 paedagogii.

183 4593 268 4660 Item
294 4595 380 4679 quod
407 4594 519 4662 decem
548 4596 692 4662 seniores
718 4596 752 4660 in
780 4594 997 4681 disputatione
1024 4592 1191 4659 ordinarie
1217 4603 1406 4681 praesentes
1435 4603 1468 4659 et
1494 4595 1529 4660 in

103 4693 219 4758 ordine
243 4717 302 4760 suo
324 4692 573 4782 arllblguentes,
600 4705 667 4758 tam
690 4694 746 4759 diu
767 4695 814 4760 ibi
836 4701 1062 4782 permanentes
1084 4691 1170 4778 quod
1196 4691 1395 4780 praecedens
1422 4701 1454 4757 et
1481 4715 1528 4756 se·

104 4816 206 4880 quens
230 4792 404 4879 arguebat,
432 4797 459 4860 si
486 4795 599 4861 saltem
622 4795 869 4881 praecedentem
890 4802 922 4858 et
943 4801 1128 4878 sequentem
1149 4791 1321 4858 habuerint
1342 4787 1439 4876 (ahos
1460 4799 1528 4857 tam

99 5057 397 5215 Nmtbfflffllnlm
419 5055 1528 5133 emmanmatmmampemmemctmaademmanmqeei

266 5147 369 5202 149⁸.

1089 5269 1102 5301 Ι
