3748 6070
320 455 381 528 284
892 463 948 517 Du
964 463 1167 528 lirensucollsss.

319 662 385 708 non
405 640 484 706 velit
508 641 644 710 aedibus
667 653 723 710 aut
747 644 844 710 rebus
865 644 940 710 ullis
961 645 1056 710 huius
1078 642 1206 730 collegii
1226 643 1370 730 propriis
1392 663 1510 708 nocere
1531 641 1747 728 damnumque

321 741 440 805 inferre
471 741 577 806 sciens
612 742 685 810 dolo
721 745 817 828 malo,
847 755 893 827 et,
922 745 951 809 si
979 744 1067 833 quod
1091 744 1279 829 cognoverit
1306 742 1541 829 resciveritque
1569 740 1748 827 perieulum

320 839 382 904 hac
403 839 437 904 in
458 851 561 927 parte,
589 846 733 908 curatori
761 845 872 909 statim
894 843 1087 930 significare.
1129 841 1302 907 Promittet
1322 862 1450 929 quoque
1477 839 1655 928 inquilinus
1681 842 1748 928 qui·

321 937 410 1020 libet,
433 961 468 1003 se
489 942 731 1026 praestiturum,
755 945 781 1008 si
806 942 882 1030 quid
907 940 950 1030 [5]
974 941 1126 1029 discipuli
1146 940 1301 1008 famulive
1322 941 1428 1027 ipsius
1441 961 1634 1029 quocunque
1655 939 1749 1006 modo

278 1048 294 1100 5
323 1037 433 1104 damni
454 1037 591 1105 aedibus
614 1039 742 1128 collegii
763 1041 830 1109 ulla
850 1044 885 1108 in
907 1051 1002 1130 parte
1022 1040 1179 1107 dederint

569 1239 616 1287 DE
637 1239 709 1288 NON
731 1239 950 1290 RECIPIENDIS
971 1239 1197 1290 sncmososls
1218 1241 1264 1288 ET
1287 1238 1491 1288 OPIFICIBUS.

926 1375 1087 1425 Statntum
1105 1374 1146 1426 11.

406 1485 443 1551 Si
462 1487 534 1572 quis
553 1497 763 1554 externorum
783 1489 916 1554 eaedem
938 1499 994 1555 aut
1015 1488 1104 1555 aliud
1126 1487 1266 1575 capitale
1288 1510 1327 1553 ae
1348 1489 1511 1553 notorium
1530 1487 1658 1553 facinus
1679 1510 1748 1574 per·

321 1587 468 1670 patrarit,
494 1607 568 1650 eum
588 1609 681 1652 nemo
703 1611 744 1653 ex
771 1587 938 1675 inquilinis
962 1589 1067 1652 sciens
1090 1610 1129 1652 ac
1153 1587 1299 1653 consulto
1320 1586 1407 1674 apud
1435 1609 1470 1650 se
1489 1587 1674 1674 perfugium
1695 1585 1748 1651 ha-

281 1693 313 1746 10
324 1683 399 1749 bere
422 1686 574 1771 patiatur,
603 1709 695 1752 suam
721 1687 952 1752 habitationem
980 1687 1023 1752 ed
1049 1686 1112 1751 boc
1141 1686 1188 1750 illi
1218 1685 1383 1751 offerendo
1411 1684 1640 1771 aperiendova
1685 1685 1748 1766 Qui

320 1805 413 1848 scens
440 1783 563 1866 feeerit,
590 1787 618 1849 is
648 1784 794 1872 collegio,
822 1787 947 1870 quoties
969 1782 1012 1872 [6]
1035 1785 1071 1849 id
1091 1785 1214 1867 fecerit,
1238 1785 1392 1849 mulctam
1415 1785 1556 1871 quinque
1580 1785 1748 1850 ioaohimi·

320 1904 433 1947 corum
455 1883 637 1970 persolvito.
664 1884 878 1950 Prohibemus
901 1887 1008 1966 etim,
1028 1886 1062 1948 in
1082 1883 1319 1950 habitationum
1339 1882 1508 1948 conclavia
1528 1885 1633 1970 recipi
1653 1885 1749 1972 inque

320 1980 385 2045 illis
414 1981 518 2048 foveri
549 1983 681 2070 opifices
711 1983 959 2072 qualescunque.
1003 1984 1068 2064 Qui
1099 1993 1212 2049 contra
1247 1981 1419 2070 deliquerit
1445 1982 1596 2048 triduove
1628 1980 1750 2046 diutius

321 2080 455 2164 foverit,
481 2083 666 2148 ioachimici
695 2085 790 2150 unius
821 2083 973 2150 mulctam
1006 2083 1132 2148 solvito.
1177 2083 1369 2169 Cauponem
1398 2103 1526 2169 quoqne
1559 2083 1689 2168 aperire
1721 2091 1751 2145 et

284 2189 475 2246 {hesternos
500 2204 539 2246 ac
561 2182 706 2270 hospites
728 2181 771 2248 ad
801 2205 835 2248 se
862 2185 1018 2270 recipere,
1045 2185 1109 2247 nisi
1134 2184 1354 2248 consentiente
1383 2189 1541 2264 curatore,
1570 2180 1652 2247 nulli
1679 2203 1750 2245 con·

322 2301 450 2345 cessum
470 2291 527 2346 cst
570 2281 635 2363 Qui
658 2304 750 2348 secus
770 2282 891 2366 feeerit,
913 2304 1019 2371 poena
1040 2281 1246 2348 coercebitur
1266 2279 1450 2346 arbitraria.

700 2461 746 2552 [S.
768 2463 799 2553 7]
823 2483 869 2530 ns
891 2481 1081 2530 oosnucrn
1101 2479 1376 2530 ssssrsrrorun.

910 2617 1072 2668 Statutum
1090 2615 1148 2666 111.

407 2727 511 2792 Sicuti
538 2738 669 2794 curator
696 2731 856 2794 neminem
884 2731 986 2796 invito
1009 2728 1144 2816 collegio
1167 2727 1210 2793 ad
1236 2726 1365 2813 collegii
1393 2725 1569 2792 incolatum
1597 2725 1752 2792 admittit:

283 2827 374 2890 scits
409 2847 536 2914 quoque
566 2829 648 2892 citra
681 2831 840 2894 curatoris
871 2830 1069 2896 voluntatem
1099 2852 1138 2894 ac
1170 2849 1362 2894 consensum
1394 2849 1488 2892 nemo
1520 2823 1752 2891 habitationem

326 2923 426 2990 ullam
452 2947 612 3013 usurpare
640 2926 746 3011 debet,
774 2927 865 2994 clave
892 2929 954 2994 sibi
984 2953 1004 2994 a
1030 2937 1179 2994 curatore
1207 2951 1272 2992 non
1300 2926 1421 2991 tradita
1449 2934 1505 2990 aut
1532 2924 1663 3011 longius
1691 2947 1754 2990 non

324 3025 484 3113 permissa
506 3033 537 3090 st
557 3027 686 3093 nomine
707 3029 799 3115 prius
826 3027 913 3116 apud
940 3031 1047 3116 ipsum
1069 3051 1133 3093 non
1153 3028 1319 3113 inscripto.
1361 3025 1473 3112 Neque
1499 3023 1597 3089 liceat
1618 3021 1676 3088 ulli
1698 3047 1753 3090 sno

326 3123 473 3208 arbitrio,
501 3127 672 3212 ignorante
698 3137 857 3210 curatore,
887 3127 1125 3193 cohabitantem
1149 3127 1218 3192 sive
1240 3123 1503 3190 contubernalem
1525 3123 1668 3208 aliquem
1694 3123 1754 3188 sibi

326 3224 520 3308 assciscere3
543 3223 643 3292 multo
658 3227 763 3291 minus
778 3222 1021 3315 con[8]ductum
1039 3250 1061 3291 a
1082 3248 1116 3290 se
1136 3223 1291 3290 conclave
1312 3222 1406 3287 alteri
1429 3245 1487 3288 sua
1500 3223 1668 3288 voluntate
1683 3244 1755 3288 con-

283 3322 443 3390 assedere
465 3333 496 3388 et
518 3347 577 3412 per
602 3349 715 3390 manus
737 3325 876 3392 tradere.
922 3327 1113 3413 Quicunque
1134 3325 1220 3388 enim
1241 3322 1302 3388 hoe
1322 3322 1445 3407 feeerit,
1472 3321 1526 3387 hic
1553 3323 1605 3386 ins
1630 3321 1754 3387 babita-

325 3425 421 3490 tionis
446 3424 510 3490 sibi
530 3423 654 3490 nullum
675 3425 745 3492 fore
768 3427 860 3491 sciat.

408 3523 509 3588 Nemo
537 3525 635 3589 etiam
663 3523 895 3611 inquilinorum
921 3525 1076 3591 famulum
1103 3523 1146 3588 ad
1177 3545 1211 3588 se
1240 3520 1379 3608 recipiat
1406 3518 1460 3586 vel
1489 3542 1598 3585 seeum
1626 3520 1755 3605 habeat,

329 3645 424 3711 quem
446 3631 481 3687 ut
501 3624 647 3710 recipere
669 3622 832 3690 habereve
852 3625 881 3689 ei
913 3623 1025 3690 liceret
1053 3633 1183 3689 curator
1204 3645 1268 3688 non
1290 3619 1497 3704 concesserit,
1526 3631 1583 3686 aut
1604 3644 1703 3708 quern
1722 3631 1757 3688 ut

325 3721 502 3786 dimitteret
522 3723 661 3787 iusserit.

284 3829 319 3886 30
412 3820 733 3901 (inhabitationem
755 3823 959 3911 praescripto
981 3821 1077 3888 modo
1099 3819 1263 3902 conduxit,
1290 3819 1329 3902 is,
1354 3827 1389 3884 nt
1409 3817 1496 3884 sdtra
1522 3827 1654 3906 tempus
1684 3843 1757 3886 con·

327 3919 489 3984 ductionis
518 3942 557 3984 ea
582 3929 700 4005 utatur,
731 3923 804 4007 cogi
833 3945 898 3987 non
926 3921 1038 4005 debet;
1077 3919 1193 4006 quodsi
1225 3927 1333 3984 autem
1368 3917 1545 4006 inquilinus
1580 3941 1615 3983 se
1651 3921 1756 3984 minus

326 4016 528 4084 tolerabilem
551 4029 582 4082 ct
603 4019 731 4085 statutis
754 4017 997 4108 mori[9]gerum
1025 4018 1196 4108 praebeat,
1225 4027 1354 4084 curator
1376 4028 1503 4106 tempus
1525 4007 1574 4081 illi
1596 4019 1754 4104 praesori-

328 4118 407 4183 bere
428 4123 545 4205 potest,'
575 4142 638 4208 quo
661 4119 806 4206 emigret.
845 4119 1013 4186 Mercedes
1036 4119 1186 4184 definitas
1209 4140 1319 4184 omnes
1343 4115 1436 4183 huius
1458 4116 1587 4202 collegii
1607 4117 1756 4203 inquilini

331 4216 452 4281 debent
479 4218 664 4304 persolvere
693 4223 801 4308 prima
829 4231 990 4285 mercatus
1011 4219 1193 4306 Lipsiensis
1217 4217 1399 4305 septimana
1427 4215 1563 4302 singulis
1597 4217 1756 4282 semestri-

290 4316 406 4398 asbus,
427 4337 505 4380 vere
527 4327 558 4381 et
586 4329 749 4402 autumno,
776 4341 879 4406 neque
907 4317 1096 4385 solutionem
1119 4317 1240 4382 diutius
1267 4325 1343 4402 post
1370 4313 1459 4379 illam
1488 4313 1596 4380 hiduo
1619 4315 1755 4382 differre.

330 4415 444 4481 Placet
475 4425 598 4500 autern,
631 4419 799 4484 semestris
831 4420 924 4484 iuxta
954 4429 1118 4505 receptam
1150 4419 1184 4482 in
1218 4414 1388 4482 academia
1418 4414 1685 4481 consuetudinem
1714 4417 1757 4480 ita

329 4515 509 4598 numerari,
539 4525 575 4580 ut
605 4527 759 4584 semestre
787 4521 946 4586 aestivum
973 4517 1142 4582 inchoetur
1169 4539 1189 4582 a
1217 4513 1421 4603 paschalium
1449 4513 1669 4580 nundinarum
1697 4515 1757 4580 line

330 4615 361 4680 h.
382 4637 407 4678 a.
449 4613 622 4698 dominica,
650 4639 733 4704 quae
760 4619 899 4686 Cantete
925 4617 1124 4706 appellatum
1153 4615 1333 4702 hybernum
1360 4635 1439 4678 vero
1467 4614 1608 4700 incipiat
1629 4611 1694 4702 [10]
1716 4613 1756 4680 ab

330 4713 387 4780 ille
408 4713 580 4796 dominica,
601 4737 685 4802 quae
706 4717 867 4784 nundinas
890 4715 1092 4782 autumnales
1112 4715 1190 4780 finit.

288 4824 323 4880 lo
414 4812 478 4893 Qui
500 4815 640 4880 retinere
662 4839 753 4881 suam
775 4815 1009 4882 habitationem
1030 4813 1118 4879 volet
1139 4813 1271 4894 diutius,
1300 4811 1328 4875 is
1357 4833 1468 4876 mense
1496 4821 1572 4878 ante
1597 4821 1757 4878 mercatus

330 4923 396 4978 tam
425 4914 621 4979 autumnalis
649 4937 745 5002 quam
771 4915 913 4980 vernalis
940 4917 1124 5001 ingressum
1144 4935 1208 4978 uno
1237 4933 1309 4975 eam
1336 4909 1442 4976 denuo
1465 4933 1485 4976 a
1506 4922 1657 4978 curatore
1685 4935 1757 4977 con·
1859 4993 1860 5004 2

332 5012 438 5080 ducat.
482 5011 517 5079 Si
544 5036 609 5079 non
638 5015 830 5081 conduxerit
858 5025 890 5081 et
921 5014 1015 5079 alteri
1041 5011 1097 5078 illa
1127 5012 1235 5079 locata
1261 5011 1368 5094 brerit,
1395 5033 1460 5076 non
1487 5013 1608 5100 poterit
1635 5009 1676 5076 de
1697 5011 1757 5076 hoc
1859 5007 1860 5028 ¹

330 5113 385 5180 ille
407 5116 569 5202 conqueri.
615 5114 741 5196 Quodsi
762 5115 867 5182 denuo
889 5125 945 5180 aut
966 5113 1111 5200 alioquin
1138 5110 1331 5177 conductam
1358 5109 1529 5198 possidere
1553 5109 1684 5198 longius
1703 5131 1756 5178 no
