3794 6060
264 471 317 523 Die
333 471 453 524 statutor
475 486 537 523 rom
556 470 639 524 Jahre
659 477 735 537 turo,
759 477 806 525 mit
822 473 1087 526 zuntataschisrracn
1107 473 1147 526 bis
1165 491 1224 526 sum
1242 473 1324 526 Jahrc
1347 481 1418 528 1⁴90.
1519 479 1559 545 49

136 663 184 718 tur
206 653 427 739 congregacio
446 655 670 722 universitatis
692 654 796 720 donec
817 665 925 721 rector
947 655 1030 720 alins
1049 655 1200 742 eligatur.
1243 656 1279 722 si
1301 679 1378 722 vero
1396 680 1559 746 opponen-

136 762 179 817 tes
212 751 324 816 statim
355 775 421 817 non
454 751 665 839 probaverint
697 753 783 841 quod
811 761 996 842 opponunt,
1029 755 1216 840 requirendi
1244 764 1318 822 sunt
1346 755 1476 843 publice
1502 781 1560 846 per

136 863 291 918 rectorem
322 853 489 938 antiquum
517 851 569 916 vel
597 855 761 918 notarium
781 855 1003 920 universitatis
1026 877 1068 918 ex
1089 853 1245 920 mandato
1267 855 1403 942 speciali
1423 859 1560 922 rectoris

134 949 182 1016 vel
201 973 261 1038 per
282 952 454 1016 nunccium
476 951 682 1037 requirantur
703 953 937 1036 universitatis,
959 955 987 1018 si
1007 953 1147 1041 probare
1170 953 1270 1020 velint
1288 964 1321 1020 et
1332 956 1460 1041 possint
1474 955 1561 1041 quod

137 1059 311 1138 opponunt
355 1048 399 1114 Et
423 1059 499 1114 tunc
528 1051 637 1116 statim
667 1049 719 1116 vel
748 1051 862 1118 saltem
891 1075 931 1116 es
959 1051 1110 1118 dicante
1130 1054 1353 1120 universitatis
1375 1056 1582 1142 separacio·5

134 1172 204 1214 nem
232 1149 391 1235 exccpcio
420 1152 589 1236 proposita
616 1151 743 1216 notario
765 1147 855 1237 tra[3
868 1147 894 1238 ⁸]
902 1150 998 1216 datur
1019 1152 1222 1238 inscriptis,
1251 1163 1283 1216 et
1304 1173 1413 1218 coram
1434 1163 1561 1220 rectore

134 1249 264 1336 antiqno
294 1249 520 1314 universitatis
548 1257 580 1312 et
614 1251 681 1314 suis
710 1249 903 1314 consiliariis
925 1249 1011 1314 infra
1033 1250 1278 1338 quatuordecim
1300 1250 1370 1316 dies
1393 1254 1561 1338 proximos

134 1357 320 1436 sequentes,
348 1357 446 1433 prout
463 1346 559 1410 fuerit
581 1346 621 1412 de
641 1349 727 1430 iure,
757 1347 928 1436 probetur,
955 1370 1016 1413 uec
1036 1360 1152 1436 postea
1174 1349 1293 1436 aliquis
1315 1371 1484 1437 opponens
1506 1375 1561 1416 su·

134 1447 250 1512 diebu.
292 1443 340 1510 Et
365 1445 395 1510 si
423 1447 620 1510 contrarium
642 1468 833 1534 quocunque
852 1445 949 1510 modo
968 1447 1105 1513 fecerint
1125 1447 1178 1512 vel
1199 1449 1234 1512 in
1255 1447 1453 1534 probacione
1475 1449 1562 1517 defe-

134 1548 251 1628 cerint,
279 1545 353 1633 ipso
381 1546 452 1610 iure
479 1545 543 1608 sint
568 1545 688 1630 privati
716 1545 898 1631 privilegiis
923 1546 1145 1612 universitatis
1166 1569 1332 1635 quousque
1354 1548 1561 1616 universitati
1573 1561 1604 1616 to

133 1655 262 1711 nostrae
292 1643 422 1710 solvant
449 1665 507 1709 sex
535 1642 692 1725 florenos,
729 1665 812 1727 quae
838 1665 945 1731 poena
971 1643 1057 1711 nullo
1089 1644 1185 1710 modo
1215 1645 1311 1711 debet
1339 1645 1499 1730 relaxari3
1531 1659 1564 1714 et

132 1755 238 1810 rector
259 1745 414 1832 antiquus
435 1751 583 1807 teneatur
605 1763 676 1806 eam
700 1751 900 1829 extorquere.
945 1741 981 1807 Si
1002 1765 1079 1808 vero
1096 1743 1184 1808 infra
1207 1744 1333 1811 dictum
1353 1754 1482 1832 tempus
1493 1747 1561 1812 fue

133 1846 174 1910 rit
194 1843 358 1930 legittima
380 1841 534 1928 excepcio
556 1838 711 1930 probata,
742 1851 863 1906 extunc
888 1843 960 1929 ipse
988 1851 1095 1908 rector
1117 1844 1270 1928 antiquus
1292 1865 1365 1908 cum
1385 1845 1562 1930 praedictis

133 1944 197 2008 suis
220 1942 417 2008 consiliariis
438 1941 526 2005 infra
547 1939 629 2004 duos
650 1938 720 2004 dies
741 1951 911 2028 sequentes
932 1942 1186 2028 pronunccient,
1208 1951 1412 2030 praetactum
1434 1942 1562 2010 electio·

132 2064 205 2106 nem
227 2063 294 2107 non
315 2039 443 2123 valere,
469 2047 502 2103 et
521 2047 628 2104 rector
649 2037 836 2105 immediate
858 2049 1016 2104 convocet
1035 2041 1218 2125 insequenti
1240 2041 1294 2106 die
1314 2042 1561 2108 universitatem
1571 2053 1602 2108 ts

132 2162 192 2228 pro
212 2137 364 2226 eligendo
385 2159 471 2203 novo
492 2147 618 2202 rectore
639 2145 671 2202 et
691 2135 888 2224 procedatur
909 2138 952 2203 ad
974 2139 1163 2206 electionem
1185 2139 1282 2206 telem
1301 2139 1478 2206 secundum
1499 2141 1563 2206 for

134 2262 220 2305 mam
243 2246 445 2304 statutorum.

214 2337 260 2402 Et
287 2345 396 2402 rector
423 2334 554 2423 publice
582 2335 704 2404 nullam
733 2335 851 2424 pellem
876 2337 912 2401 in
939 2339 1047 2425 capite
1077 2336 1203 2402 deferat
1229 2358 1327 2422 quam
1352 2335 1393 2401 de
1414 2339 1508 2404 vario
1529 2340 1563 2404 in

136 2437 254 2526 hyeme
281 2433 335 2502 vel
364 2435 405 2501 de
430 2436 534 2501 serico
560 2437 595 2501 iu
615 2444 755 2517 aeswte,
783 2436 811 2500 si
835 2434 911 2500 vult.
957 2435 1047 2518 Quos
1069 2437 1099 2501 si
1118 2437 1262 2523 propriis
1284 2433 1468 2521 sumptibus
1490 2458 1563 2524 pro·

135 2557 252 2602 curare
280 2559 347 2602 non
376 2535 512 2622 poterit,
537 2532 578 2599 de
607 2535 769 2599 communi
790 2535 915 2622 peculio
939 2537 1160 2601 [universitatis
1182 2545 1402 2621 procurentur.
1444 2534 1607 2604 Rectorw

135 2636 240 2702 eciam
267 2634 316 2700 sic
343 2633 466 2700 electus
494 2631 600 2698 nullus
628 2629 705 2720 [3¹³]
733 2633 835 2700 saciat
864 2655 1026 2722 expensas
1055 2633 1334 2701 extraordinarias
1361 2634 1493 2698 racione
1515 2638 1565 2700 sui

134 2745 327 2801 rectoratus.

534 2905 562 2966 2.
594 2917 641 2964 nu
662 2915 763 2966 nono
786 2918 955 2966 utrarum
974 2917 1171 2967 morosum

219 3033 324 3098 Nacio
348 3029 512 3119 quaelibet
534 3031 574 3096 de
596 3039 745 3119 quatuor,
767 3034 801 3098 in
823 3055 903 3120 quas
925 3035 1120 3098 universitas
1143 3041 1192 3096 est
1214 3031 1331 3113 divisa,
1353 3031 1454 3120 eligat
1464 3058 1563 3102 unum

137 3131 178 3196 de
200 3153 244 3201 se.
289 3129 356 3210 Qui
388 3138 526 3219 quatuor
547 3139 717 3196 teneantur
738 3131 873 3196 eundem
895 3130 1084 3196 electionem
1107 3153 1163 3196 seu
1184 3131 1444 3196 nominacionern
1464 3135 1607 3200 susci-25

137 3253 231 3318 pere,
267 3252 342 3294 cnm
378 3231 499 3296 fiterint
531 3231 565 3294 in
600 3231 667 3293 suis
704 3229 894 3294 nacionibus
922 3229 1079 3318 deputati.
1127 3227 1171 3294 Et
1198 3231 1356 3316 praestito
1385 3231 1566 3297 iuramento

136 3331 255 3396 rectori
277 3327 455 3394 defraudo
476 3350 541 3393 non
562 3328 791 3393 committenda
811 3327 933 3414 eligant
954 3338 1078 3414 septem
1102 3327 1240 3392 aliosde
1257 3337 1326 3392 tota
1343 3329 1565 3414 universitate,

139 3452 275 3518 quorum
298 3439 438 3516 quatuor
459 3428 523 3492 sint
543 3427 584 3493 de
604 3437 741 3515 quatuor
762 3426 954 3493 nacionibus
975 3437 1007 3492 et
1028 3425 1084 3492 alii
1105 3436 1172 3490 tres
1192 3425 1348 3492 detribus
1362 3428 1564 3512 nacionibus,

147 3533 195 3595 sic
222 3527 311 3618 quod
340 3525 486 3615 qualibet
503 3526 665 3592 'electione
692 3527 828 3592 rectoris
858 3549 924 3592 una
951 3526 993 3592 de
1021 3535 1160 3614 quatuor
1180 3524 1370 3591 nacionibus
1390 3536 1501 3593 emeat
1521 3551 1570 3594 se·

148 3627 253 3694 cundo
274 3649 335 3714 per
357 3625 513 3691 ordinem.
555 3624 620 3706 Qui
648 3627 695 3692 sic
723 3624 815 3690 electi
836 3626 952 3691 iterum
972 3628 1079 3691 iurent
1097 3626 1216 3690 rectori
1237 3625 1370 3710 antiquo
1391 3625 1432 3692 de
1453 3625 1611 3693 fraudato

146 3752 208 3795 non
230 3724 465 3793 committenda
489 3735 519 3790 st
541 3725 664 3812 eligant
683 3724 765 3789 alios
786 3727 942 3813 quinque,
964 3745 1102 3812 quorum
1123 3735 1261 3810 quatuor
1282 3727 1347 3790 sint
1368 3725 1408 3790 de
1431 3735 1569 3813 quatuor

150 3825 357 3908 nacionibus,
386 3825 517 3912 quintus
538 3847 617 3890 vero
640 3827 683 3890 sit
704 3823 744 3888 de
763 3823 820 3889 illa
841 3825 994 3906 nacione,
1015 3845 1099 3911 quae
1119 3824 1153 3888 in
1175 3825 1318 3890 secunda
1339 3823 1496 3890 electione
1516 3847 1568 3890 ca-

147 3927 211 3992 rnit
230 3923 386 3992 secundo.
431 3922 496 4004 Qui
516 3925 622 3988 iurent
641 3925 759 3989 iterum
780 3924 900 3988 rectori
921 3923 1070 4006 antiquo,
1093 3921 1181 4010 quod
1201 3923 1302 3990 velint
1324 3922 1443 4010 eligere
1462 3925 1568 3989 virum

142 4025 322 4112 ydoneum,
353 4021 529 4088 secundnm
557 4023 694 4088 formam
721 4024 812 4110 prius
835 4024 998 4109 scriptam.
1040 4021 1085 4086 Et
1106 4042 1330 4110 quemcunque
1355 4023 1404 4088 illi
1426 4024 1567 4109 quinque

139 4122 191 4190 vel
210 4124 317 4190 maior
339 4145 418 4210 pars
441 4143 552 4186 eorum
576 4121 749 4208 elegerint,
773 4142 832 4208 pro
852 4130 979 4186 rectore
1000 4122 1222 4186 universitatis
1243 4129 1401 4189 teneatur.
1577 4131 1611 4187 st

221 4223 268 4288 Et
289 4231 384 4304 nota,
408 4220 494 4309 quod
515 4221 611 4308 primi
634 4229 773 4308 quatuor
794 4219 913 4284 debent
934 4219 1054 4306 eligere
1076 4219 1261 4307 praedictos
1286 4231 1409 4307 septem
1432 4218 1499 4309 [43]
1520 4222 1568 4286 in-

140 4324 191 4390 fra
224 4344 325 4388 unam
353 4321 469 4386 horam
496 4319 673 4406 horologii,
700 4318 836 4406 quilibet
862 4317 924 4384 sub
944 4339 1051 4406 poena
1073 4318 1200 4383 dimidii
1220 4319 1346 4384 floreni.
1387 4320 1432 4385 Et
1452 4322 1569 4386 iterum

140 4421 186 4488 illi
213 4431 340 4509 septem
367 4417 488 4485 debent
512 4418 632 4504 eligere
659 4419 801 4506 quinque
827 4418 914 4484 iufra
939 4439 1037 4483 unam
1065 4419 1164 4484 aliam
1185 4416 1318 4502 horam,
1348 4418 1484 4506 quilibet
1508 4417 1568 4483 sub

143 4543 248 4609 poena
269 4519 368 4586 unius
390 4517 514 4584 floreni.
554 4517 599 4582 Et
619 4519 761 4604 quinque
781 4515 885 4582 ultimi
906 4515 1026 4582 debent
1047 4516 1166 4602 eligere
1187 4527 1347 4584 rectorem
1368 4519 1454 4584 infra
1470 4539 1569 4584 unam

140 4618 254 4688 boram
284 4617 447 4700 similiter,
477 4639 538 4682 nec
564 4615 812 4704 praecedentem
838 4617 1026 4682 continuare
1054 4616 1195 4702 possint,
1225 4617 1285 4682 sub
1314 4617 1427 4683 eadem
1447 4625 1611 4704 poena;to

142 4719 227 4807 quod
254 4718 283 4785 si
311 4739 378 4783 non
406 4717 558 4798 fecerint,
585 4715 720 4803 quilibet
746 4715 851 4782 solvet
878 4735 977 4780 unum
1006 4713 1173 4779 florenum.
1214 4715 1260 4780 Et
1287 4716 1409 4802 eligant
1434 4719 1468 4780 in
1488 4715 1569 4781 bora

143 4818 290 4906 sequenti
318 4817 437 4882 iterum
464 4815 600 4902 quilibet
621 4813 680 4880 sub
701 4835 808 4902 poena
828 4815 924 4878 unius
945 4811 1060 4878 floreni
1082 4821 1114 4878 et
1134 4835 1198 4879 non
1220 4815 1389 4899 recedant,
1415 4815 1481 4879 nisi
1502 4813 1566 4877 sle-

143 4918 268 5002 ger-int,
293 4923 327 4983 et
355 4937 414 5002 pro
442 4913 587 5002 qualibet
612 4914 710 4995 hora,
737 4913 773 4977 in
800 4934 864 4999 qua
892 4934 957 4977 non
985 4911 1155 4998 elegerint,
1187 4912 1292 4978 solvat
1313 4913 1448 5000 quilibet
1468 4934 1569 4977 unum

143 5014 309 5082 florenum.
352 5012 387 5078 Si
415 5035 493 5078 vero
523 5014 693 5100 quisquam
721 5033 833 5076 eorum
861 5011 1033 5076 recesserit
1059 5010 1214 5076 electione
1238 5033 1302 5076 non
1322 5013 1410 5076 facta
1439 5021 1470 5076 et
1492 5033 1568 5098 poe-

144 5135 218 5193 nam
238 5111 444 5202 praedictam
464 5109 590 5178 solvere
609 5110 828 5191 recusaverit,
849 5111 999 5196 periurus
1015 5119 1190 5198 reputetur.
1576 5123 1609 5176 45

217 5227 440 5268 ”nmmum
458 5226 515 5264 lm
532 5227 605 5264 utuv.
624 5225 742 5262 ulmo.
1379 5215 1398 5275 4
