3758 6072
387 463 448 526 418
876 459 927 512 Dis
945 459 1165 525 philosophialis
1179 458 1308 512 naeuus.

389 641 564 706 dicamenti
577 641 733 705 terminus
748 642 882 730 quisque
896 643 1082 730 propositus
1094 643 1146 724 sit,
1166 651 1198 706 et
1219 641 1294 724 alia,
1316 661 1399 726 quae
1419 637 1604 704 huiusmodi
1626 639 1800 706 considera·

390 741 492 806 cionis
509 748 584 805 suut
596 739 771 826 generalia,
785 741 980 828 generaliter
992 742 1148 806 senoiunt.
1178 739 1249 805 Hos
1267 749 1376 805 autem
1392 747 1523 824 reputat
1538 738 1676 804 facultas
1689 743 1722 806 in
1735 741 1799 806 aliis

392 849 610 929 competenter
626 861 662 904 se
674 838 805 925 babere,
827 843 883 930 qni
904 840 1027 930 aliquid
1048 840 1089 906 de
1109 837 1315 927 generalibus
1336 840 1370 903 in
1391 837 1455 902 hiis
1478 839 1635 920 senciunt,
1655 841 1702 904 ita
1721 841 1799 927 qnod

391 941 613 1027 ignoranciam
641 941 828 1026 negaeionis
858 942 988 1006 omnino
1013 963 1079 1006 non
1106 937 1265 1022 habeant,
1286 947 1318 1003 et
1344 939 1521 1025 praecipue
1542 939 1576 1001 in
1598 959 1684 1002 nova
1703 937 1798 1025 loyca,

349 1048 365 1104 ⁵
394 1039 473 1127 quid
492 1037 685 1125 silogismus,
705 1039 821 1104 modus
836 1050 870 1106 et
888 1040 995 1126 figura
1007 1043 1060 1123 sit,
1082 1049 1114 1104 et
1134 1036 1308 1104 secundum
1330 1037 1478 1102 diversas
1500 1035 1614 1102 modos
1637 1047 1670 1102 et
1689 1039 1800 1124 figuras

392 1137 631 1224 silogismorum
658 1138 887 1222 formaciones,
915 1149 947 1204 et
969 1161 1081 1204 eorum
1102 1137 1328 1220 reduceiones,
1350 1147 1383 1200 et
1407 1135 1603 1222 generaliter
1625 1135 1707 1219 alia,
1727 1161 1800 1224 quse

390 1236 485 1302 huius
500 1235 774 1302 consideracionis
789 1247 873 1321 sunt,
894 1248 930 1303 nt
951 1237 1084 1321 scilicet,
1105 1236 1184 1325 qnid
1204 1236 1349 1301 inductio
1369 1235 1549 1300 enthimera
1570 1245 1602 1300 et
1624 1235 1798 1323 exemplum

395 1337 448 1418 sit,
470 1347 688 1423 competenter
707 1335 964 1424 generaliterque
983 1337 1176 1423 intelligtmt,
1198 1348 1231 1401 et
1250 1335 1391 1402 formare
1411 1335 1445 1399 in
1466 1335 1512 1400 eis
1535 1333 1714 1422 exempla¹

472 1433 602 1500 Placuit
616 1436 718 1500 eciam
733 1459 771 1502 eo
793 1445 869 1502 tunc
889 1435 1036 1502 facultati
1057 1435 1269 1517 concorditer,
1291 1433 1376 1521 quod
1395 1433 1531 1520 quilibet
1549 1433 1694 1499 decanus
1713 1435 1800 1500 facul·

352 1535 470 1600 tontis
500 1535 639 1618 arcium,
662 1536 766 1600 sciam
793 1537 827 1600 in
853 1535 995 1600 futumm
1023 1533 1208 1622 eligendus,
1230 1556 1271 1599 ex
1293 1531 1403 1598 debito
1423 1533 1474 1596 sui
1496 1531 1595 1597 officii
1616 1545 1650 1597 et
1670 1557 1728 1600 suo
1749 1535 1800 1599 snb

391 1634 571 1698 iuramento
591 1633 654 1699 hoc
674 1644 830 1700 statutum
852 1647 1060 1701 manutenere
1081 1645 1113 1700 et
1134 1633 1272 1722 singolis
1292 1629 1493 1719 temporibus
1513 1635 1756 1720 temptaminum
1774 1645 1801 1698 et

394 1733 580 1798 examinum
603 1735 788 1820 practicare
810 1735 853 1800 sit
874 1737 1036 1800 astrictuo

475 1989 633 2048 Hieraccb
658 2009 718 2064 ¹voa
739 1993 794 2050 der
814 1992 912 2050 Hand
937 1993 989 2049 des
1012 1987 1136 2048 Coarud
1157 1987 1367 2060 Schoraborcl,
1395 1989 1500 2048 Deenn
1525 1990 1641 2058 1477·,
1669 1987 1731 2044 eine
1753 2007 1798 2045 ue

393 2089 533 2148 sentliebe
561 2089 743 2168 Aeuderuap
771 2093 824 2150 des
852 2092 1031 2152 Wortlautes
1058 2090 1110 2147 des
1137 2087 1177 2146 im
1205 2089 1465 2164 vorausycbmden
1489 2086 1608 2164 capim
1627 2089 1799 2146 eadelm

353 2187 493 2248 tentas.

433 2339 462 2400 ι.
491 2329 554 2420 [Bl.
569 2333 641 2421 21²]
668 2353 898 2402 recensurus
926 2353 1165 2402 sossoanrmr
1189 2351 1316 2400 manne
1338 2349 1478 2398 ιιιιιιιιιιι
1503 2349 1767 2399 numerosus

782 2452 911 2500 srsrnr
931 2453 1020 2501 sosr
1041 2453 1164 2502 sonus
1189 2449 1424 2498 snncrronnu.
1475 2463 1482 2482 ι

479 2581 573 2670 „Ego
589 2583 637 2648 .N.
657 2584 739 2665 iuro,
761 2583 849 2671 quod
868 2584 902 2650 in
923 2595 1020 2649 antea
1040 2583 1082 2649 de
1102 2583 1260 2649 faciendis
1280 2605 1339 2670 per
1360 2603 1412 2645 me
1434 2602 1497 2666 quo
1518 2579 1562 2644 ad
1584 2581 1798 2648 admissionem

397 2679 449 2746 vel
470 2683 679 2747 reiectionem
699 2683 901 2770 temptamini
923 2682 974 2748 vel
1004 2685 1147 2749 examini
1176 2705 1261 2748 nnnc
1289 2705 1324 2748 se
1350 2679 1629 2763 submitteneium,
1651 2704 1744 2770 quem
1761 2680 1801 2744 rel

356 2788 480 2868 toquos
495 2803 555 2868 ego
572 2781 743 2847 admittere
760 2780 814 2847 vel
834 2782 956 2848 reicere
976 2783 1084 2866 velim,
1106 2782 1217 2870 quales
1238 2783 1341 2848 eciam
1363 2780 1427 2867 ipsi
1447 2777 1546 2844 michi
1565 2781 1620 2846 vel
1641 2785 1722 2846 meis
1740 2803 1801 2846 exa·

397 2879 611 2946 minatoribus
640 2879 789 2946 dederint
816 2883 1061 2970 responsiones,
1089 2893 1163 2947 ante
1189 2880 1364 2964 iudicium,
1391 2877 1514 2945 detali
1541 2879 1595 2945 vel
1622 2881 1802 2963 talibus,in

395 2981 605 3068 temptamina
625 2979 679 3045 vel
701 2981 851 3046 examine
881 2983 1054 3048 constituto
1075 2981 1129 3047 vel
1155 2981 1357 3061 constitutis,
1384 2979 1476 3044 iuxta
1502 2979 1670 3046 facultatis
1696 2980 1801 3046 moun

396 3079 661 3145 consuetudinem
681 3079 802 3144 factum
823 3090 856 3146 et
877 3080 1088 3168 completum,
1108 3079 1230 3146 nullum
1252 3079 1381 3168 penitus
1402 3079 1582 3145 certificare
1608 3089 1666 3144 aut
1693 3078 1732 3144 de
1754 3078 1801 3144 boc

399 3199 510 3243 coram
531 3177 640 3266 aliquo
662 3189 818 3245 extraneo
839 3190 896 3245 ant
917 3181 1019 3245 eciam
1041 3202 1082 3246 ex
1103 3179 1202 3244 michi
1223 3177 1446 3264 condeputatis
1468 3178 1746 3246 examinatoribus
1762 3197 1802 3241 ne

354 3276 577 3362 ttresolvere,
600 3280 783 3366 praemissa
804 3287 912 3344 tamen
935 3276 1183 3345 interlocucione
1208 3275 1353 3364 generali
1382 3275 1423 3341 de
1450 3277 1725 3361 circumstanciis,
1748 3287 1801 3341 tan

395 3375 524 3462 quoad
549 3400 777 3466 moresquam
804 3379 961 3444 scienciae
990 3399 1203 3466 personarum
1230 3385 1262 3442 et
1288 3378 1375 3442 vitae
1396 3377 1564 3459 meritum,
1591 3399 1654 3443 nec
1682 3378 1801 3462 aliquem

399 3497 441 3540 ex
456 3475 550 3540 illis
542 3499 575 3541 ιιι
596 3478 809 3566 praescriptis
829 3476 872 3542 ad
894 3499 928 3543 se
949 3475 1175 3543 resolvendum
1197 3475 1361 3557 inducere,
1383 3474 1441 3540 scd
1463 3426 1642 3542 securidum
1658 3475 1801 3542 facultab's

397 3577 523 3640 arcium
545 3586 666 3641 statuta
688 3573 804 3662 dignos
827 3576 1016 3663 simpliciter
1044 3575 1215 3642 admittere
1237 3585 1268 3640 et
1289 3575 1439 3662 indignos
1468 3575 1663 3662 simpliciter
1689 3577 1802 3649 reicere,

399 3685 431 3740 ct
453 3683 529 3761 post
549 3674 707 3740 iudicium
716 3697 806 3762 ,per
827 3697 879 3740 me
899 3685 930 3740 et
951 3673 1033 3740 alios
1054 3676 1174 3740 factum
1183 3673 1294 3763 ,quid
1316 3695 1376 3760 ego
1398 3683 1454 3739 aut
1474 3674 1794 3763 aliquiscoexanrns
1848 3661 1849 3679 ¹

355 3781 507 3839 totorum
522 3795 668 3840 meorum
686 3773 868 3858 fecerimus,
887 3773 966 3840 nulli
987 3773 1133 3840 revelare
1154 3773 1239 3840 volo.
1282 3771 1338 3839 Sic
1358 3796 1409 3839 me
1431 3772 1511 3838 deus
1532 3773 1669 3842 adiuvet
1690 3785 1721 3841 et
1739 3774 1847 3868 baec

398 3882 511 3938 sancta
535 3870 588 3937 dei
610 3870 820 3958 euangelia.“
1845 3829 1847 3960 i

481 3969 526 4036 Et
547 3971 591 4038 ad
612 3969 700 4036 idem
719 3981 847 4038 tenetur
868 3971 1009 4040 decanus
1032 3984 1065 4038 et
1085 3971 1370 4040 vicecancellarius
1391 3973 1555 4039 facultatis
1576 3975 1715 4040 arcium.
1843 3993 1845 4055 ι

485 4261 579 4321 Dana
612 4282 670 4322 voa
703 4265 758 4322 dar
796 4263 894 4322 Hand
926 4266 978 4323 des
1012 4265 1162 4324 Iobuones
1191 4265 1314 4324 Brundt
1345 4267 1382 4324 dr
1409 4263 1593 4343 Rotiaburq,
1626 4269 1683 4326 der
1717 4259 1800 4329 lldll

397 4359 503 4420 Decun
523 4381 598 4420 tour.

355 4514 426 4578 ³53.
451 4525 638 4574 suarnrun
658 4525 857 4576 asseremus
886 4526 1081 4578 anmsrnos
1100 4527 1145 4574 nr
1167 4527 1402 4578 ascensuros
1421 4527 1576 4578 sunnon
1596 4527 1798 4579 ιιιιινιιιιιιιι·

641 4626 715 4674 run
735 4625 916 4676 nsrsarns
936 4627 1085 4676 assum
1104 4627 1152 4674 ιιι
1173 4627 1332 4676 sarm
1352 4627 1578 4678 racuursrrs.

484 4757 578 4823 Anno
611 4756 731 4822 domini
765 4757 1620 4850 millesimoquadringentesimooctuagesimoseoundo
1650 4763 1702 4828 die
1725 4759 1793 4824 nn

398 4859 459 4940 tis,
482 4857 609 4923 decima
638 4859 757 4923 mensis
785 4857 979 4924 Decembris
1009 4863 1104 4934 (1482
1124 4865 1152 4924 d.
1177 4868 1223 4929 10.
1245 4865 1432 4944 December),
1458 4861 1547 4927 facta
1566 4861 1664 4949 plena
1683 4879 1791 4946 congre

399 4957 530 5044 gatione
567 4957 797 5042 magistrorum
837 4957 878 5023 de
910 4958 1044 5024 consilio
1079 4959 1241 5025 facultatis
1273 4963 1395 5026 arcium
1429 4960 1489 5027 sub
1522 4959 1633 5028 debito
1667 4955 1791 5048 praestiti

485 5121 1190 5198 toiewmeasmmtmmtaond
1207 5125 1422 5198 ιωιμιημι.
1832 5099 1833 5183 l

1830 5189 1832 5277 l
