3794 6060
344 431 383 493 38
591 429 674 478 Lehr·
693 429 746 477 nod
765 427 947 492 Stundenplsn
966 427 1006 477 liir
1023 428 1076 478 alla
1092 429 1247 478 Faculttten
1268 445 1328 478 vom
1345 429 1428 478 dabre
1450 434 1514 478 1519

638 609 787 696 capitulis
793 657 803 691 ,
832 631 915 695 quae
945 619 1019 674 sunt
1047 609 1135 674 faeta
1154 619 1288 697 propter
1311 610 1459 676 diversas
1483 611 1653 696 opiniones
1677 635 1723 678 or·

637 721 689 774 tas
712 710 796 774 inter
820 717 1088 776 commentatores
1110 711 1315 795 antiquarum
1338 707 1557 776 decretalium.

857 859 1028 924 Lectiones
1049 859 1302 947 pomeridianas.

429 978 474 1042 In
495 979 590 1042 iure
612 976 729 1042 civili
750 977 849 1042 hora
870 976 1050 1042 secunda
1070 975 1125 1040 fiet
1145 975 1241 1042 lectio

321 1087 338 1140 5
514 1079 618 1164 primo
639 1100 724 1141 anno
744 1079 779 1140 in
801 1077 907 1162 prima
927 1083 1021 1163 parte
1041 1075 1229 1142 Inforciati:
1251 1075 1354 1142 soluto
1376 1075 1599 1160 matrimonio,
1630 1077 1672 1143 de
1694 1076 1769 1142 libo-

595 1178 641 1241 ris
666 1186 697 1240 et
718 1176 918 1263 posthumis,
941 1175 980 1240 de
1003 1175 1132 1262 vulgari
1156 1187 1187 1241 et
1209 1175 1381 1264 pupillari,
1404 1175 1444 1241 de
1466 1177 1676 1262 acquirenda.

514 1276 654 1342 secundo
681 1277 715 1340 in
745 1275 886 1340 secunda
907 1285 1001 1361 parte
1021 1277 1054 1340 ff.
1076 1279 1214 1341 veteris:
1244 1276 1285 1340 dc
1312 1276 1408 1342 rebus
1438 1274 1586 1358 creditis,
1616 1275 1657 1341 de
1687 1279 1768 1342 iure·

597 1376 751 1459 iurando,
775 1376 814 1440 de
836 1374 979 1439 inlitam
1004 1375 1158 1459 iurando,
1192 1376 1232 1441 de
1261 1375 1464 1441 condictione
1491 1374 1533 1439 ob
1560 1397 1708 1460 causam,
1729 1376 1768 1442 de

524 1474 529 1494 ¹
597 1475 800 1542 condictione
821 1475 965 1540 indebiti.

309 1585 340 1640 10
516 1576 612 1640 tertio
633 1577 667 1639 in
689 1573 830 1640 secunda
851 1583 945 1661 parte
966 1576 1148 1642 Irrsorciati:
1170 1577 1350 1663 delegatis
1374 1575 1590 1664 praestandis,
1614 1576 1655 1641 de
1677 1577 1772 1642 rebus

598 1673 725 1758 dubiis,
753 1674 793 1739 dc
815 1675 1052 1741 conditionibus
1079 1686 1111 1741 et
1132 1675 1477 1758 demonstrationibus,
1508 1675 1551 1740 ad
1570 1675 1676 1762 legem
1699 1677 1773 1742 Fal·

599 1774 736 1857 cidiam,
758 1773 801 1838 ad
822 1785 951 1840 sanatus
974 1775 1154 1841 consultum
1177 1775 1429 1841 Trebellianum.

516 1877 656 1962 quarto¹
684 1875 724 1940 de
752 1875 886 1940 crimine
918 1875 1010 1960 salsi,
1040 1875 1081 1942 de
1101 1876 1289 1942 excessibus
1317 1875 1554 1964 praelatorum,
1579 1875 1621 1940 de
1643 1875 1774 1963 privile

597 1976 678 2060 giis,
700 1975 741 2040 de
762 1975 970 2062 purgatione3
999 1999 1103 2042 canon
1125 1975 1165 2042 de
1185 1977 1344 2042 sententia
1364 1977 1717 2041 excommunicationis.

310 2085 340 2140 15
433 2076 484 2140 Ita
512 2083 548 2139 ut
576 2074 619 2138 ad
646 2073 900 2162 comparandam
925 2085 985 2140 utr.
1004 2078 1085 2141 iuris
1107 2079 1275 2142 scientiam
1295 2076 1376 2142 nihil
1402 2075 1499 2165 plane
1521 2076 1634 2141 deesse
1656 2079 1777 2163 poterit

351 2197 391 2240 ac
413 2173 604 2240 desiderari
647 2175 731 2239 Nam
753 2185 785 2239 et
811 2175 1102 2242 institutiones
1123 2177 1258 2264 singulis
1280 2177 1374 2241 annis
1393 2174 1551 2262 legendae
1573 2186 1606 2240 et
1627 2199 1775 2264 praeser-

349 2275 432 2339 tim²
454 2285 624 2358 quartus
657 2273 945 2340 decretalium.
989 2276 1072 2341 Tres
1091 2275 1167 2342 libri
1189 2277 1216 2344 O
1240 2287 1272 2342 et
1293 2300 1390 2341 usus
1421 2275 1632 2342 feudorum
1658 2299 1731 2342 cum
1752 2300 1773 2341 a

351 2372 538 2440 doctoribus
559 2383 626 2438 tum
648 2397 668 2440 a
687 2373 861 2440 licentiatis
883 2384 915 2439 et
935 2375 1131 2441 bacculariis
1153 2376 1290 2442 subinde
1312 2379 1460 2441 enarrari
1482 2373 1597 2440 solent.

432 2473 681 2560 Disputationes
708 2473 868 2540 habentur
896 2472 1049 2562 deinceps
1071 2475 1207 2562 singulis
1228 2476 1312 2542 forte
1333 2476 1498 2541 mensibus
1520 2484 1552 2539 et
1572 2475 1607 2539 in
1628 2477 1777 2558 materia,

309 2583 436 2662 20quae
456 2575 490 2637 in
510 2572 648 2640 lectione
664 2575 861 2639 examussim
888 2582 938 2638 est
963 2574 1138 2659 ventilata,
1166 2599 1229 2663 quo
1260 2575 1446 2642 scholastici
1468 2575 1608 2642 studiosi
1630 2598 1665 2640 se
1687 2597 1776 2640 exer·

351 2696 425 2739 cere
445 2683 597 2760 potemmt
617 2674 814 2740 felicissirne.

892 2841 1071 2890 racemus
1092 2843 1235 2891 stanles.

435 2940 532 3021 Quod
557 2944 760 3008 necessarius
794 2945 837 3008 sit
861 2943 893 3007 in
921 2939 1001 3006 urbe
1029 2944 1151 3028 peritus
1172 2941 1332 3024 medicus,
1360 2965 1401 3007 ex
1422 2942 1485 3007 hoc
1507 2943 1667 3008 coniicere
1688 2942 1774 3025 licet,

353 3043 440 3131 quod
460 3042 627 3128 Augustus
650 3043 789 3125 Caesar,
812 3043 975 3108 caeteris³
994 3044 1111 3108 artium
1132 3043 1318 3108 doctoribus
1340 3041 1503 3128 expulsis,
1525 3041 1611 3106 solos
1632 3043 1776 3108 medicos

310 3144 435 3210 25urbe
463 3142 617 3225 detinuit,
652 3144 721 3208 sine
756 3142 872 3231 quibus
898 3166 959 3207 nec
983 3142 1169 3230 respublica
1194 3166 1254 3208 noc
1284 3141 1350 3207 ulla
1375 3143 1539 3206 hominum
1565 3153 1656 3208 astas
1684 3142 1775 3208 salva

353 3267 424 3311 esse
445 3250 561 3332 potest.
608 3241 763 3308 Scilicet⁴
784 3243 828 3308 hii
851 3243 976 3307 civibus
999 3245 1185 3324 sanitatem,
1214 3265 1278 3328 qua
1300 3242 1380 3308 nihil
1402 3251 1451 3306 est
1472 3244 1713 3328 praestantius,
1746 3253 1777 3306 et

354 3347 455 3412 animi
475 3345 621 3429 vigorem
643 3343 686 3408 ad
708 3366 803 3408 sacra
823 3341 1023 3428 reipublicae
1046 3344 1153 3408 officia
1182 3342 1331 3408 obeunda
1350 3345 1541 3422 restituunt,
1570 3343 1639 3406 sine
1660 3341 1776 3427 quibus

354 3445 475 3527 morbi,
511 3443 775 3508 truculentissimi
810 3465 983 3528 corporum
1007 3443 1131 3525 hostes,
1167 3445 1254 3508 cives
1292 3451 1505 3530 prosternunt
1555 3440 1707 3529 Quippe,
1744 3453 1777 3506 ut

351 3547 456 3612 bonus
479 3547 656 3630 imperator
679 3545 767 3608 cives
789 3543 830 3607 ab
851 3541 998 3607 hostibus
1021 3544 1117 3628 eripit
1144 3553 1175 3606 et
1195 3543 1403 3607 insidiatores
1425 3542 1538 3628 abigit,
1559 3543 1606 3605 ita
1627 3541 1772 3606 medicus

313 3657 380 3713 30a
399 3645 498 3710 multo
522 3643 738 3708 atrocioribus
759 3643 920 3706 humanae
947 3642 1096 3706 sanitatis
1126 3641 1273 3707 hostibus
1303 3643 1389 3707 cives
1422 3641 1541 3706 liberat
1568 3663 1688 3725 eosque
1714 3643 1779 3706 iam

354 3745 559 3810 semianimes
580 3763 622 3806 ex
645 3742 792 3807 Plutonis
813 3741 960 3806 faucibus
981 3743 1088 3828 eripit.
1129 3741 1235 3824 Adde,
1257 3743 1343 3829 quod
1365 3752 1518 3807 ettotam
1537 3739 1675 3805 Illiriarn
1692 3742 1773 3829 Hip·
1883 3747 1884 3818 g

354 3852 504 3931 pocrates
526 3841 670 3908 medicus
693 3841 823 3928 ignibus
844 3863 864 3904 a
878 3841 1274 3927 pestilitatevindicarit.⁵
1316 3841 1360 3908 Ut
1380 3851 1525 3906 nostrum
1547 3863 1675 3928 quoque
1688 3865 1778 3928 gym-

354 3943 480 4008 nasium
502 3941 685 4008 huiusmodi
705 3943 851 4007 homines
875 3940 1051 4026 proferret,
1078 3941 1312 4008 illustrissimus
1334 3945 1486 4029 princeps
1514 3963 1553 4004 ao
1583 3941 1652 4006 dux
1678 3940 1778 4006 Geor-

354 4045 437 4129 gius,
459 4051 494 4106 ut
515 4051 601 4106 totus
622 4043 803 4108 medicinae
824 4063 936 4104 cursus
958 4043 1096 4106 triennio
1119 4043 1259 4128 perfecte
1280 4041 1465 4123 doceretur,
1490 4041 1656 4106 ordinavit
1683 4041 1778 4107 modo

312 4141 553 4228 35subscripto:

437 4241 553 4306 Mane
580 4241 680 4306 hora
707 4242 879 4328 septima
900 4242 939 4306 in
966 4240 1120 4328 hyeme,
1147 4243 1186 4304 in
1208 4250 1372 4306 aestate
1395 4263 1490 4305 vero
1511 4252 1631 4306 sexta
1652 4241 1778 4328 legetur

355 4364 468 4407 cursus
489 4341 723 4408 medicinae
745 4340 976 4406 theoricae⁶
997 4341 1199 4428 triennioque
1221 4340 1367 4405 finiatur:

426 4614 435 4664 1
457 4606 513 4663 Die
537 4577 683 4677 folg‘enden
705 4605 781 4662 Titel
803 4605 924 4676 gehbren
946 4604 1025 4660 nicht
1043 4605 1086 4658 ins
1103 4604 1145 4660 ius
1164 4603 1258 4674 civile,
1282 4606 1400 4660 sondern
1423 4604 1452 4658 in
1468 4605 1513 4660 die
1532 4605 1705 4660 Decretalcn.
1742 4603 1778 4658 Es

358 4693 465 4748 scheint
481 4691 540 4746 also
557 4691 602 4744 cin
621 4707 723 4762 gancer
743 4689 894 4745 Abschnitt
911 4688 1083 4759 ausgsfallen
1099 4707 1135 4742 zu
1154 4689 1220 4744 sein.

423 4781 438 4832 2
453 4775 613 4847 praesentio
629 4775 725 4846 Vogel.
879 4779 894 4830 3
913 4783 1028 4828 caetera.

424 4867 441 4916 t
458 4860 568 4914 Anders
584 4876 697 4928 vermag
714 4857 761 4913 ich
778 4860 890 4932 Vogel's
906 4857 1100 4931 nachgemalte
1117 4857 1290 4929 Abkiiraung
1306 4857 1384 4914 nieht
1403 4857 1572 4914 aufarrlttsen.

426 4944 524 5016 svgl.
543 4943 680 4998 Theriaca
698 4943 733 4997 ad
750 4943 897 5013 Pisonem,
915 4961 977 5014 cap.
998 4949 1036 4998 16.

429 5029 501 5085 680
524 5029 560 5082 ist
585 5025 771 5097 geschn'eben.
815 5029 878 5100 Vgl.
906 5029 1056 5082 ιὴεοτίοανη
1084 5027 1235 5081 madidam
1264 5028 1409 5082 ordinarie
1439 5028 1528 5098 tepens
1553 5025 1665 5082 Panaer
1685 5025 1777 5081 Anna-

355 5111 395 5167 les
411 5113 433 5168 1.
453 5119 517 5182 too,
535 5119 574 5168 49.
613 5111 641 5168 S.
659 5111 731 5167 auch
748 5111 819 5168 oben
840 5117 885 5180 37,
905 5117 937 5168 29
954 5111 1085 5166 meamea.
