3768 6072
663 461 713 511 Die
733 459 853 512 statutor
870 475 924 512 von
946 460 1018 514 1⁵6⁵.
1494 461 1552 526 221

124 663 263 730 poenam
293 639 422 728 collegii
452 638 598 722 arbitrio,
628 663 713 730 quae
741 663 867 707 summa
894 661 967 706 esse
992 637 1126 726 poterit,
1155 635 1279 725 absque
1306 637 1403 704 venia
1433 636 1557 726 persol-

123 750 376 926 νΘΜΑὓὲῗῗιῗὲῐψιιὶ
401 836 462 902 bac
488 837 523 901 in
551 845 646 922 parte
672 838 778 902 minus
807 834 947 924 periculi
971 833 1158 922 impendeat
1184 832 1332 916 aedibus,
1360 834 1552 919 prohibetur

122 961 199 1003 usus
221 945 459 1002 sarmentorum
487 935 748 1024 festuearumque
770 945 802 1000 et
830 937 1002 1000 universae
1029 934 1185 998 materiae
1217 933 1362 998 minutae
1389 955 1557 998 ramorum

122 1047 218 1124 atque
245 1033 420 1101 frondium
464 1031 538 1114 Qua
564 1032 608 1098 ad
635 1033 727 1120 ignes
751 1035 806 1121 qui
827 1043 945 1115 utetur,
970 1032 1106 1099 multem
1127 1030 1315 1119 persolvito,
1345 1033 1471 1120 quoties
1494 1031 1598 1098 boet

123 1135 245 1200 lactum
266 1133 375 1216 fuerit,
396 1134 487 1198 aurei
507 1135 611 1198 unius.

751 1243 872 1317 Caput
888 1246 938 1303 vl.

749 1397 950 1446 utrumme.

204 1514 281 1580 Hoc
302 1513 441 1580 edictm
467 1511 621 1600 generale
649 1523 756 1579 estet
782 1515 923 1601 pertinet
950 1513 993 1578 ad
1021 1515 1124 1580 omnis
1153 1513 1283 1598 generis
1314 1511 1427 1578 sordes
1454 1535 1558 1578 remo·

126 1614 247 1680 vendas
269 1622 303 1679 et
324 1611 442 1698 ubique
462 1611 720 1678 conservandam
747 1611 939 1678 munditiem
969 1623 1001 1677 et
1028 1609 1229 1698 asportanda
1257 1633 1305 1694 ea,
1334 1610 1451 1696 quibus
1479 1621 1601 1697 quo-10

126 1735 251 1800 cunque
282 1713 412 1776 nomine
441 1709 620 1786 foeditatis,
652 1719 684 1776 et
714 1711 861 1776 cavenda
890 1711 1165 1800 detergendaque,
1198 1710 1316 1795 quibus
1347 1708 1558 1796 turpitudinis

125 1813 258 1878 offensio
279 1809 325 1875 ad
344 1831 552 1896 quoscunque
575 1831 688 1874 sensus
711 1809 1005 1897 comprehenditur.

205 1911 280 1975 Non
309 1906 506 1992 relinquetur
529 1909 563 1972 iu
593 1907 667 1972 ullis
689 1908 837 1995 partibus
859 1908 987 1974 aedium
1009 1909 1146 1973 istarum
1169 1909 1341 1996 quicquam
1363 1905 1557 1989 huiusmodi,

126 2031 191 2076 non
211 2005 408 2074 effimdendo
430 2005 653 2072 deiiciendove
671 2007 747 2073 illae
766 2009 895 2094 uspiam
917 2006 1226 2074 contaminabuntur
1241 2017 1273 2072 et
1293 2006 1558 2094 inquinabuntur,

125 2131 190 2174 uon
212 2128 292 2172 area
313 2103 555 2172 deformabitur.
585 2105 702 2192 Deque
723 2107 773 2171 his
789 2106 939 2172 omnibus
959 2106 1112 2172 indicatis
1135 2106 1213 2193 quid
1236 2107 1377 2171 convicti
1399 2107 1558 2170 sustinere
1569 2113 1599 2168 15

125 2216 181 2271 aut
201 2203 389 2292 persolvere
411 2203 562 2287 debeant,
582 2207 765 2290 praepositi
786 2206 946 2271 sententia
965 2215 1131 2270 statuetur.
1157 2204 1299 2270 Chartae
1320 2202 1450 2290 quidem
1470 2203 1557 2268 luso-

123 2307 193 2369 riae
213 2304 382 2390 proiectae
403 2303 536 2368 alterius
559 2324 687 2390 quoque
709 2305 781 2370 vitii
801 2303 925 2368 indices
949 2313 1038 2385 sunt,
1066 2302 1172 2390 deque
1197 2304 1261 2368 ista
1284 2302 1450 2389 petulante
1478 2302 1555 2366 levi·

125 2399 259 2490 [toliere
281 2404 344 2466 erit
363 2401 604 2468 animadversio
626 2403 733 2485 etiam,
756 2405 839 2468 sicut
860 2425 922 2490 par
944 2413 1002 2484 est,
1024 2403 1179 2468 severior.

741 2565 864 2638 Caput
880 2565 943 2624 vn.

747 2719 938 2768 HONES'PAS.
1567 2707 1601 2763 20

207 2835 283 2899 Hoc
308 2833 425 2918 capite,
447 2832 525 2918 quid
552 2831 666 2896 deceat
692 2832 840 2898 ordinem
867 2831 1096 2898 scholasticum
1125 2845 1157 2898 et
1180 2832 1297 2899 debeat
1319 2833 1361 2898 ab
1389 2830 1555 2920 inquilinis

127 2935 240 3000 barum
263 2929 394 2996 aedium
416 2931 595 3014 observari,
619 2930 765 2996 edicitur.

207 3033 246 3098 In
268 3029 397 3095 sodium
420 3030 535 3095 harum
561 3051 639 3094 area
665 3032 712 3094 ita
734 3029 904 3096 obversari
925 3053 1036 3096 omnes
1058 3029 1208 3096 volumus
1231 3033 1376 3112 vestitos,
1405 3029 1557 3118 quemad-

128 3131 256 3198 modum
278 3130 314 3192 in
335 3127 499 3214 publicum
522 3127 719 3215 prodeuntes
748 3151 819 3194 esse
840 3129 948 3192 vestiti
976 3127 1079 3194 solent
1105 3139 1203 3215 atque
1225 3127 1353 3192 debent.
1394 3128 1425 3192 A
1445 3129 1555 3216 pueris

129 3243 159 3295 et
179 3227 425 3315 quibuscunque
446 3225 518 3292 aliis
539 3249 581 3291 ex
608 3226 706 3313 podio
733 3249 791 3290 seu
817 3237 993 3291 transenna
1021 3226 1238 3292 inverecunde
1260 3225 1472 3312 despiciendo
1501 3235 1599 3291 auttt

128 3327 247 3394 ibidem
270 3325 493 3391 concursando
514 3325 633 3391 offendi
656 3325 737 3390 ulios
759 3323 977 3411 prohibemus.
1020 3325 1122 3413 Inque
1142 3324 1203 3391 boc
1230 3347 1349 3412 genere
1371 3325 1556 3410 delinquen-

132 3439 179 3492 tes
200 3423 423 3491 multabuntur
445 3423 564 3510 singuli
586 3445 650 3490 uno
674 3433 827 3510 argenteo
851 3445 908 3488 seu
929 3444 1054 3508 grosso.

207 3526 245 3567 *¹
259 3522 413 3588 Mulieres
428 3525 461 3588 in
477 3523 575 3588 aedes
592 3522 719 3608 collegii
736 3521 855 3588 adduci
871 3522 1039 3587 admittive
1052 3545 1117 3588 non
1132 3521 1233 3605 decet,
1253 3545 1359 3609 neque
1372 3522 1434 3589 hoc
1447 3523 1556 3587 facere

130 3647 184 3691 suo
214 3623 352 3689 arbitrio
379 3621 436 3688 ulli
460 3621 559 3686 licere
583 3643 689 3708 neque
718 3622 786 3685 sine
813 3621 973 3708 permissu
1005 3622 1184 3708 praepositi
1211 3621 1263 3686 vel
1294 3621 1373 3705 eius,
1395 3623 1449 3707 qui
1469 3620 1556 3686 illius

130 3725 269 3789 vicarius
300 3723 406 3803 fucrit,
434 3720 505 3785 fieri
531 3721 661 3786 omniuo
689 3719 845 3786 volumus.
887 3720 924 3784 ln
957 3731 1164 3785 contumaces
1195 3730 1304 3786 autem
1325 3743 1385 3807 pro
1413 3743 1449 3786 re
1478 3731 1599 3786 nata³0

132 3821 371 3888 animadversio
392 3841 491 3906 penes
513 3820 735 3906 praepositum
757 3820 826 3884 erit.

210 3920 338 4002 Quodsi
357 3920 429 4006 quis
451 3919 583 4005 pietatis
611 3917 850 4004 honestatisque
879 3917 997 3982 oblitus
1026 3918 1226 4005 impudicam
1251 3918 1418 3984 mulierem
1441 3921 1476 3984 in
1497 3920 1557 3985 has

133 4021 225 4086 aedes
246 4017 466 4084 introduxerit
485 4015 796 4082 introducendamve
822 4017 1002 4098 curaverit,
1030 4016 1072 4081 ab
1100 4039 1138 4082 eo
1165 4017 1260 4083 buius
1290 4017 1400 4083 delicti
1426 4019 1556 4085 nomine

133 4122 277 4206 exigetur
299 4115 402 4182 multa
422 4115 537 4181 floreni
559 4117 663 4182 unius.
705 4112 770 4195 Qui
790 4124 889 4179 noctu
909 4114 999 4200 apud
1021 4137 1056 4179 se
1077 4115 1242 4199 habuerit,
1267 4118 1297 4182 is
1322 4115 1440 4183 solvito
1467 4117 1555 4183 flori·

133 4243 187 4285 nos
205 4217 278 4285 1111.
310 4215 374 4297 Qui
395 4215 512 4279 iterum
533 4213 567 4278 in
584 4211 648 4301 [47]
666 4213 726 4278 hoc
746 4211 870 4298 flagitio
892 4211 990 4277 fuerit
1010 4213 1260 4300 depraehensus,
1282 4217 1311 4280 is
1334 4237 1375 4281 ex
1395 4217 1446 4282 his
1468 4215 1598 4283 aedi-35

134 4318 190 4383 bus
212 4319 373 4402 emigrare
394 4312 576 4378 iubeatur*

210 4415 367 4482 Nolumus
389 4434 497 4499 porro,
520 4409 699 4476 custodiam
712 4421 744 4476 et
756 4411 886 4497 vigilias
900 4410 990 4476 urbis
1011 4421 1110 4477 noctu
1125 4421 1181 4477 aut
1194 4411 1336 4478 interdiu
1349 4426 1556 4501 praetereun-

134 4525 179 4580 tes
208 4513 312 4580 sibilis
341 4523 397 4578 aut
423 4510 557 4576 vocibus
587 4509 756 4596 quibusvis
785 4511 950 4597 exagitari
983 4519 1039 4574 aut
1073 4511 1188 4597 quovis
1216 4521 1313 4598 pacto
1338 4512 1382 4577 sd
1409 4513 1557 4600 querelas

137 4611 321 4680 deferendas
344 4610 472 4676 senatui
492 4609 626 4691 irritari,
656 4631 716 4674 nec
739 4609 781 4674 de
803 4609 969 4696 superiore
989 4607 1060 4674 loco
1083 4629 1276 4697 quemquam
1296 4634 1430 4698 prorsus
1452 4613 1553 4678 homi·

136 4735 208 4778 num
229 4714 308 4793 risu,
330 4718 425 4796 gestu
444 4719 574 4774 motuve
595 4709 742 4795 eorporis
764 4708 818 4788 (de
840 4731 903 4796 quo
927 4719 960 4772 et
982 4718 1078 4772 antea
1099 4707 1219 4774 dictum
1242 4715 1304 4792 est)
1326 4710 1467 4776 irrideri.
1490 4710 1597 4790 Quiso

196 5010 301 5150 Βιωξὶε)
309 5008 417 5152 ⁸qqqdeu
434 5008 486 5062 mit
501 5003 654 5063 Starncben
667 4997 855 5076 eingeimten
867 5005 989 5062 Absitse
1005 5005 1067 5062 sind
1085 5009 1179 5078 opiter
1190 5006 1253 5064 roth
1263 5006 1490 5078 eingeklammert
1500 5009 1559 5066 und

137 5110 180 5150 am
274 5111 290 5150 e
371 5099 398 5147 t:
428 5092 512 5146 omitt
