3758 6072
488 464 573 516 Dritte
591 461 854 524 santameoaatton
871 475 927 518 ron
947 457 1134 518 totth—tlon
1471 455 1532 522 393

111 657 158 720 15·
188 669 237 716 DE
265 665 477 718 nummus
504 665 550 714 ΕΤ
580 663 681 714 LOCIS
701 664 823 714 EORUM
843 667 889 714 ΕΤ
912 663 1237 716 convocnrlortmus
1258 657 1472 710 secuturis
1491 657 1537 706 ΕΤ

616 766 770 816 ΡΒΔΝΗΙΟ
790 766 1030 816 ARISTOTELIS.

193 867 278 932 Item
300 866 334 929 in
353 864 470 952 hyeme
488 864 570 930 fiant
589 864 652 931 duo
671 867 839 950 examina,
867 889 965 931 unum
985 863 1280 952 magistrandorum
1297 872 1442 949 tempore
1463 880 1537 923 con-

112 975 205 1032 sueto
216 1015 225 1049 ,
249 964 425 1034 secundum
447 963 770 1042 baccalariandorum
791 968 825 1030 in
846 967 980 1049 ieiuni03
1007 967 1041 1030 in
1063 974 1185 1030 aestate
1207 961 1354 1029 similiter
1375 960 1455 1026 liant
1474 956 1539 1022 duo

110 1065 269 1133 examina
282 1062 616 1146 bacoalariandormn,
638 1065 880 1152 primumcirca
896 1066 1014 1130 festum
1024 1066 1240 1145 Pentecostes‚
1262 1059 1439 1128 secundum
1449 1059 1537 1123 circa
1564 1063 1579 1120 5

113 1167 235 1230 festum
263 1171 396 1230 sanotae
424 1165 540 1229 crucis.
582 1163 627 1229 Et
651 1165 803 1230 examina
830 1163 1124 1254 promovendorum
1149 1165 1182 1228 in
1209 1160 1333 1228 artibus
1365 1168 1396 1225 et
1423 1179 1539 1222 convo-

110 1265 259 1330 cationes
290 1262 453 1329 facultatis
486 1265 611 1329 arcium
649 1274 680 1329 et
711 1264 887 1351 prandium
919 1263 1193 1330 licenciandorum
1229 1262 1309 1326 liant
1338 1261 1373 1324 in
1403 1255 1538 1341 collegio

109 1364 228 1430 maiori
249 1364 284 1428 in
307 1360 403 1428 stuba
426 1362 608 1446 facultatis,
638 1373 670 1429 et
700 1385 761 1450 pro
785 1367 848 1430 isto
871 1362 1041 1450 collegium
1063 1365 1167 1428 maius
1189 1361 1229 1427 tle
1249 1358 1392 1449 quolibet
1413 1377 1538 1446 promo-

113 1463 298 1530 vendorum
321 1463 355 1526 in
377 1462 501 1527 artibus
524 1461 658 1530 habebit
678 1463 759 1530 duos
780 1486 912 1550 grossos
931 1486 1052 1546 novos3
1079 1473 1111 1530 et
1135 1464 1216 1527 istos
1242 1480 1374 1548 grossos
1397 1456 1538 1521 decanus

111 1587 133 1628 a
153 1560 387 1650 promovendis
409 1560 508 1626 habet
528 1561 681 1650 colligere
701 1571 734 1628 et
754 1564 921 1652 magistris
945 1562 1073 1650 collegii
1093 1562 1227 1627 maioris
1247 1566 1463 1648 praesentare.
1549 1563 1581 1620 10

305 1731 350 1795 16.
371 1747 418 1795 nu
440 1745 614 1795 nnersrao
635 1747 807 1797 aurasius
828 1746 1091 1796 umvnasrrnrrs
1114 1727 1353 1793 assusmnoo.¹

194 1847 279 1914 Item
311 1842 351 1910 dc
391 1853 498 1911 cetero
529 1845 635 1911 nullus
674 1847 831 1933 magister
862 1847 996 1912 alterius
1028 1843 1249 1910 universitatis
1280 1849 1465 1908 assumatur
1497 1837 1539 1904 ad

109 1946 301 2013 facultatem
328 1945 467 2027 arcium,
500 1947 565 2011 nisi
595 1945 740 2012 docuerit
767 1949 1000 2034 promotionem
1022 1968 1113 2011 suam
1133 1944 1250 2009 litteris
1272 1941 1442 2007 autenticis
1463 1959 1540 2004 suae

112 2043 404 2112 universitatisvel
424 2043 601 2127 facultatis,
622 2044 673 2110 vel
694 2045 774 2110 duos
794 2048 968 2132 magistros
980 2044 1110 2127 habeat,
1132 2046 1186 2131 qui
1207 2065 1268 2130 pro
1282 2064 1320 2106 co
1333 2038 1540 2121 fideiubeant,

110 2155 146 2211 ut
159 2145 244 2211 tales
265 2143 378 2209 literas
393 2144 479 2209 infra
498 2143 639 2235 medium
662 2167 781 2209 annum
803 2144 862 2210 sub
882 2168 988 2233 poena
1008 2145 1143 2232 periurii
1162 2141 1214 2207 vel
1238 2139 1433 2206 exclusionis
1459 2140 1582 2202 eius-15

112 2245 188 2311 dem
217 2244 406 2310 assumendi
434 2253 601 2331 apportet,
635 2243 688 2308 vel
715 2267 774 2332 per
802 2267 895 2310 suum
920 2245 1088 2332 proprium
1119 2244 1349 2322 iuramentum,
1381 2239 1408 2303 si
1428 2237 1540 2304 literas

112 2345 296 2411 autenticas
327 2353 550 2431 competentur
580 2341 702 2408 habere
729 2367 794 2408 non
821 2345 957 2430 poterit,
990 2352 1022 2408 et
1043 2342 1124 2407 duas
1146 2339 1266 2405 habeat
1286 2360 1443 2426 personas
1462 2335 1539 2402 fide·

112 2444 244 2530 dignas,
266 2465 348 2531 quac
370 2441 430 2508 sub
452 2444 520 2508 suis
539 2443 729 2508 iuramentis
752 2441 871 2526 dicant,
894 2442 993 2508 talem
1015 2443 1062 2506 sic
1073 2439 1302 2506 assumendum
1320 2434 1541 2524 intaligradu

112 2565 186 2610 esse
207 2552 400 2629 promotum.

348 2715 396 2776 17.
418 2726 516 2787 ouon
537 2725 674 2775 nucum
696 2725 813 2774 nuans
834 2725 873 2774 sn
895 2725 1060 2774 mvrrnaa
1081 2725 1128 2772 nn
1149 2723 1313 2784 aurocen.
1427 2773 1437 2790 ,
1549 2709 1583 2766 to

197 2827 280 2893 ltem
309 2825 416 2891 nullus
445 2827 676 2912 magistrorum
699 2825 855 2913 aliquem,
890 2825 1059 2912 potissime
1087 2822 1256 2905 inabilem,
1292 2844 1351 2910 spe
1381 2819 1464 2886 lucri
1490 2817 1542 2885 vel

112 2927 239 2992 favoris
261 2925 313 2990 vel
335 2923 472 2990 alicuius
494 2925 623 2990 comedi
642 2924 831 3012 temporalis
854 2923 896 2988 ad
917 2923 1103 2988 intrandum
1121 2945 1257 2988 examen
1274 2921 1326 3013 vel
1345 2929 1542 3006 temptamen

113 3028 148 3091 in
177 3023 306 3090 artibus
335 3035 368 3090 et
397 3024 485 3112 quod
516 3023 575 3089 sub
604 3046 642 3089 eo
673 3021 863 3088 determinet
891 3021 943 3086 vel
963 3023 1112 3108 incipiet,
1147 3020 1190 3086 ad
1212 3019 1384 3086 iurandum
1405 3017 1456 3082 vel
1477 3017 1542 3082 fide

113 3123 309 3211 interposita
330 3123 414 3190 alias
436 3121 688 3209 promittendum
712 3119 777 3211 [9⁸]
800 3144 859 3209 per
880 3120 978 3186 sevel
999 3144 1058 3207 per
1070 3119 1178 3200 alium,
1191 3119 1314 3186 directe
1324 3117 1375 3184 vel
1385 3117 1542 3183 indirecte

113 3224 265 3307 inducat,
288 3222 347 3288 sub
367 3244 475 3311 poena
498 3223 717 3310 suspensionis
739 3220 780 3286 ab
803 3220 929 3286 actibus
957 3218 1151 3300 scolasticis,
1182 3220 1210 3283 si
1231 3217 1272 3283 de
1292 3218 1354 3284 hoc
1375 3218 1583 3284 convictus25

114 3323 166 3390 vel
190 3323 358 3389 confessus
379 3323 478 3387 fuerit
499 3321 552 3386 vel
575 3319 655 3386 elias
675 3321 864 3402 constiterit,
886 3318 930 3383 ad
951 3341 1050 3384 unum
1069 3341 1200 3383 annum.
1246 3327 1253 3343 ·

347 3494 395 3558 18.
416 3504 478 3565 Qut
498 3503 639 3552 casaur
660 3502 742 3552 assu
764 3501 966 3552 raarrcrrus
987 3499 1313 3551 unocunmnronou.

196 3607 281 3672 Item
301 3604 443 3693 placuit,
471 3602 558 3692 quod
579 3601 713 3689 quilibet
732 3604 976 3688 magistrorum,
1001 3599 1113 3666 volens
1134 3599 1273 3687 aliquem
1295 3621 1488 3686 promovere
1508 3601 1542 3664 in

113 3705 242 3774 artibus
263 3715 319 3770 aut
341 3727 412 3770 esse
438 3704 604 3792 particeps
635 3703 936 3784 emolumentorum,
973 3701 1014 3766 sit
1045 3709 1119 3764 actu
1151 3721 1284 3785 regens3
1314 3696 1427 3784 regula
1456 3701 1541 3764 enim

113 3804 298 3895 apostolica
319 3804 365 3870 sic
387 3804 597 3886 determinat,
619 3803 705 3891 quod
727 3826 791 3868 non
811 3799 967 3866 laborans
988 3823 1053 3865 non
1073 3798 1170 3865 debet
1190 3797 1396 3880 manducare,
1419 3797 1584 3864 valam-30

114 3905 254 3971 dinariis
276 3913 308 3969 et
328 3905 466 3970 infirmis
489 3901 648 3968 duntaxat
670 3902 823 3989 exceptis.
868 3901 981 3989 Neque
1002 3901 1144 3964 iuniores
1166 3901 1316 3983 magistri
1337 3899 1446 3962 statim
1468 3907 1544 3985 post

114 4027 228 4072 corum
248 4006 498 4091 promotionem,
531 4012 705 4088 antequam
727 4003 944 4067 fuerint'actu
965 4009 1131 4086 regentes,
1163 3995 1282 4063 debent
1301 3998 1422 4063 habere
1441 3996 1542 4062 facul-

113 4114 215 4171 tatem
240 4102 364 4191 aliquos
383 4101 613 4191 promovendi,
635 4099 693 4166 sed
714 4125 748 4166 se
769 4101 861 4188 prius
883 4123 943 4188 pro
966 4109 1042 4167 actu
1062 4099 1215 4186 regencia
1236 4096 1362 4162 adhoc
1383 4095 1542 4163 abilitare.

240 4389 397 4450 Hicrnacll
415 4391 469 4449 lat
486 4389 609 4448 dierelle
619 4390 724 4461 Hand,
740 4388 787 4447 die
804 4389 895 4446 achon
910 4389 981 4447 oben
993 4381 1052 4472 [Bl.
1064 4380 1115 4472 7³]
1128 4387 1175 4445 cin
1189 4389 1343 4445 statutum
1354 4381 1542 4446 innovatum

155 4489 258 4553 tineis
284 4510 320 4550 za
347 4489 515 4566 carrigine
540 4491 679 4548 ocraucltt
700 4490 791 4562 hatte,
816 4486 879 4546 eine
901 4489 993 4547 Reilre
1013 4487 1290 4546 Zaratrbeeclrlttase
1310 4485 1582 4561 nuclqetraqauffi

159 4593 203 4650 Ea
225 4610 301 4663 war,
322 4589 376 4647 wic
397 4589 475 4648 auclt
496 4588 649 4648 weiterlu‘a
671 4591 746 4647 noch
767 4589 938 4660 melrmala,
961 4587 1008 4646 ein
1026 4590 1185 4664 priiaaerer
1205 4587 1305 4644 Reum
1316 4584 1386 4658 frcr'
1405 4585 1543 4660 pelastes

158 4689 394 4763 zurAusnaltme
415 4706 473 4746 oca
494 4689 644 4747 Zurri'tren
660 4691 723 4745 und
742 4689 968 4763 Aenderuuqeu.
995 4687 1054 4744 Dic
1067 4686 1165 4743 Haud
1184 4684 1224 4742 iat
1243 4683 1488 4752 anoerkennbar,·
1510 4701 1540 4740 ea

160 4793 200 4850 ist
221 4789 268 4849 die
290 4790 342 4847 dea
360 4787 481 4846 Martia
492 4788 652 4847 Formam
674 4790 709 4846 de
724 4786 841 4857 Koralla,
862 4788 930 4844 der
953 4784 1075 4850 1483b
1097 4785 1230 4842 Decea
1253 4802 1340 4841 war.
1366 4782 1432 4858 Vpl.¹
1451 4763 1542 4839 antea

160 4893 245 4952 Anm.
268 4909 304 4948 zu
325 4889 438 4948 Zuaatz
459 4889 542 4965 lisy.
586 4889 644 4946 Dic
665 4887 729 4946 hier
756 4887 984 4963 einqetraqenen
1005 4886 1180 4943 Berclrlttaae
1207 4885 1338 4960 petitam
1357 4881 1542 4939 ancoritana·

160 4994 216 5052 lor
248 5008 414 5050 zusammen
446 4989 499 5049 mit
531 4991 588 5048 den
619 4995 710 5046 antea
742 4988 790 5046 Bt.
822 4987 882 5048 22⁸
901 4991 951 5062 sp.
979 5003 1036 5042 von
1067 4984 1229 5044 demaellen
1261 4980 1582 5058 eiapcrclrrielcaen.to

203 5159 213 5208 l
233 5151 289 5208 Am
309 5151 418 5208 Raude:
435 5149 515 5206 Illud
530 5155 658 5204 mutua
673 5145 839 5203 declinatum
856 5154 896 5202 ert
912 5147 942 5200 ta
958 5146 1127 5215 aequantibm
1143 5143 1192 5201 fol
1212 5147 1243 5200 to
1261 5141 1296 5211 (d
1316 5139 1333 5196 i
1353 5141 1404 5208 21).
