3748 6070
322 463 382 526 318
819 463 868 512 uu
886 463 1105 526 philosopbitcbe
1122 463 1252 514 Facultttt

405 651 434 710 5.
464 642 546 707 Item
567 641 680 706 eodem
708 641 770 724 die,
797 641 880 725 loco,
908 653 943 708 ut
975 665 1084 732 supra,
1110 643 1297 710 conclusum
1318 653 1351 708 et
1371 651 1527 708 statutum
1553 643 1628 726 fnit,
1657 641 1748 732 quod

321 741 459 830 quilibet
478 739 681 806 baccalarius
709 742 743 805 in
765 740 889 807 artibus
917 752 1044 808 tenetsn
1072 745 1105 808 in
1132 743 1245 808 ordine
1275 765 1332 808 suo
1360 742 1414 808 die
1442 741 1603 809 dominico
1632 741 1745 828 dispu-

320 855 400 910 tare.
422 841 529 922 Quam
550 839 806 927 disputacionem
826 839 968 906 decanus
989 853 1114 908 tenetur
1136 843 1199 908 sibi
1220 842 1263 908 ad
1283 852 1356 908 octo
1379 841 1448 908 dies
1470 851 1546 908 ante
1564 863 1624 929 per
1641 841 1744 906 famu-

320 942 388 1008 lum
410 940 630 1006 universitatis
650 941 809 1022 intimare,
837 939 897 1004 sub
919 964 1025 1028 poena
1052 942 1163 1007 decem
1189 963 1385 1028 grossorum,
1412 963 1491 1028 quos
1517 940 1660 1006 decanus
1682 939 1744 1005 sub

276 1055 293 1110 5
321 1065 378 1108 suo
407 1043 586 1106 iuramento
615 1049 741 1103 tenetur
768 1040 915 1125 rigorose
946 1051 1138 1128 extorquere
1165 1041 1207 1105 ab
1235 1040 1356 1108 eodem.
1399 1039 1445 1104 Et
1468 1039 1545 1106 talis
1573 1038 1743 1127 disputans

319 1165 379 1230 pro
401 1163 475 1206 eum
496 1137 701 1204 visitantibus
721 1136 807 1202 ultra
832 1137 943 1204 decem
971 1162 1104 1226 grossos
1130 1163 1194 1205 non
1217 1151 1376 1226 exponat,
1408 1139 1468 1206 sub
1490 1161 1596 1227 poena
1617 1137 1743 1204 mediae

321 1261 514 1326 sexagenas,
541 1260 637 1322 quam
667 1237 807 1302 decanus
836 1237 896 1302 sub
918 1261 1024 1324 poena
1050 1241 1163 1325 priori,
1191 1238 1313 1304 scilicet
1334 1241 1517 1322 iuramenti,
1541 1248 1667 1304 tenebar
1687 1260 1743 1303 ex·

317 1351 476 1426 torquere.
518 1337 563 1401 Et
593 1336 700 1402 nrtllus
731 1335 935 1402 baccalarius
966 1337 1062 1402 debet
1090 1337 1216 1404 admitti
1249 1336 1291 1402 ad
1318 1347 1518 1426 temptamen
1545 1360 1606 1426 pro
1636 1337 1743 1424 gradu

317 1438 506 1525 magisterii,
532 1438 595 1501 nisi
620 1437 654 1500 in
683 1437 885 1500 consciencia
912 1459 970 1502 sua
998 1435 1094 1519 dicat,
1122 1437 1208 1525 quod
1231 1459 1386 1524 praesens
1415 1438 1449 1503 in
1469 1437 1573 1502 XXX
1594 1436 1739 1525 disputa·

282 1537 469 1606 tocionibus
507 1536 681 1601 ordinariis
716 1534 971 1600 baccalariorum
1009 1535 1183 1622 arguebat,
1221 1537 1249 1600 si
1285 1537 1392 1602 locum
1427 1537 1586 1624 arguendi
1620 1536 1740 1602 habere

341 1639 428 1704 ctuit

317 1662 339 1727 p
400 1743 430 1804 6.
452 1732 513 1823 [Bl.
526 1731 597 1822 55⁸]
619 1733 700 1799 Item
723 1733 834 1798 eodem
855 1733 918 1816 die,
939 1733 1021 1818 loco,
1047 1745 1082 1799 ut
1104 1757 1214 1821 supra,
1236 1735 1421 1800 conclusum
1443 1743 1475 1801 et
1496 1743 1649 1800 stamtum
1670 1735 1739 1818 fuit,

317 1835 403 1925 quod
422 1834 530 1900 nullus
553 1833 743 1898 admittatur
770 1831 812 1896 ad
841 1841 1035 1920 temptamen
1058 1833 1352 1920 magistrandorum
1380 1834 1433 1900 rel
1462 1856 1598 1900 examen
1624 1832 1737 1899 bacca·

317 1933 548 2015 lariandorum,
570 1931 634 1996 nisi
654 1953 764 1996 coram
787 1932 908 1996 decano
930 1941 963 1996 et
983 1932 1259 1998 examinatoribus
1281 1935 1315 1998 in
1337 1956 1397 2000 sua
1419 1935 1621 2000 consciencia
1643 1935 1737 2016 dicat,

276 2047 307 2102 15
318 2034 404 2123 quod
426 2030 602 2121 quemlibet
621 2033 822 2114 magistrum,
845 2053 865 2095 a
886 2053 949 2118 quo
968 2030 1144 2096 leccionem
1165 2032 1217 2097 vel
1236 2035 1432 2099 exercicium
1454 2033 1589 2118 audivit,
1611 2043 1737 2099 conten·

313 2147 380 2200 tum
405 2133 464 2198 sub
485 2132 627 2196 leccione
648 2129 701 2194 vel
724 2131 884 2195 exercicio
910 2131 1004 2214 fecit3
1035 2131 1117 2196 alias
1146 2131 1189 2197 ad
1218 2143 1415 2221 temptamen
1436 2132 1488 2198 vel
1515 2155 1652 2198 examen
1676 2156 1738 2198 non

315 2234 514 2314 admittatur,
533 2231 597 2294 nisi
618 2229 715 2294 talem
736 2228 975 2295 leccionemvel
997 2233 1195 2296 exercicium
1220 2231 1412 2298 secundario
1434 2232 1598 2297 audiverit
1619 2240 1651 2296 et
1671 2242 1736 2296 tam

314 2334 355 2398 de
384 2333 488 2420 primo
516 2353 614 2418 quam
643 2328 784 2394 secundo
812 2331 977 2414 magistris
1006 2331 1210 2394 satisfecerit.
1253 2331 1298 2395 Et
1324 2331 1422 2396 talem
1448 2341 1579 2418 reputat
1599 2331 1736 2396 facultas

313 2433 480 2518 magistris
504 2431 708 2509 satisfecisse,
729 2428 785 2514 qui
808 2428 867 2492 sub
888 2428 1027 2493 lectione
1046 2428 1099 2494 vel
1120 2431 1280 2496 exercicio
1300 2431 1457 2516 magistro
1479 2432 1513 2495 in
1535 2433 1737 2496 consciencia
1855 2473 1856 2488 ι

274 2540 378 2597 20sua
406 2529 499 2612 dixit,
528 2527 615 2614 quod
639 2525 740 2592 nicbil
767 2525 887 2592 babeat
915 2527 977 2593 sibi
1004 2528 1083 2593 dare
1110 2528 1162 2593 vel
1191 2530 1396 2595 commodose
1422 2528 1496 2616 plns
1524 2529 1613 2612 dare,
1642 2551 1735 2616 quam

315 2629 417 2695 voluit
445 2627 508 2692 sibi
531 2626 619 2708 dare,
647 2628 674 2690 si
701 2625 782 2690 alias
809 2647 872 2690 non
898 2628 1002 2712 potuit
1027 2649 1100 2692 eum
1127 2637 1321 2694 contentare.
1363 2627 1408 2694 Et
1435 2629 1477 2694 de
1504 2631 1596 2716 prius
1618 2629 1736 2694 auditis

318 2739 444 2795 tenetur
463 2727 620 2812 magistro
643 2734 717 2788 ante
737 2725 853 2789 festum
876 2728 979 2790 sancti
999 2724 1169 2792 Michaelis
1191 2729 1387 2810 satisfacere,
1410 2725 1470 2792 sub
1490 2727 1604 2793 eadem
1624 2749 1735 2816 poena
1855 2775 1856 2816 ,

303 2827 305 2830 ’
399 2833 425 2892 7.
448 2827 529 2891 Item
551 2821 664 2890 eodem
691 2822 744 2887 die
770 2823 956 2888 conclusum
979 2835 1010 2890 et
1039 2836 1194 2891 statutum
1223 2827 1293 2909 fuit,
1320 2825 1409 2914 quod
1437 2826 1579 2892 decanus
1608 2828 1642 2892 in
1664 2849 1734 2893 con·
1855 2869 1856 2872 =

314 2924 541 2994 vocacionibus
563 2922 725 2987 facultatis
745 2945 810 2987 non
832 2927 982 3010 propinet
1001 2924 1041 2989 de
1062 2928 1207 3012 pecuniis
1228 2924 1390 2991 facultatis
1409 2927 1473 2991 nisi
1492 2935 1638 3014 tempore
1660 2950 1734 2992 suae

271 3026 486 3094 tteleccionis
513 3033 544 3087 et
565 3021 736 3086 eleccionis
758 3025 1024 3105 examinatorum,
1051 3037 1082 3088 et
1104 3036 1180 3090 tunc
1202 3048 1266 3089 una
1285 3027 1357 3090 vice
1379 3025 1464 3090 rdtra
1485 3037 1625 3110 quatuor
1646 3051 1734 3114 gros·

315 3149 369 3193 sos
390 3147 456 3191 non
478 3130 629 3209 exponat,
661 3120 721 3186 sub
743 3143 847 3207 poena
868 3125 1017 3208 periurii,
1049 3137 1081 3190 et
1100 3147 1160 3212 pro
1182 3123 1347 3190 locacione
1367 3124 1474 3190 fienda
1495 3125 1618 3190 nullam
1641 3148 1734 3213 pecu-

315 3229 403 3292 niam
426 3225 537 3310 capiat
555 3221 608 3286 vel
630 3231 774 3285 reservet
782 3223 800 3303 ¹,
821 3219 882 3285 sub
905 3222 1017 3287 eadem
1038 3247 1151 3311 poena.

394 3331 423 3392 8.
449 3325 531 3389 Item
553 3319 737 3386 conclusum
768 3321 829 3386 fuit
858 3331 890 3384 et
920 3329 1072 3388 statutum
1101 3323 1213 3389 eodem
1242 3324 1304 3406 die,
1332 3335 1368 3389 ut
1389 3346 1454 3389 non
1475 3323 1638 3411 eligantur
1660 3347 1733 3390 exa·

312 3427 488 3491 minatorcs
509 3419 804 3507 magistrandorum
827 3421 890 3484 nisi
910 3432 985 3508 post
1006 3424 1257 3512 inscripcionem
1281 3425 1464 3490 eonmdem.

268 3535 303 3592 30
394 3529 424 3592 9.
449 3523 531 3588 Item
557 3519 671 3586 eodem
697 3517 750 3583 dic
772 3519 956 3586 conclusum
981 3522 1043 3586 fuit
1069 3532 1101 3588 et
1129 3533 1294 3607 statutum,
1322 3523 1409 3612 quod
1429 3547 1490 3589 nec
1512 3523 1657 3589 decanus
1676 3545 1733 3588 nec

312 3624 429 3713 aliquis
450 3622 708 3688 examinatorum
736 3641 757 3682 a
782 3617 1032 3686 baccalariando
1060 3633 1205 3710 tempore
1232 3625 1392 3688 examinis
1419 3623 1529 3710 capiat
1556 3623 1610 3688 vel
1636 3624 1732 3688 faciat

311 3726 387 3811 capi
412 3721 498 3787 ultra
522 3743 582 3786 sex
609 3739 751 3804 grossos,
780 3728 813 3780 et
833 3741 853 3782 a
874 3719 1097 3804 magistrando
1117 3721 1203 3788 ultra
1225 3721 1346 3805 decem,
1375 3721 1435 3787 sub
1455 3744 1562 3808 poena
1588 3725 1731 3809 periurii,

313 3823 453 3908 demptis
472 3829 581 3884 tamen
603 3817 759 3903 pecuniis,
782 3839 863 3903 quas
885 3839 944 3903 pro
964 3817 1044 3884 locis
1065 3829 1214 3887 tenentur
1235 3821 1322 3888 dare.

398 3928 444 3988 10.
466 3920 547 3983 Item
569 3916 682 3980 eodem
703 3914 755 3979 die
778 3915 963 3982 conclusum
985 3919 1045 3983 fuit
1066 3932 1098 3985 et
1124 3930 1287 4004 statutum,
1316 3931 1352 3987 ut
1371 3920 1478 3986 nullus
1499 3923 1730 4008 magistrorum

268 4021 365 4086 asvel
394 4021 497 4085 eciam
518 4013 775 4082 baccalariorum
802 4014 944 4103 aliquam
973 4017 1148 4085 leccionem
1174 4019 1264 4106 legat
1290 4023 1325 4086 in
1354 4021 1450 4086 seclis
1479 4021 1646 4088 facultatis
1667 4023 1730 4087 nisi

309 4118 442 4186 indutus
456 4116 571 4183 habitu
588 4113 770 4200 magistrali
785 4113 837 4180 vel
857 4113 1045 4201 baccalarii,
1067 4119 1127 4184 sub
1147 4141 1253 4206 poena
1268 4121 1362 4186 unius
1383 4119 1507 4204 floreni,
1528 4143 1625 4208 quem
1646 4131 1729 4188 tene

309 4229 363 4286 tur
384 4217 526 4285 decanus
548 4214 608 4282 sub
629 4215 809 4280 iuramento
829 4222 1030 4304 extorquere.

822 4520 873 4582 27.
902 4536 983 4586 ch
1001 4536 1106 4586 Jahre
1126 4537 1213 4592 1436.

395 4632 457 4724 [Bl.
477 4629 549 4720 55¹³]
578 4631 674 4698 Anno
703 4631 824 4700 domini
851 4631 1022 4699 millesimo
1044 4633 1309 4703 OCCCXXXVI
1335 4640 1370 4703 in
1397 4637 1556 4704 decanatu
1583 4641 1728 4726 magistri

267 4737 401 4804 toPetri
421 4735 461 4801 de
474 4732 639 4814 Budissin,
660 4732 747 4799 facta
768 4731 865 4819 plena
886 4734 1142 4818 congregacione
1163 4737 1392 4822 magistrorum
1413 4737 1455 4803 de
1476 4738 1611 4807 consilio
1631 4739 1728 4804 facul·

308 4837 396 4919 tatis,
417 4837 452 4900 in
474 4833 526 4898 die
547 4841 730 4898 sanctorum
749 4831 868 4897 Felicis
889 4841 921 4896 et
933 4831 1074 4896 Adaucti
1096 4835 1192 4915 (1436
1212 4841 1240 4898 d.
1263 4841 1312 4904 30.
1327 4835 1468 4927 Aequas),
1490 4847 1612 4905 statuta
1632 4839 1727 4906 infra·

310 4937 433 5021 scripta
455 4932 666 5014 concorditer,
686 4931 773 4996 nullo
796 4929 1045 5014 contradicente,
1067 4942 1142 4998 sunt
1163 4933 1324 5003 conclusa

385 5123 397 5178 l
416 5114 604 5178 Geuchrieben
622 5111 695 5172 steht
711 5123 838 5174 resecat.
