3762 6074
330 437 391 500 486
820 433 870 484 Die
888 433 1108 498 philosophicam
1126 433 1255 484 Paenitet.

417 657 463 720 19.
485 667 532 715 na
555 667 727 716 cassurus
749 665 1301 733 cocranmss1naccsusumnm,
1324 667 1487 716 srururo
1510 668 1674 717 remoue

849 767 921 816 uon
943 767 1236 818 ncraanmsnrrs

414 900 487 965 Non
515 899 733 964 determinans
762 909 837 964 ante
868 899 964 964 linem
1002 901 1166 986 sequentis
1194 899 1356 964 examinis
1391 921 1503 964 omnes
1536 898 1746 966 admissosiu

334 999 392 1066 tali
413 999 563 1064 examine
584 1009 755 1086 sequatur,
785 999 912 1064 nisiex
935 1021 1034 1064 causa
1054 996 1246 1064 racionabili
1273 997 1363 1064 locus
1390 998 1452 1064 sibi
1482 1021 1543 1088 per
1571 999 1746 1064 facultatem

290 1111 307 1166 5
335 1101 433 1164 fucrit
453 1109 648 1164 reservatus.
697 1097 742 1162 Et
760 1098 875 1164 eodem
896 1098 993 1163 modo
1013 1099 1071 1163 liat
1092 1098 1134 1164 de
1154 1097 1227 1164 aliie
1249 1099 1455 1166 examinibus
1482 1097 1748 1188 sequentibus,ai

335 1209 410 1264 aute
430 1198 527 1264 finem
549 1219 659 1262 eorum
680 1219 745 1262 non
766 1197 1004 1264 determinabit.

658 1437 706 1498 20.
734 1447 952 1496 DILACIONEM
973 1449 1106 1498 BURSAE
1129 1451 1263 1498 PETENS
1285 1450 1437 1498 tunsam.

424 1598 542 1662 Potens
564 1597 753 1663 dilationem
774 1597 893 1662 bursae
913 1597 1048 1680 iurabit,
1071 1601 1160 1665 infra
1187 1601 1358 1665 terminum
1388 1597 1555 1664 dilationis
1578 1599 1660 1665 velle
1686 1600 1751 1664 bur-

336 1721 405 1762 sam
428 1697 563 1762 solvere.
611 1696 653 1760 Et
681 1696 766 1762 ultra
792 1697 855 1762 hoc
884 1695 979 1762 debet
1008 1696 1128 1764 habere
1155 1723 1255 1764 unum
1282 1701 1490 1784 magistrum,
1512 1699 1569 1786 qui
1590 1721 1650 1786 per
1671 1722 1751 1764 suurn

295 1807 327 1862 10
337 1799 554 1862 iuramentum
576 1796 682 1879 dicat,
704 1796 790 1884 quod
811 1795 889 1862 velit
911 1797 1116 1884 irrequisitus
1139 1798 1271 1864 bursam
1300 1797 1391 1863 illam
1413 1798 1540 1863 solvere
1562 1809 1639 1863 ante
1658 1798 1754 1864 veliu

336 1897 476 1962 termino
498 1894 679 1979 dilacionis‚
703 1898 731 1961 si
752 1907 865 1984 petens
887 1895 977 1961 illam
999 1920 1064 1962 non
1086 1897 1230 1964 solverit.

577 2135 625 2197 21.
652 2147 788 2196 votens
809 2147 945 2196 Peraea
966 2147 1195 2197 nmsfflonmt
1216 2149 1351 2197 BUBSAE
1373 2150 1527 2198 masma.

420 2297 540 2362 Volens
562 2307 672 2386 petere
695 2296 915 2362 dimissionem
937 2295 1058 2362 bursae
1078 2295 1210 2379 iurabit,
1232 2297 1318 2384 quod
1341 2296 1426 2362 ultra
1447 2321 1498 2362 res
1512 2295 1592 2386 [3¹⁸]
1610 2310 1642 2364 et
1663 2299 1756 2363 libros

336 2397 530 2462 nonhabeat
546 2397 657 2462 decem
673 2397 813 2462 florenos
835 2395 876 2459 de
896 2394 991 2460 bonis
1014 2395 1220 2462 hereditariis
1238 2396 1290 2462 vel
1311 2396 1566 2484 quibuscunque.
1594 2399 1641 2464 Et
1654 2397 1693 2462 de
1708 2397 1758 2462 boc

298 2498 457 2563 tohabeat
479 2495 605 2586 aliquos
628 2496 809 2582 fidedignos
831 2499 898 2580 (qui
919 2495 978 2559 sub
1000 2499 1210 2562 conscienciis
1232 2520 1343 2561 eorum
1368 2496 1495 2578 dicant,
1522 2519 1592 2562 rem
1614 2501 1663 2563 ita
1682 2521 1754 2576 esse,

339 2599 423 2661 sicut
445 2595 638 2682 principalis
660 2600 777 2676 iurat),
798 2594 916 2683 quibus
937 2594 977 2658 de
999 2606 1193 2681 paupertate
1221 2597 1289 2662 eius
1319 2607 1462 2679 constat,
1489 2607 1547 2661 aut
1575 2597 1658 2664 alios
1684 2597 1758 2662 suffi-

344 2697 472 2762 cientes
487 2695 736 2762 informaciones
759 2693 799 2760 de
821 2718 880 2760 sua
900 2703 1094 2781 paupertate
1115 2695 1237 2761 iecerit.

661 2933 709 2994 22.
739 2944 940 2994 rsuraarss
960 2945 1134 3005 cuonono
1156 2945 1274 2994 onear
1293 2945 1455 2996 exosam.

428 3097 610 3184 Paupertas
628 3096 764 3160 alicuius
780 3097 807 3160 si
826 3092 961 3180 vulgata
984 3105 1015 3158 et
1036 3093 1145 3160 multis
1168 3106 1246 3160 nota
1266 3097 1300 3159 in
1323 3096 1536 3160 universitate
1555 3119 1621 3162 non
1643 3099 1760 3178 existat,

299 3197 477 3287 wprobari
505 3204 612 3283 potest
641 3194 759 3260 litteris
787 3195 959 3258 autenticis
989 3217 1066 3258 suae
1093 3195 1237 3258 civitatis
1263 3195 1315 3258 vel
1343 3193 1501 3276 aliorum,
1524 3206 1582 3260 aut
1609 3220 1668 3284 per
1690 3197 1760 3262 duos

342 3299 531 3384 magistros,
555 3297 610 3384 qui
631 3293 844 3376 fideiuboant‚
867 3307 901 3358 ut
927 3293 1052 3358 litteras
1080 3297 1260 3359 autenticas
1288 3295 1374 3358 infra
1403 3294 1544 3359 medium
1568 3319 1687 3360 annum
1709 3295 1759 3360 sub

345 3420 452 3486 poena
474 3395 610 3483 periurii
631 3394 804 3481 disponere
827 3392 906 3457 velit
928 3403 983 3456 aut
1011 3403 1237 3480 paupertatem
1261 3417 1354 3458 suam
1376 3396 1538 3459 veraciter
1558 3406 1592 3460 et
1613 3395 1758 3482 legittime

345 3496 502 3584 probare3
532 3493 583 3559 vel
615 3495 718 3558 eciam
744 3495 865 3580 poterit
894 3515 965 3556 eam
994 3492 1135 3578 probare
1163 3515 1222 3580 per
1250 3491 1333 3556 duas
1354 3515 1511 3578 personas
1532 3493 1712 3580 fidedignas
1732 3505 1757 3557 et

343 3597 511 3678 honestas,
540 3592 657 3682 quibus
687 3602 773 3656 certe
804 3600 930 3656 constat
957 3588 996 3653 de
1027 3615 1086 3656 sua
1113 3601 1315 3678 paupertate.
1358 3591 1402 3656 Et
1429 3615 1502 3657 cum
1527 3594 1627 3659 semel
1654 3593 1759 3679 aliquis

300 3706 437 3763 25suam
459 3694 648 3782 probaverit
675 3701 900 3778 paupertatem
932 3691 1143 3774 sufficienter,
1174 3689 1375 3778 peramplius
1397 3691 1536 3756 adeam
1566 3693 1758 3778 probandum

343 3797 417 3882 cogi
438 3815 503 3858 nou
525 3790 638 3874 debet,
672 3792 736 3856 uisi
767 3799 944 3870 constaret,
974 3789 1070 3856 talem
1101 3790 1268 3856 evidenter
1298 3789 1341 3856 ad
1373 3793 1579 3879 pinguiorem
1609 3793 1761 3858 fortunam

344 3905 460 3983 postea
482 3893 681 3981 pervenisse.

345 4133 394 4196 23·
422 4145 470 4193 DE
491 4141 766 4192 DISPENSATIONE
790 4139 1084 4189 sacercerdotem!
1108 4141 1217 4189 SUPER
1243 4141 1315 4188 NON
1338 4141 1587 4191 comitumue
1614 4127 1759 4192 alrami!

432 4292 579 4374 Quilibet
607 4289 867 4356 baccalariorum
896 4301 1011 4376 petens
1033 4289 1311 4377 dispensacionem
1341 4314 1440 4379 super
1468 4314 1531 4358 uon
1559 4293 1760 4382 completione

303 4395 484 4473 ³0biennii,
508 4393 535 4456 si
557 4390 679 4456 nullum
701 4412 821 4455 annum
844 4388 1030 4477 complevit,
1050 4389 1142 4454 dabit
1162 4413 1260 4454 unum
1280 4390 1455 4474 florenum3
1486 4394 1513 4456 si
1541 4415 1620 4458 vero
1648 4403 1760 4460 tautum

345 4493 521 4581 complosit
542 4513 640 4556 unum
661 4511 799 4570 annum,
823 4488 992 4554 dimidium
1018 4487 1121 4553 solvet
1138 4489 1312 4572 florenum;
1347 4493 1474 4556 sivero
1505 4495 1588 4558 citra
1610 4493 1663 4559 vel
1686 4493 1761 4558 iufra

348 4617 468 4660 annum
491 4589 665 4676 complevit
687 4599 743 4653 aut
760 4589 891 4654 omuino
914 4611 1039 4676 pauper
1059 4589 1166 4670 fuerit,
1188 4601 1265 4654 tuno
1283 4591 1432 4676 magistri
1455 4590 1496 4656 de
1518 4593 1655 4658 consilio
1673 4591 1759 4658 facul·

345 4697 434 4776 tatis,
457 4691 602 4780 pensatis
624 4690 882 4753 circumstanciis
904 4711 1022 4753 causae
1044 4696 1076 4752 et
1096 4709 1320 4776 personarum,
1343 4693 1490 4778 recipere
1504 4703 1643 4779 possunt
1661 4713 1759 4758 secuu-

347 4794 424 4860 dum
449 4791 536 4880 quod
558 4791 604 4854 eis
626 4786 789 4853 videbitur
812 4788 979 4876 expedire.

397 5118 406 5167 l
428 5111 482 5166 Am
499 5111 611 5166 Raude:
630 5111 733 5180 legatur
749 5127 799 5162 nto
818 5116 937 5179 tempore
954 5125 1032 5162 cona
1051 5107 1133 5178 (etna
1150 5106 1380 5170 caniculas-irrui)
1398 5115 1561 5162 commta
