3788 6078
639 507 691 560 Die
708 509 826 562 Statoten
844 522 898 560 rou
919 505 1091 562 tete-1490.
1504 501 1564 570 587

223 691 250 752 5.
279 685 360 753 Item
391 687 425 753 in
457 690 748 757 convocacionibus
779 701 834 759 aut
864 693 898 758 in
927 690 1131 757 examinibus
1163 685 1327 754 facultatis
1361 681 1563 751 medicinalis

141 783 247 852 nullus
267 785 355 852 dicat
376 787 470 854 alteri
490 789 593 857 verba
611 792 776 876 iniuriosa,
804 791 1029 858 maledictoris
1049 801 1106 856 aut
1125 787 1352 877 opprobriosa,
1378 784 1438 851 sub
1460 803 1565 872 poena

141 885 235 950 unius
267 885 382 953 floreni
410 889 550 954 rinensis
583 891 731 957 facultati
763 889 986 979 persolvendi;
1018 888 1255 956 nichillominus
1288 908 1366 974 pars
1398 881 1563 951 offendens

141 985 227 1069 parti
247 983 356 1052 laesae
376 985 463 1054 ultra
484 987 605 1056 dictam
633 1013 773 1079 poenam
794 1001 919 1058 tenetur
947 990 1133 1056 satisfacere
1158 989 1251 1052 iuxta
1276 986 1440 1051 dictamen
1465 979 1564 1050 facul-

144 1083 230 1164 tatis,
254 1083 282 1147 si
303 1107 368 1150 non
390 1087 511 1174 poterit
531 1089 617 1154 inter
638 1112 694 1156 eos
715 1090 778 1158 alio
799 1090 895 1158 modo
917 1087 1099 1155 amicabilis
1120 1087 1306 1174 conposicio
1325 1084 1530 1149 intervenire
1590 1087 1606 1146 5

223 1187 252 1248 6.
274 1183 356 1250 Item
377 1186 412 1250 in
435 1189 584 1254 examine
602 1188 797 1256 licenciandi
817 1191 870 1256 vel
890 1187 1134 1256 baccalariandi
1155 1185 1275 1274 quoad
1297 1207 1407 1250 eorum
1422 1202 1566 1267 assump-

143 1279 285 1350 tionem¹
307 1283 359 1348 vel
385 1285 596 1354 reieccionem
626 1291 654 1355 si
678 1290 800 1356 fuerint
825 1313 923 1379 pares
949 1310 1056 1370 voces,
1082 1289 1129 1352 ita
1151 1286 1238 1374 quod
1264 1294 1313 1351 tot
1332 1285 1452 1349 fuerint
1471 1303 1567 1346 voces

140 1380 361 1469 approbantes
389 1395 466 1472 quot
493 1387 672 1470 reicientes,
701 1399 821 1456 extunc
846 1389 988 1455 decanus
1017 1386 1148 1454 cuilibet
1175 1386 1209 1451 in
1238 1386 1387 1451 examine
1416 1381 1568 1448 existenti

142 1477 240 1546 habet
258 1481 425 1566 mandare,
448 1485 534 1572 quod
556 1485 598 1552 de
618 1511 703 1554 novo
724 1488 779 1554 det
800 1511 913 1554 vocem
933 1489 967 1553 in
990 1509 1049 1554 sua
1070 1485 1282 1567 consciencia,
1304 1493 1339 1549 ut
1360 1482 1568 1571 perveniatur

142 1576 184 1642 ad
208 1578 428 1666 pluralitatem
449 1607 564 1650 vocum
587 1587 869 1654 concordandum.
1578 1587 1608 1644 ¹⁰

225 1686 255 1744 7.
276 1681 358 1746 Item
379 1681 516 1767 quilibet
535 1684 648 1752 doctor
668 1695 796 1753 tenetur
818 1696 944 1753 secreta
965 1685 1091 1752 consilii
1119 1683 1284 1750 facultatis
1312 1681 1355 1748 ad
1383 1691 1477 1748 extra
1501 1701 1566 1746 non

144 1777 299 1862 revelare,
322 1779 451 1867 quando
472 1781 536 1848 sibi
558 1807 617 1871 per
639 1785 795 1852 decanum
817 1787 1027 1872 iniungantur
1048 1808 1113 1850 non
1133 1805 1204 1849 esse
1225 1782 1363 1848 adextra
1383 1779 1567 1848 revelanda

223 1884 250 1948 8.
277 1879 359 1944 Item
390 1881 557 1966 quodlibet
586 1887 789 1972 suppositum
820 1885 983 1952 facultatis
1002 1884 1182 1950 medicinae
1201 1891 1327 1948 tenetur
1357 1903 1417 1969 pro
1444 1880 1516 1946 loco
1536 1887 1568 1944 et

140 1985 286 2063 tempore
320 1983 509 2066 congruenti
541 1982 663 2050 decano
692 1983 835 2052 eiusdem
865 1985 1007 2050 debitum
1035 1984 1189 2050 honorem
1218 1991 1250 2046 et
1277 1981 1492 2046 reverentiam
1520 1979 1567 2044 iu·

140 2073 290 2161 pendere.
1578 2085 1608 2142 15

223 2183 253 2243 9.
274 2175 357 2243 Item
384 2178 563 2248 baccalarii
594 2191 626 2246 et
655 2180 821 2248 studentes
852 2182 1033 2248 medicinae
1065 2204 1125 2269 pro
1157 2181 1227 2248 loco
1256 2187 1288 2245 et
1316 2189 1461 2266 tempore
1493 2199 1566 2242 con-

139 2275 269 2358 gruenti
301 2285 451 2344 tenentur
480 2281 547 2346 suis
577 2279 764 2346 doctoribus
794 2279 936 2346 debitam
966 2281 1187 2346 reverenciam
1215 2290 1246 2346 et
1273 2278 1426 2344 honorem
1452 2278 1566 2364 inpen·

139 2371 227 2440 dere.

226 2481 271 2543 10.
297 2476 379 2542 Item
398 2475 535 2562 quilibet
560 2479 800 2567 promovendus
826 2481 859 2545 in
887 2479 1119 2560 baccalarium,
1144 2476 1350 2543 licenciatum
1376 2475 1429 2542 vel
1458 2475 1566 2542 docto·

139 2593 205 2637 rem
240 2573 406 2640 facultatis
437 2575 617 2644 medicinae
649 2580 682 2644 in
715 2589 791 2644 actu
828 2601 905 2644 suae
936 2577 1155 2666 promocionis
1187 2585 1314 2642 tenetur
1343 2577 1452 2640 iurare
1483 2573 1609 2640 velleto

139 2692 328 2756 procurare,
355 2685 510 2763 quantum
539 2677 574 2741 in
604 2699 641 2744 eo
674 2689 739 2762 est,
769 2677 889 2744 bonum
919 2677 1092 2760 facultatis,
1124 2674 1167 2741 ad
1196 2696 1418 2762 quemcunque
1448 2683 1568 2739 statum

139 2767 316 2837 devenerit

225 2876 271 2936 11.
295 2867 340 2958 [S.
360 2869 392 2960 2]
413 2873 496 2938 Item
517 2872 799 2958 baccalariandus,
820 2877 1040 2944 licenciandus
1063 2875 1114 2940 vel
1136 2873 1272 2963 quilibet
1293 2872 1512 2940 doctorandus
1533 2874 1566 2939 iu

137 2977 215 3034 actu
236 2992 314 3034 suae
336 2973 553 3058 promocionis
575 2985 701 3040 tenetur
721 2975 851 3062 publice
873 2978 981 3042 iurare
1010 2976 1131 3041 dictrrm
1160 2972 1300 3060 gradum
1325 2975 1359 3038 in
1384 2971 1474 3037 nulla
1502 2972 1568 3038 alia

137 3069 351 3136 universitate
376 3093 555 3156 resumere3
586 3073 672 3162 quod
701 3077 728 3139 si
754 3077 952 3140 contrarium
980 3075 1066 3139 illius
1095 3073 1207 3136 statuti
1233 3072 1358 3154 fecerit,
1388 3083 1507 3138 extunc
1527 3078 1607 3136 eo2i

137 3168 211 3255 ipso
234 3169 276 3233 sit
296 3170 454 3257 periurus.

227 3274 274 3334 12.
302 3267 383 3334 Item
405 3269 511 3336 nullus
533 3281 764 3359 promoveatur
785 3273 829 3338 ad
856 3272 995 3361 aliquem
1019 3270 1157 3358 gradum
1186 3268 1349 3334 facultatis
1377 3269 1567 3350 medicinae,

136 3367 202 3433 nisi
225 3367 316 3455 prius
337 3370 527 3436 matriculae
548 3371 770 3436 universitatis
794 3373 836 3436 sit
856 3373 1044 3459 inscriptus.
1073 3367 1178 3456 (Idem
1199 3367 1391 3453 intelligitur
1413 3367 1454 3434 de
1476 3391 1565 3434 assu-

139 3466 268 3532 mendis
290 3466 332 3532 ad
354 3467 580 3557 facultatem.²)
740 3545 746 3554 ⁸

230 3572 277 3634 13.
300 3565 381 3632 Item
403 3567 509 3634 nullus
534 3581 763 3657 promoveatur
786 3555 996 3658 ad‘aliquem
1024 3567 1163 3655 gradum
1191 3564 1354 3632 facultatis
1376 3565 1611 3648 medicinaque

136 3667 201 3730 nisi
230 3665 320 3751 prius
349 3687 459 3731 coram
488 3668 642 3734 facultate
670 3669 850 3739 medicinae
870 3669 1029 3736 iuraverit
1049 3666 1132 3732 velle
1155 3688 1288 3732 servare
1317 3675 1439 3731 statuta
1467 3665 1567 3731 facul·

136 3765 217 3830 tatis
248 3763 444 3848 medicinae,
478 3789 561 3854 quae
597 3780 671 3834 sunt
704 3781 736 3834 et
766 3781 860 3835 erunt
891 3793 951 3856 pro
982 3767 1066 3833 bono
1098 3765 1261 3833 facultatis
1291 3765 1476 3852 approbata
1510 3788 1567 3853 per

136 3861 333 3930 facultatem.

225 3970 272 4031 11.
295 3963 375 4029 Item
396 3963 503 4031 nullus
532 3965 710 4052 graduatus
739 3969 772 4034 in
798 3967 961 4032 medicina
981 3966 1015 4030 in
1043 3963 1108 4030 alia
1129 3966 1342 4030 universitate
1365 3964 1407 4030 ad
1433 3963 1567 4030 faculta-

137 4075 204 4129 tem
233 4062 413 4130 medicinae
444 4077 637 4148 assumatur,
667 4069 731 4132 nisi
759 4069 851 4156 prius
879 4066 1037 4131 iuraverit
1064 4087 1173 4130 coram
1201 4062 1355 4129 facultate
1385 4065 1606 4132 medicinaeee

137 4162 223 4228 velle
244 4184 376 4228 servare
398 4171 519 4230 statuta
540 4164 704 4232 facultatis
725 4165 903 4231 medicinae
930 4175 963 4230 et
991 4163 1171 4244 statuenda,
1201 4185 1284 4251 quae
1313 4171 1388 4228 sunt
1415 4173 1447 4228 et
1474 4173 1567 4230 erunt

137 4283 200 4350 pro
221 4259 307 4326 bono
329 4261 494 4327 facultatis
515 4264 696 4330 medicinae
718 4289 777 4353 per
796 4264 981 4330 facultatem
1004 4262 1183 4328 medicinae
1205 4261 1398 4350 approbata.

226 4368 274 4452 15.
295 4360 377 4426 Item
398 4361 533 4447 quilibet
555 4363 766 4429 assumendus
789 4362 831 4429 ad
851 4360 1036 4428 facultatem
1061 4361 1240 4427 medicinae
1265 4372 1429 4448 tamquam
1453 4351 1565 4430 doctor

137 4459 330 4542 medicinae,
358 4458 548 4526 licenciatus
568 4463 620 4528 vel
643 4463 846 4529 baccalarius
868 4471 942 4526 ante
966 4463 1015 4526 sui
1036 4463 1293 4548 assumpcionem
1314 4461 1357 4527 ad
1378 4463 1565 4528 facultatem

137 4559 301 4626 tenebitur
323 4559 440 4642 iurare,
468 4560 496 4624 si
518 4573 568 4626 est
596 4573 762 4649 promotus
784 4563 818 4626 in
839 4559 904 4626 alia
925 4562 1145 4642 universitate,
1173 4559 1261 4647 quod
1283 4559 1363 4626 velit
1391 4573 1608 4649 procurareto

137 4659 260 4726 bonum
281 4657 445 4724 facultatis
466 4659 648 4728 medicinae
669 4662 869 4748 Lipczeusis,
895 4671 1050 4749 quantum
1071 4661 1105 4723 in
1125 4681 1162 4724 eo
1185 4670 1249 4742 est,
1278 4660 1321 4726 ad
1342 4681 1565 4750 quemcunque

138 4769 262 4826 statum
284 4757 461 4823 devenerit

227 5011 239 5062 l
260 5003 532 5080 Uebergecohrieben
549 5009 751 5068 meamea.

225 5096 241 5146 1
260 5089 314 5146 Die
331 5089 594 5163 cingellammerten
612 5093 710 5148 Worte
735 5095 797 5150 sind
820 5093 1028 5166 nachgetragcn
1045 5109 1099 5147 von
1115 5091 1258 5148 derselben
1275 5091 1365 5154 uma
1382 5091 1428 5146 die
1446 5091 1484 5146 im
1500 5091 1566 5147 Pro

135 5174 460 5233 motiousvcrreichnisse
476 5193 521 5232 am
539 5175 668 5234 Schlusse
685 5177 734 5234 des
750 5179 860 5234 Bendas
877 5179 914 5234 im
930 5176 1017 5232 dabra
1036 5180 1098 5234 1151
1119 5176 1237 5247 dnnog.
