3758 6072
364 483 425 547 356
860 477 912 528 Dis
928 475 1147 542 philosophialis
1163 477 1290 530 roenna

366 660 431 743 Qui
454 659 482 725 si
502 659 698 726 contrarium
718 655 846 740 iecerit,
868 659 902 723 in
924 657 1057 724 dimidio
1078 657 1200 724 floreno
1222 680 1283 746 per
1303 655 1461 723 decanum
1484 657 1649 724 facultatis
1669 660 1777 724 arcimn

366 761 531 848 puniatur.
574 757 641 840 Qui
663 757 690 822 si
711 779 747 822 se
768 759 966 846 opposuerit,
989 757 1032 825 ad
1052 757 1222 824 ulteriores
1242 755 1366 842 gradus
1386 757 1420 822 in
1444 757 1572 824 artibus
1592 781 1659 824 non
1676 758 1777 824 admit·

366 868 463 926 tatum

447 1097 570 1157 Hieran
590 1095 723 1156 scilicaet
744 1093 807 1154 sien
828 1094 876 1154 eia
890 1094 1121 1170 Zasotrurtsltel,
1144 1097 1200 1154 der
1221 1095 1366 1170 ebensalls
1388 1094 1420 1154 in
1436 1095 1493 1154 den
1509 1093 1703 1172 eipentliclen
1717 1093 1774 1154 Sto-

325 1205 341 1260 5
367 1205 449 1258 talen
467 1197 548 1256 siclt
568 1197 789 1272 nactpctrapen
810 1193 866 1254 ist:

383 1351 431 1410 14.
452 1359 499 1408 ns
520 1357 744 1408 succensens
764 1359 811 1406 ns
833 1359 914 1407 snm
936 1357 1190 1408 uurvsssmars
1212 1355 1443 1406 vssmuumus
1464 1357 1532 1404 vsu
1553 1356 1615 1417 our
1635 1357 1672 1405 m
1692 1357 1760 1404 san

568 1457 822 1507 usrvsmmsrs
842 1457 1068 1508 sonrvsausu
1090 1456 1282 1506 nacorosss
1301 1457 1370 1504 vnn
1391 1455 1586 1505 nxsnmom.

448 1558 530 1624 Item
550 1555 656 1622 nullus
679 1555 883 1622 bacoularius
903 1557 1036 1622 veniens
1058 1555 1099 1622 de
1119 1555 1185 1622 alia
1201 1557 1414 1621 universitate
1435 1555 1621 1644 promoveri
1643 1552 1732 1620 debet
1742 1553 1776 1618 ad

365 1657 504 1746 gradum
518 1656 698 1743 magisterii
714 1656 749 1720 in
770 1655 904 1739 artibus,
924 1657 988 1722 nisi
1008 1658 1100 1744 prius
1123 1657 1247 1722 steterit
1266 1657 1301 1720 in
1320 1656 1384 1721 ista
1404 1658 1615 1721 universitate
1634 1654 1775 1720 adruinus

325 1767 425 1847 loper
451 1754 622 1821 dimidium
651 1776 771 1820 annum
798 1765 830 1820 et
850 1755 1024 1821 dummodo
1053 1755 1249 1822 sufficientes
1269 1753 1519 1821 informaciones
1538 1753 1653 1821 fecerit
1672 1755 1711 1819 dc
1731 1777 1775 1818 au·

367 1857 494 1924 dicione
514 1855 672 1924 librorum
690 1856 724 1920 iu
744 1853 810 1920 alia
828 1855 1049 1922 universitate.

447 2143 544 2203 Dona
564 2143 603 2203 iet
625 2143 689 2203 eine
703 2143 783 2204 Seite
804 2146 866 2204 lm
877 2147 1017 2222 pelassus
1030 2145 1094 2204 aad
1106 2143 1353 2221 daraasbeqinat
1366 2143 1516 2204 biennale
1529 2143 1577 2202 die
1591 2151 1669 2203 crau
1682 2143 1776 2202 Hand:

428 2287 490 2379 [Bl.
510 2285 583 2380 40⁸]
606 2289 849 2379 Subscripta
874 2291 959 2379 legi
980 2290 1130 2357 debent
1150 2289 1454 2376 magistrandis
1475 2299 1660 2378 tempore
1682 2289 1744 2355 ad-

719 2391 936 2457 missionis
958 2399 1054 2457 ante
1072 2391 1197 2456 finem
1217 2390 1433 2454 examinis.

326 2533 358 2590 15
558 2529 607 2590 15.
629 2539 738 2590 ramo
758 2541 988 2590 massuram
1007 2539 1055 2588 nn
1077 2539 1289 2590 osnnmsom
1309 2540 1356 2589 nr
1374 2538 1602 2590 aavnumcrs.

940 2659 1001 2722 vgl.
1023 2660 1170 2723 Hauptstat.
1187 2661 1210 2712 6.

448 2771 549 2858 „Ego
561 2770 608 2837 Ν.
622 2772 695 2837 iuro
710 2769 805 2837 vobis
825 2771 949 2838 decano
971 2781 1002 2838 et
1022 2774 1140 2840 vestris
1163 2771 1406 2838 successoribus
1424 2773 1646 2838 reverenciam
1666 2781 1697 2838 et
1716 2772 1776 2838 obe

368 2871 529 2937 dienoiam
553 2871 587 2934 in
608 2869 708 2936 licitis
729 2881 761 2936 et
781 2869 936 2957 honestis,
960 2881 992 2938 et
1021 2893 1153 2938 servare
1174 2881 1296 2939 statuta
1317 2881 1349 2937 et
1368 2871 1541 2937 statuenda
1562 2894 1623 2960 pro
1644 2895 1734 2960 posse
1752 2883 1776 2935 et

322 2993 472 3138 wppsasle,
499 2979 731 3137 l‹ptp‘rocurare
756 2969 876 3038 bouum
900 2971 1075 3038 facultatis.
1118 2970 1174 3039 Sic
1202 2994 1255 3038 me
1281 2970 1360 3036 deus
1385 2970 1518 3038 adiuvet
1546 2981 1579 3038 et
1605 2983 1715 3038 sancta
1733 2971 1775 3036 dei

457 3093 499 3160 ge
524 3093 553 3136 a.

681 3192 728 3255 16.
750 3203 797 3252 ns
819 3197 1022 3256 mamare
1045 3205 1210 3254 rsuram
1231 3203 1458 3256 nomenoius.

923 3308 983 3373 vgr.
1006 3309 1155 3372 mapaaa
1177 3306 1218 3359 se.

446 3405 540 3493 „Ego
560 3405 610 3470 Ν.
624 3405 706 3488 iuro,
726 3405 815 3491 quod
834 3405 921 3470 infra
941 3427 1062 3471 annum
1085 3427 1105 3470 a
1124 3405 1188 3472 fine
1210 3406 1381 3488 examinis,
1404 3410 1432 3472 si
1453 3407 1615 3472 admissus
1637 3407 1773 3490 fuero,iu

364 3507 428 3572 ista
448 3507 659 3572 universitate
679 3505 714 3570 iu
735 3503 859 3570 artibus
885 3507 1030 3592 incipere
1058 3503 1173 3590 velim,
1200 3506 1264 3570 nisi
1292 3507 1466 3572 terminum
1485 3528 1506 3572 a
1533 3505 1685 3572 facultate
1704 3505 1773 3572 obti-

321 3611 463 3672 25uuero
483 3604 681 3692 longiorcm3
703 3604 779 3668 item
803 3603 889 3689 quod
909 3627 973 3670 non
995 3603 1092 3670 velim
1113 3605 1259 3693 incipere
1280 3606 1343 3670 nisi
1355 3608 1457 3694 petito
1470 3606 1585 3672 favore
1597 3629 1618 3672 a
1635 3605 1774 3672 facultate

363 3705 487 3769 arcium
516 3714 548 3769 et
574 3701 721 3786 obtento;
747 3703 826 3768 item
853 3703 939 3791 quod
967 3705 1053 3769 infra
1081 3703 1278 3790 quindenam
1306 3726 1327 3770 a
1353 3705 1417 3770 fine
1444 3707 1606 3771 examinis
1633 3702 1772 3772 velimxl

361 3826 493 3890 grossos
513 3824 616 3869 novos
638 3800 763 3868 solvere
785 3802 931 3868 facilltati
952 3801 1005 3868 vel
1027 3803 1108 3868 duos
1134 3802 1274 3870 florenos
1294 3827 1469 3892 reynenses
1491 3815 1532 3889 et,
1547 3807 1679 3872 interim
1698 3801 1773 3893 quod

362 3903 468 3988 grossi
491 3911 565 3968 sunt
581 3899 731 3967 meliores
746 3901 886 3986 florenis,
907 3925 1039 3990 grossos
1059 3901 1184 3970 solvere
1195 3901 1303 3986 velim,
1324 3903 1388 3968 uisi
1407 3926 1428 3969 a
1447 3904 1600 3970 facultate
1618 3905 1773 3971 obtinuero
1848 3969 1849 3990 ,

363 4023 474 4068 eorum
497 4001 717 4068 dimissionem
730 4001 782 4068 vel
804 4001 996 4070 dilacionem
1015 4003 1057 4068 ad
1077 4003 1249 4069 terminum
1271 4001 1466 4089 longiorem
1488 4005 1565 4070 item
1581 4005 1669 4092 quod
1686 4003 1772 4069 velim
1848 4061 1849 4064 ,

321 4099 490 4166 absolvere
510 4125 610 4168 unum
630 4101 788 4168 florenum
810 4124 871 4189 pro
890 4103 970 4170 tisoo
989 4099 1228 4186 universitatis,
1248 4104 1325 4168 item
1340 4102 1428 4188 quod
1443 4125 1507 4169 non
1523 4103 1620 4170 velim
1643 4104 1773 4190 incipere

361 4200 425 4264 nisi
448 4201 573 4288 signeto
597 4200 708 4267 habito
730 4225 751 4266 a
773 4199 911 4284 decan03
939 4203 1018 4268 item
1043 4201 1131 4290 quod
1156 4225 1222 4268 non
1243 4201 1340 4268 velim
1366 4223 1387 4266 a
1408 4203 1725 4270 recommendatione
1743 4199 1773 4264 li

361 4299 575 4366 centiatorum
594 4322 647 4366 me
670 4300 851 4384 absentare,
874 4303 938 4367 nisi
958 4299 1185 4368 rationabilem
1202 4323 1335 4367 causam
1352 4300 1506 4385 habuero,
1527 4323 1626 4391 quam
1639 4301 1773 4370 facultati

360 4421 542 4487 proponam
559 4409 592 4465 et
610 4401 756 4468 savorem
779 4399 952 4468 absenciae
972 4401 1136 4468 obtineam
1159 4399 1202 4466 ab
1222 4399 1367 4468 eadem.“

441 4554 508 4614 Der
527 4553 630 4632 itbripe
655 4555 739 4615 Tlcil
759 4555 814 4616 der
835 4554 914 4616 Seite
934 4555 974 4616 iet
994 4557 1056 4615 zm
1077 4553 1233 4632 poblieben.

317 4725 351 4783 35
386 4722 432 4785 17.
455 4713 516 4807 [BL
538 4711 611 4806 tol]
633 4733 680 4783 nn
701 4733 904 4785 mmmm
925 4733 1162 4784 samaraeum
1184 4733 1348 4784 rannone
1370 4732 1569 4784 rnrrrrorus
1591 4731 1748 4785 ravam
1848 4773 1849 4788 ,

834 4833 1026 4886 mammam
1047 4835 1069 4884 a
1089 4833 1305 4885 sacomam.

919 4939 980 5003 Vgl.
998 4937 1145 5002 Hauptstat.
1164 4937 1205 4990 bl.

438 5049 521 5116 Item
541 5048 663 5116 iurabit
683 5051 924 5138 magistrandus
944 5063 1089 5140 tempore
1109 5052 1308 5142 ineepcionis
1329 5059 1362 5118 et
1378 5060 1533 5140 tempore,
1555 5073 1619 5142 quo
1635 5052 1769 5119 savorem

359 5147 534 5238 incipiendi
555 5150 589 5215 in
613 5148 737 5216 artibus
759 5175 780 5218 a
799 5151 952 5220 facultate
971 5149 1145 5224 obtinebit:
