3768 6072
720 495 782 530 rom
801 483 883 532 dabre
907 483 974 534 1557.
1105 561 1111 567 .
1498 483 1556 548 169

135 667 223 748 eima,
246 689 267 730 a
289 665 422 731 domino
433 663 565 732 Valerio
579 662 707 747 Pfister,
727 663 845 729 artium
867 672 900 729 et
918 665 999 729 iuris
1020 665 1187 752 utriusque
1210 663 1351 749 doctore,
1372 673 1448 730 nato
1469 661 1555 728 Scle-

135 769 194 830 sits
217 762 283 853 [1¹³]
307 764 451 830 civitatis
471 763 687 849 Lignicensis,
711 761 774 828 boc
800 773 946 851 tempore
966 765 1092 830 seniore
1113 765 1252 830 nationis
1274 764 1452 852 polonicae,
1483 784 1555 828 con·

135 868 238 930 vocati
268 873 343 930 sunt
370 886 481 929 omnes
509 872 541 928 et
569 861 686 950 singuli
712 864 861 950 magistri
891 872 923 928 et
951 862 1099 928 doctores
1128 865 1270 930 nationis
1300 873 1332 928 et
1360 867 1394 927 in
1422 861 1557 928 aedibus

135 965 268 1050 praefati
292 963 436 1028 doctoris
458 963 595 1028 senioris
617 971 851 1044 convenerunt,
881 971 977 1047 atquc
995 962 1116 1028 ibidem
1137 963 1246 1029 divino
1268 962 1443 1051 implorato
1464 961 1556 1027 auxi·

135 1063 177 1128 lio
198 1060 437 1144 consultarent,
465 1061 706 1150 quibusmodis
728 1063 842 1127 etviis
867 1061 964 1126 fiscus
985 1064 1135 1144 nationis,
1162 1085 1221 1150 per
1242 1063 1366 1151 aliquot
1389 1085 1474 1127 nunc
1500 1083 1554 1124 an·
1581 1067 1598 1124 5

136 1185 192 1227 nos
215 1172 365 1228 cessante
387 1161 534 1247 diligenti
557 1161 794 1228 contributione
820 1173 852 1226 et
880 1163 1004 1227 seniore
1030 1159 1166 1228 subinde
1186 1173 1318 1246 mutato,
1346 1161 1432 1249 quod
1460 1181 1557 1246 saepe

138 1285 175 1326 ex
197 1285 282 1326 nova
308 1262 511 1348 promotione
536 1261 628 1327 iuxta
653 1260 842 1327 facultatum
864 1260 1009 1326 ordinem
1035 1262 1183 1328 accidere
1210 1263 1339 1327 solitum
1362 1271 1424 1345 est,
1450 1257 1557 1346 negle-

134 1371 202 1425 ctus
225 1371 258 1426 et
279 1361 346 1426 iam
367 1361 436 1427 fere
456 1359 643 1444 exhamtus,
669 1361 757 1426 vires
779 1382 972 1447 recuperare
999 1371 1031 1426 et
1058 1361 1215 1449 paulatim
1236 1383 1421 1426 accrescere
1443 1359 1558 1446 possit,

138 1483 177 1524 ne
198 1469 230 1525 et
252 1461 344 1526 natio
366 1483 446 1547 prae
469 1461 583 1526 ceteris
611 1460 653 1526 ob
675 1461 817 1547 inopiam
847 1469 1077 1544 contempnatur,
1106 1484 1166 1526 nec
1185 1484 1344 1549 pauperes
1366 1461 1407 1526 de
1428 1459 1558 1525 natione

135 1582 191 1646 spe
223 1581 263 1624 ac
291 1559 436 1625 subsidio
465 1561 667 1626 necessitatis
698 1558 928 1625 destituantur:
970 1559 1122 1646 proinde,
1152 1561 1239 1648 quod
1258 1561 1389 1643 bonum,
1416 1559 1555 1625 faustum
1567 1563 1599 1620 10

135 1659 296 1744 foelixque
319 1660 371 1742 sit,
394 1659 481 1744 leges
505 1655 569 1747 [2⁸]
588 1660 622 1724 in
644 1667 809 1746 posterum
832 1681 959 1746 semper
980 1656 1152 1726 duraturas
1173 1662 1266 1727 iuxta
1288 1662 1397 1747 capita
1419 1678 1552 1744 sequen·

135 1762 179 1825 tia
200 1757 355 1824 concordi
376 1759 531 1844 suffragio
552 1760 642 1823 natio
662 1758 789 1823 statuit:

215 1859 328 1924 Primo
359 1860 467 1923 senior
489 1857 542 1946 qui
575 1879 661 1922 nunc
691 1867 792 1922 estet
814 1879 925 1923 omnes
947 1859 1000 1946 qui
1022 1859 1175 1946 deinceps
1197 1869 1290 1924 erunt
1312 1861 1455 1925 seniores
1476 1877 1557 1921 sem·

136 1981 190 2046 per
207 1961 241 2024 in
260 1957 372 2034 offitio,
392 1957 469 2022 dum
489 1957 542 2022 hic
561 1965 672 2044 agunt,
694 1979 884 2043 permanere
904 1957 1031 2041 debent,
1052 1961 1180 2024 etiamsi
1201 1961 1273 2048 quis
1296 1959 1378 2025 alius
1400 1953 1557 2024 excellen-

135 2059 223 2124 tioris
243 2055 409 2122 facultatis
431 2056 543 2122 doctor
564 2066 802 2144 promoveatur.
840 2057 891 2124 Eo
919 2066 1026 2122 autem
1054 2057 1129 2122 hinc
1151 2059 1304 2126 aliorsum
1330 2081 1365 2124 se
1386 2052 1557 2124 habitandi
1566 2058 1598 2116 15

135 2161 237 2222 animo
269 2157 454 2222 conferente
477 2155 530 2220 vel
561 2157 686 2221 evivis
716 2153 768 2220 dei
789 2156 954 2222 voluntate
986 2156 1176 2241 excedente,
1208 2167 1284 2222 ωηο
1316 2157 1444 2222 demum
1473 2155 1558 2219 hanc

136 2257 325 2344 dignitatem
347 2257 483 2320 senioris
504 2257 641 2342 recipiat
660 2253 843 2341 theologiae
864 2256 977 2321 doctor
1000 2255 1071 2322 loco
1093 2259 1226 2343 primus,
1256 2259 1283 2322 si
1305 2256 1416 2340 adest;
1446 2258 1473 2320 si
1493 2275 1558 2318 non

137 2357 237 2440 adest,
265 2367 343 2420 ωηο
370 2356 488 2420 iurium
518 2353 632 2420 doctor
655 2355 796 2440 primus3
825 2356 853 2419 si
874 2376 934 2420 nec
954 2357 982 2420 is
1005 2354 1105 2438 adsit,
1133 2366 1210 2421 tunc
1237 2355 1417 2422 medicinae
1444 2354 1556 2420 doctor

136 2459 274 2544 primus:
308 2455 336 2519 si
357 2475 435 2518 vero
459 2455 489 2518 is
511 2475 639 2541 quoque
665 2451 771 2517 nullus
801 2455 858 2537 sit,
887 2465 963 2520 ωηο
990 2454 1120 2520 tandem
1149 2457 1266 2520 artium
1289 2455 1404 2521 doctor
1431 2454 1556 2542 primus

135 2554 217 2637 loco,
246 2555 295 2618 ita
326 2561 435 2617 tamen
463 2562 499 2618 ut
527 2552 571 2617 ad
591 2548 655 2639 [2¹³]
677 2552 840 2617 nationem
869 2555 1060 2639 pertineant.
1104 2555 1148 2620 Et
1175 2557 1230 2641 qui
1260 2557 1308 2622 sic
1333 2555 1469 2620 offitium
1495 2554 1598 2620 hooao

138 2654 232 2720 semel
261 2663 477 2739 consequutus
504 2651 618 2734 firerit,
645 2651 784 2717 fideliter
806 2673 843 2718 eo
862 2650 915 2716 vel
942 2653 1103 2719 adfinem
1124 2655 1211 2721 vitae
1231 2655 1282 2721 vel
1305 2677 1406 2742 usque
1428 2653 1470 2720 ad
1491 2652 1555 2718 dis·

137 2777 259 2820 cessum
291 2774 384 2818 suum
413 2750 634 2838 perfimgatur,
666 2749 754 2816 nulla
782 2751 959 2816 mutatione
985 2753 1256 2841 interrumpente,
1287 2765 1322 2819 ut
1353 2763 1429 2820 ante
1459 2755 1556 2819 etiam

137 2855 245 2942 patuit.

214 2949 365 3019 Secundo
387 2948 484 3015 debet
513 2950 620 3015 senior
640 2947 776 3036 singulis
802 2951 895 3016 annis
924 2973 1034 3016 mense
1060 2951 1140 3017 Maii
1168 2952 1221 3018 die
1241 2953 1329 3019 lovis
1357 2955 1556 3020 ascensionis

137 3053 254 3120 domini
274 3073 386 3118 omnes
407 3050 583 3135 magistros
605 3058 637 3114 ct
657 3048 804 3116 doctores
825 3051 966 3114 nationis
988 3051 1048 3116 sub
1077 3062 1188 3117 tenore
1216 3077 1276 3140 per
1302 3053 1457 3118 famulum
1486 3055 1598 3118 uni-25

136 3153 297 3218 versitatis
320 3169 511 3230 convocare,
536 3158 571 3214 ut
595 3150 629 3214 in
650 3149 827 3237 vaporario
849 3149 965 3213 maiori
986 3148 1115 3236 collegii
1136 3150 1251 3217 beatae
1272 3153 1410 3238 virginis
1431 3152 1557 3217 Mariae

138 3255 221 3320 circa
238 3252 355 3317 horam
377 3247 601 3314 duodecimam
621 3249 674 3313 vcl
703 3249 840 3334 primam
865 3248 1009 3313 eiusdem
1038 3249 1103 3314 diei
1133 3253 1328 3318 conveniant
1356 3253 1399 3317 ad
1425 3250 1555 3316 audien·

137 3353 208 3418 dum
237 3359 423 3437 computum
449 3349 586 3413 nationis
614 3357 648 3412 et
675 3345 718 3411 ad
747 3347 966 3434 reponendam
994 3349 1164 3435 pecuniam
1192 3349 1358 3416 collectam
1385 3353 1418 3415 in
1443 3350 1556 3415 fiscum

138 3463 229 3538 atque
249 3449 293 3516 ad
315 3447 560 3514 consultandum
584 3469 682 3533 super
703 3445 776 3512 aliis
797 3445 894 3512 rebus
917 3448 1119 3513 commodum
1142 3451 1282 3514 nationis
1298 3447 1329 3536 [3
1337 3447 1362 3536 ¹]
1384 3451 1556 3536 spectanti-

138 3550 204 3634 bus,
226 3549 286 3616 sub
309 3569 414 3636 poena
435 3569 500 3612 non
524 3545 767 3612 contradicendi
788 3547 841 3612 vel
864 3546 1011 3612 alterius¹
1034 3549 1127 3613 iuxta
1148 3549 1329 3634 exigentia²
1349 3550 1405 3614 rei.
1561 3557 1597 3614 30

215 3650 339 3730 Tertio,
365 3657 562 3732 congregata
591 3647 638 3711 sic
659 3646 790 3712 natione
811 3647 953 3712 iuniores
975 3646 1038 3712 duo
1058 3647 1207 3733 magistri
1232 3647 1370 3714 reddant
1398 3649 1556 3713 rationem

138 3749 274 3815 omnium
296 3749 394 3813 totius
414 3746 490 3811 anni
513 3755 719 3833 acceptorum
740 3757 772 3811 et
793 3749 1014 3835 expositorum
1040 3747 1239 3835 offerantque
1267 3750 1399 3836 scripto,
1425 3747 1503 3834 quid
1524 3756 1557 3812 et

138 3859 289 3936 quantum
309 3847 403 3910 iuxta
424 3843 575 3910 conclusa
596 3845 763 3932 sequeutia
786 3846 924 3912 solutum
946 3847 1053 3912 fuerit.

214 3947 347 4013 Debent
376 3954 483 4011 autem
511 3943 559 4008 illi
588 3943 714 4009 adhoc
744 3943 888 4032 deputati
919 3947 1069 4033 magistri
1092 3945 1187 4012 simul
1211 3943 1306 4012 ambo
1336 3970 1461 4012 summa
1490 3969 1555 4032 qua

139 4056 274 4137 possunt
300 4045 468 4132 diligentia
496 4050 530 4108 et
554 4042 619 4109 lide
647 4045 778 4130 exigere
803 4055 835 4110 et
861 4044 1015 4131 colligere
1041 4054 1169 4130 quottas
1198 4047 1388 4112 constitutas
1416 4056 1448 4112 et
1473 4046 1597 4112 nihilne

139 4150 286 4235 cuiquam
318 4147 492 4211 remittere.
535 4141 572 4208 Si
592 4165 670 4209 vero
693 4165 773 4231 quos
793 4145 974 4230 repererint
995 4145 1142 4210 conferre
1163 4145 1307 4210 uolentes
1329 4155 1361 4210 et
1382 4147 1451 4210 sine
1472 4147 1559 4211 iusta

24 4236 28 4244 „
138 4270 236 4313 causa
256 4255 453 4326 recusantes,
480 4243 605 4309 nationi
625 4242 785 4326 indicent,
809 4253 845 4308 ut
866 4253 979 4308 contra
1000 4266 1066 4326 eos,
1088 4245 1205 4308 rectori
1227 4241 1362 4327 delatos,
1390 4247 1461 4310 iura
1483 4267 1556 4332 pro-

141 4347 274 4413 cedatur
303 4344 364 4428 vel,
397 4345 424 4408 si
452 4341 550 4408 firerit
577 4339 641 4431 [3⁶]
670 4344 794 4408 nationi
821 4344 868 4408 ita
897 4343 1016 4424 visum,
1049 4366 1069 4409 a
1097 4343 1228 4409 natione
1257 4342 1474 4410 secludantur.
1515 4343 1559 4409 Et

139 4447 232 4512 talem
246 4445 301 4511 isti
315 4443 502 4511 collectores
514 4441 578 4510 duo
590 4444 738 4530 magistri
753 4465 845 4508 suum
859 4442 1056 4529 praestando
1068 4442 1203 4508 offitium
1212 4443 1387 4510 observant
1401 4443 1556 4524 ordinem,

142 4557 174 4613 ut
190 4567 319 4633 semper
339 4545 482 4609 anterior
496 4543 627 4608 nomina
640 4541 831 4607 solventium
844 4552 876 4606 et
896 4540 1072 4608 solutorum
1084 4545 1261 4630 consignet,
1286 4545 1447 4630 posterior
1468 4541 1598 4629 apudto

141 4669 173 4710 se
193 4667 296 4734 usque
317 4643 360 4710 ad
381 4655 510 4730 tempus
530 4642 667 4707 rationis
688 4651 834 4707 reservet
853 4639 967 4716 soluta,
988 4651 1020 4706 et
1041 4651 1107 4706 mm
1130 4642 1267 4708 offerant
1287 4645 1424 4731 quisque
1445 4664 1504 4706 sua
1524 4653 1556 4706 et

140 4746 330 4830 consignata
353 4754 384 4810 et
410 4749 587 4825 reservata,
617 4763 699 4830 quae
720 4750 753 4806 et
774 4742 808 4806 in
829 4763 948 4807 novum
970 4739 1137 4806 emendum
1158 4743 1298 4808 nationis
1320 4740 1438 4807 librum
1458 4763 1555 4806 mem-

139 4844 350 4910 branaceum³
370 4863 469 4909 manu
490 4843 640 4928 magistri
662 4841 898 4927 consignatoris
920 4839 1114 4906 scribantur.
1156 4840 1303 4908 Tandem
1328 4841 1410 4907 haec
1440 4839 1555 4906 solutio

139 4953 314 5028 numerata,
334 4942 488 5010 adiuncta
508 4962 652 5007 summae
672 4941 707 5005 in
727 4937 807 5006 fisco
828 4939 970 5028 quolibet
991 4963 1075 5007 anno
1096 4953 1246 5028 repertae
1270 4943 1304 5007 in
1328 4939 1448 5006 librum
1463 4961 1556 5028 prae·

214 5165 237 5216 1.
256 5163 273 5214 2
291 5157 328 5216 So
345 5157 420 5215 steht
435 5157 623 5228 geschrieben.
654 5161 670 5214 3
688 5157 767 5214 libau
785 5173 867 5214 anser
884 5157 972 5214 Buch.
