3758 6072
337 450 398 515 392
832 450 881 501 Dia
899 449 1120 515 pbilosopbiaolre
1138 451 1266 502 Faculttt.

335 632 455 697 seniori
484 631 524 697 de
552 632 686 699 oonsilio
715 631 881 700 facultatis
910 655 973 720 quo
1000 633 1043 700 ad
1071 635 1267 724 exercicium
1298 633 1418 699 veteris
1451 635 1532 700 artis
1560 645 1592 700 et
1626 657 1691 724 quo
1721 633 1761 700 ad

335 753 428 796 suam
457 731 642 816 lectionem,
671 733 700 797 si
728 755 826 820 quam
856 733 971 818 habet3
1006 743 1039 801 et
1066 735 1229 800 exercicia
1257 733 1415 816 serotina,
1443 743 1524 821 puta
1551 733 1760 822 phisicornm,

336 831 515 898 ethicorum
538 842 571 898 et
588 832 832 919 metaphisieae,
853 836 1080 900 continuentur
1100 833 1144 900 ad
1165 832 1299 899 alteram
1327 831 1497 900 dimidiam
1522 833 1649 918 boram,
1674 835 1760 900 vide

337 929 414 998 licet
434 954 536 1021 usque
557 931 600 998 ad
620 933 761 1000 medium
784 945 918 1023 quartae
938 945 971 1002 et
990 936 1122 1023 quintae
1142 933 1303 1000 horarum.

293 1125 310 1180 ⁵
845 1125 890 1186 12.
912 1137 948 1186 nr
970 1135 1251 1186 amoenamus.

420 1267 502 1332 Item
524 1266 663 1354 placuit,
692 1277 728 1332 ut
754 1268 861 1334 nullus
888 1269 1117 1354 magistrorum
1144 1269 1180 1332 in
1200 1265 1313 1332 diebus
1338 1265 1578 1333 canicularibus
1601 1269 1763 1334 continuet

337 1388 428 1430 suam
450 1366 623 1432 lectionem
646 1367 704 1432 sed
732 1391 804 1433 eam
825 1390 926 1453 usque
948 1367 990 1434 ad
1011 1367 1107 1432 finem
1127 1366 1313 1446 huiusmodi
1334 1365 1458 1431 dierum
1486 1365 1680 1454 suspendat,
1710 1390 1762 1432 ex·

338 1467 440 1552 ceptis
472 1464 665 1532 lectionibus
695 1466 908 1554 phisicorum,
938 1467 1220 1554 methaphysioae,
1251 1465 1457 1552 ethyoorum,
1487 1465 1707 1553 polliticorum
1733 1477 1763 1533 et

337 1564 493 1649 Euclidis,
515 1590 598 1654 quae
620 1577 755 1654 possunt
777 1567 819 1634 ad
841 1567 1036 1656 quindenam
1058 1575 1090 1631 et
1109 1589 1174 1632 non
1191 1565 1276 1631 ultra
1296 1568 1329 1630 in
1351 1565 1528 1652 praedictis
1550 1565 1668 1632 diebus
1691 1589 1760 1632 con-

298 1666 468 1748 10tinuari,
491 1666 709 1753 computando
729 1675 838 1732 tamen
860 1677 986 1756 tempus
1006 1667 1135 1733 illarum
1155 1665 1327 1732 lectionum
1348 1664 1391 1730 ad
1411 1674 1540 1754 tempus
1559 1675 1591 1730 et
1610 1668 1761 1732 terminos

337 1763 528 1850 earundem3
561 1767 724 1832 exercicia
752 1777 858 1834 autem
888 1769 958 1832 sine
989 1767 1201 1854 suspensione
1228 1787 1287 1852 per
1314 1763 1388 1830 illos
1416 1763 1487 1830 dies
1515 1765 1636 1831 debent
1666 1767 1761 1832 conti·

336 1885 441 1929 nusrr.

420 1963 500 2030 Item
535 1965 670 2054 quilibet
701 1966 933 2050 magistrorum
961 1967 1122 2052 recipiens
1153 1964 1352 2030 ordinarium
1381 1962 1544 2030 tenebitur
1571 1967 1680 2052 ipsum
1708 1989 1762 2054 per

339 2085 374 2129 se
396 2068 584 2130 continuare
611 2063 663 2128 vel
692 2065 839 2130 facultati
866 2076 940 2130 ante
970 2065 1085 2130 festum
1115 2061 1203 2129 Galli
1228 2062 1282 2127 vel
1313 2061 1449 2151 Georgii
1479 2065 1658 2151 resignare,
1688 2067 1762 2130 etsi

300 2173 332 2228 15
345 2163 452 2252 aliquo
467 2187 546 2231 casu
555 2161 618 2252 [gs]
628 2164 743 2250 aliquis
757 2166 987 2252 magistrorum
1002 2173 1077 2251 post
1090 2165 1304 2250 inceptionem
1319 2186 1477 2230 novarum
1492 2163 1667 2230 lectionum
1682 2167 1761 2231 simi·

337 2261 410 2328 liter
436 2263 545 2351 legere
574 2265 732 2351 inciperet
758 2264 959 2330 ordinarium
985 2274 1017 2329 et
1044 2285 1108 2328 non
1136 2263 1339 2328 continuaret
1366 2287 1469 2352 usque
1496 2263 1539 2329 ad
1568 2263 1676 2347 tinem,
1702 2289 1760 2332 non

339 2372 445 2450 potest
474 2363 567 2429 alteri
595 2367 764 2450 resignare
794 2363 837 2430 ad
864 2362 1131 2445 continuandum,
1161 2361 1219 2430 sed
1248 2372 1313 2427 stat
1340 2365 1375 2427 in
1403 2363 1577 2429 dictamine
1604 2365 1760 2430 facultatis

342 2462 505 2528 residuum
530 2463 807 2529 continuandum.¹
847 2461 892 2529 Et
913 2463 1046 2552 quilibet
1073 2461 1235 2549 recipiens
1256 2463 1458 2528 ordinarium
1476 2462 1639 2529 tenebitur
1660 2465 1760 2553 ipsum

342 2585 415 2628 cum
436 2563 543 2629 tribus
564 2561 770 2628 audientibus
791 2562 834 2628 ad
852 2564 959 2629 minus
981 2564 1177 2629 continuare.

296 2757 330 2812 to
782 2752 830 2816 13.
852 2765 899 2812 ns
920 2763 1316 2814 rrornuornrroumus.

424 2896 504 2960 Item
526 2895 598 2960 lieri
618 2917 682 2961 non
703 2895 821 2962 debent
840 2899 1078 2984 resumptiones
1099 2919 1160 2978 neo
1180 2897 1483 2983 pronunociationes
1504 2896 1656 2984 publicae
1677 2898 1758 2966 boris

339 3019 400 3084 pro
420 2993 609 3060 lectionibus
630 3005 686 3060 aut
709 2998 879 3062 exerciciis
903 2996 1076 3084 deputatis,
1098 3019 1159 3062 neo
1182 2995 1241 3062 sub
1264 2996 1483 3084 disputatione
1504 3000 1655 3064 smotina

420 3095 501 3160 Item
523 3093 677 3183 deinceps
697 3098 853 3162 materiae
876 3098 1061 3162 autenticae
1083 3099 1313 3184 magistrorum
1336 3095 1592 3184 approbatorum
1616 3107 1649 3162 et
1667 3098 1758 3163 farno

342 3217 450 3260 sorum
476 3197 706 3281 pronuneoiari
727 3197 856 3280 debent,
885 3219 969 3283 quae
996 3197 1086 3282 prius
1113 3219 1173 3284 per
1193 3196 1351 3262 decanum
1372 3205 1405 3262 et
1426 3198 1571 3262 seniores
1592 3197 1759 3279 facultatis,

300 3303 514 3380 25antequam
536 3294 668 3381 publice
690 3299 951 3384 pronunciantur,
974 3297 1118 3383 conspici
1139 3295 1266 3362 debent

834 3485 882 3547 14.
912 3497 959 3544 ns
981 3497 1072 3545 noro
1094 3496 1278 3546 massora

423 3629 505 3694 Item
527 3626 662 3715 quilibet
683 3631 921 3715 magistrorum,
938 3630 1050 3696 volens
1072 3653 1143 3696 esse
1165 3639 1239 3695 actu
1257 3651 1383 3716 regens,
1406 3629 1503 3696 debet
1521 3630 1667 3718 incipere
1683 3630 1759 3696 ordi·

341 3730 469 3796 narium
492 3749 584 3791 suum
607 3727 788 3814 hyemalem
810 3741 885 3795 ante
905 3732 1023 3796 festum
1046 3732 1189 3796 omnium
1212 3739 1412 3812 sanctorum,
1446 3739 1502 3794 aut
1524 3731 1629 3794 sancti
1651 3729 1759 3797 Iohan-

342 3831 393 3893 nis
415 3837 490 3892 ante
512 3836 641 3912 portam
661 3827 796 3892 latinam
818 3831 860 3910 (6.
873 3831 954 3912 lior)
977 3829 1096 3916 quoad
1118 3831 1328 3895 mutationem
1341 3827 1540 3911 aestivalem,
1564 3831 1591 3894 si
1612 3853 1759 3918 praesens

302 3929 458 4010 30fuerit3
483 3927 509 3990 si
533 3935 640 3990 autem
661 3927 777 3993 absens
800 3928 906 4012 fuerit,
926 3939 1002 3994 tunc
1025 3931 1103 3994 erit²
1124 3928 1186 3994 sibi
1203 3939 1330 4016 tempus
1345 3928 1522 4016 incipiendi
1538 3939 1569 3994 et
1586 3927 1757 4017 recipiendi

345 4035 418 4092 ante
433 4026 550 4090 festum
565 4027 746 4092 nativitatis
757 4025 879 4095 Christi
900 4031 933 4094 in
953 4029 1080 4116 hyeme,
1103 4041 1134 4094 et
1156 4039 1230 4094 ante
1251 4029 1368 4094 festum
1391 4029 1495 4093 sancti
1509 4027 1665 4094 Iohannis
1686 4028 1756 4116 bap·

341 4128 439 4192 tistae
461 4128 493 4190 in
516 4136 646 4191 aestate.
688 4127 733 4192 Et
753 4127 913 4194 tenebitur
944 4129 1078 4214 quilibet
1103 4127 1302 4194 ordinarium
1324 4152 1418 4194 suum
1445 4129 1554 4215 legere
1582 4128 1757 4216 publioein

343 4225 448 4308 scolis,
466 4227 530 4289 nisi
547 4225 670 4293 decano
683 4229 870 4312 constiterit,
893 4228 979 4317 quod
1001 4228 1169 4294 lectorium
1192 4227 1313 4294 babere
1333 4251 1396 4293 non
1419 4230 1553 4317 poterit3
1575 4229 1638 4295 isto
1660 4239 1757 4294 tamen

344 4347 481 4408 annexa,
511 4326 597 4410 quod
626 4328 775 4412 magistri
802 4350 867 4392 non
898 4329 963 4393 sint
988 4329 1129 4394 asstricti
1155 4337 1299 4416 tempore
1319 4329 1452 4392 aestatis
1480 4327 1523 4393 ad
1547 4327 1757 4416 recipiendum

301 4425 496 4494 351ectiones
525 4447 585 4510 pro
615 4425 733 4510 gradu,
761 4429 843 4515 ipsis
871 4427 915 4494 ad
942 4428 1072 4514 plenum
1100 4450 1164 4492 non
1194 4427 1391 4511 distributis,
1420 4429 1503 4494 sicut
1524 4429 1557 4492 in
1585 4429 1699 4516 hyeme
1717 4425 1757 4508 fit,

343 4523 517 4591 dummodo
547 4523 659 4589 saltem
691 4526 791 4613 aliqui
820 4529 968 4613 magistri
998 4527 1133 4610 fuerInt,
1164 4529 1219 4615 qui
1250 4527 1404 4594 lectiones
1432 4551 1493 4614 pro
1521 4527 1628 4614 gradu
1659 4527 1756 4613 legera

341 4625 510 4693 voluerint

422 4882 432 4931 l
455 4873 642 4936 Gesohrieben
659 4872 732 4930 steht
748 4877 942 4930 coadunando.

422 4966 437 5017 2
457 4961 493 5018 So
506 4963 543 5016 ist
559 4958 754 5032 geschrieben3
771 4977 836 5016 man
855 4960 962 5016 scheint
980 4960 1069 5020 selber
1084 4960 1130 5018 die
1143 4960 1229 5017 tiltere
1240 4960 1415 5032 Abkiirzung
1433 4957 1479 5014 sn
1495 4961 1584 5018 mit
1600 4959 1676 5020 nieht
1686 4955 1753 5014 meh

345 5045 465 5104 erkannt
481 5063 516 5101 an
534 5046 633 5102 haben.
660 5043 723 5118 Vgl.
742 5043 812 5100 oben
832 5044 858 5100 S.
878 5051 935 5114 313,
953 5049 993 5100 33.
