3762 6074
521 517 616 570 aanor
634 513 896 580 Statutenredaction,
915 535 977 570 vom
995 513 1078 571 Jahre
1098 517 1170 572 tout.
1505 523 1564 588 499

138 699 274 766 illustris
296 702 456 788 principis
479 702 571 766 ducis
590 699 725 788 Georgii
751 701 955 768 reformatio¹
981 701 1166 767 huiusmodi
1189 703 1384 769 ordinationi
1406 705 1568 790 praestitit

138 802 352 865 occasionem.
373 800 442 866 Nec
463 804 612 889 poenitus
633 825 720 867 nova
740 802 879 867 facultas
901 802 974 888 ipsa
996 802 1084 866 cudit
1104 811 1233 885 statuta,
1257 803 1315 866 sod
1328 815 1440 867 vetera
1460 805 1568 889 potius

136 905 236 984 (quae
258 898 364 964 solent
383 899 573 987 plerumque
587 900 693 965 videri
710 911 811 978 nova)
833 902 951 988 partim
974 910 1185 984 renovantur3
1209 915 1240 966 et
1262 911 1296 966 ut
1319 901 1465 966 debitae²
1487 901 1566 966 talia

136 1000 263 1084 possint
292 1001 475 1064 executioni
502 999 708 1084 demandari,
740 1023 799 1086 per
828 1009 918 1064 certa
944 1022 1030 1064 nova
1059 1009 1181 1064 statuta
1207 1023 1271 1065 non
1301 1001 1569 1066 irrationabiliter

136 1102 188 1174 (ut
218 1099 360 1184 optimus
392 1099 465 1162 finis
496 1099 572 1164 inde
604 1109 771 1186 sequatur)
803 1097 1003 1186 providetur,
1036 1100 1123 1186 quod
1157 1102 1306 1185 magistri
1338 1110 1371 1164 et
1403 1099 1567 1164 scholares
1594 1109 1611 1164 b

136 1199 242 1262 nostri
264 1199 429 1283 gymnasii
450 1200 484 1262 in
504 1198 660 1264 doctrinis
688 1208 721 1264 ct
747 1198 929 1285 disciplinis
951 1198 1152 1264 scholasticis
1176 1198 1334 1286 bonisque
1356 1201 1482 1264 artibus
1504 1223 1567 1264 rue·

135 1295 197 1360 lius
220 1318 319 1382 quam
346 1299 439 1384 prius
466 1299 651 1386 proficiant,
686 1300 821 1386 quisque
850 1299 948 1362 etiam
969 1301 1200 1383 magistrorum
1222 1301 1315 1362 iuxta
1344 1321 1419 1362 suos
1441 1298 1569 1364 labores

138 1395 274 1482 dignam
295 1397 434 1482 recipiat
456 1398 648 1479 mercedem,
678 1396 862 1462 scholastici
888 1406 962 1484 post
983 1407 1152 1483 peractum
1175 1397 1318 1463 studium
1341 1408 1373 1462 et
1395 1400 1569 1484 promotio-

134 1518 192 1559 nes
221 1497 262 1559 in‘
283 1495 409 1561 artibus
437 1519 508 1561 cum
530 1496 663 1577 honore,
692 1507 844 1581 tanquam
871 1494 1062 1560 benemeriti
1090 1507 1121 1560 ct
1149 1496 1298 1580 litterati,
1327 1499 1468 1584 patriam
1496 1520 1570 1584 pro-

134 1597 244 1680 priam
270 1605 419 1680 repetere
441 1595 580 1660 valeant.
624 1593 766 1682 Quippe,
793 1605 829 1659 ut
859 1595 1039 1682 aequalitas
1071 1597 1103 1659 in
1132 1598 1288 1682 praefatis
1316 1599 1445 1661 statutis
1474 1596 1570 1661 editis
1582 1607 1614 1660 10

135 1693 177 1758 ab
207 1716 401 1782 unoquoque
434 1704 546 1782 aperte
576 1705 736 1776 cernatur,
769 1695 920 1779 magistri
953 1694 994 1759 de
1026 1694 1160 1760 consilio
1193 1695 1355 1760 facultatis
1385 1699 1502 1761 artium
1537 1719 1571 1760 se

134 1794 238 1880 ipsos,
267 1792 538 1880 quemadmodum
561 1805 593 1858 et
616 1804 751 1876 ceteros,
781 1795 910 1858 statutis
938 1795 1003 1858 suis
1033 1795 1188 1880 asstringi
1215 1795 1442 1878 decreverunt,
1470 1819 1570 1861 onera

136 1893 199 1957 sibi
227 1895 309 1980 ipsis
331 1895 456 1958 maiora
478 1915 576 1980 quam
598 1896 690 1980 prius
712 1915 854 1978 unquam
874 1893 1086 1978 imponentes.
1131 1893 1274 1959 Praefati
1297 1897 1395 1960 etiam
1418 1897 1566 1980 magistri

136 2014 196 2056 sua
224 2001 345 2056 statuta
365 2005 442 2057 tunc
464 1991 506 2057 ab
528 1993 676 2057 omnibus
701 1991 773 2056 aliis
803 1991 942 2056 subditis
972 1992 1185 2058 custodienda
1213 2005 1244 2058 et
1273 1995 1434 2059 servanda
1461 1997 1572 2058 existi-

135 2100 241 2173 mant,
270 2092 401 2179 quando
425 2093 542 2176 stipsi
564 2091 637 2156 aliis
659 2091 827 2177 magistris
848 2100 880 2154 et
901 2091 967 2154 suis
991 2093 1170 2178 suppositis
1192 2093 1312 2158 boumn
1333 2094 1518 2180 exemplum
1541 2104 1572 2157 et
1584 2104 1615 2159 15

136 2199 261 2255 rectam
283 2191 373 2256 viam
400 2189 559 2277 praebere
587 2192 748 2274 dicuntur,
776 2211 836 2254 nec
864 2191 897 2254 in
924 2213 958 2254 se
986 2189 1141 2255 damnare
1171 2192 1272 2257 velint
1300 2192 1398 2278 leges,
1428 2217 1509 2279 quas
1538 2195 1573 2259 in

137 2289 220 2354 alias
243 2289 306 2355 sibi
329 2289 490 2354 subiectas
510 2311 666 2376 personas
691 2291 894 2354 constituere.

165 2462 193 2523 2.
216 2471 362 2533 QUANDO
383 2471 544 2523 Decauus
564 2474 681 2521 DEBE'I'
705 2471 913 2520 convocant-2
936 2471 1132 2521 ustulasses
1154 2475 1199 2522 ΕΤ
1221 2475 1359 2523 LEGERE
1383 2475 1543 2523 aratura

540 2573 656 2621 OMNES
677 2570 875 2620 Muelsunos
898 2571 1177 2621 contenanum.

221 2687 377 2753 Decauus
403 2690 437 2752 in
463 2689 545 2754 festo
574 2690 679 2753 sancti
700 2685 834 2774 Aegidii
854 2685 1017 2751 tenebitur
1039 2709 1219 2753 convocare
1241 2711 1351 2754 ornnes
1374 2699 1406 2754 et
1428 2689 1615 2774 singulos20

136 2791 314 2874 magistros
344 2787 384 2852 de
410 2787 564 2853 facultate
589 2791 707 2852 artium
736 2787 780 2852 ad
810 2785 993 2873 eligendum
1022 2786 1159 2852 lectores
1191 2787 1356 2853 ordinarie
1384 2791 1419 2854 in
1449 2787 1574 2854 artibus

136 2887 283 2974 legentes
311 2889 403 2952 iuxta
433 2889 645 2952 novissimam
667 2885 801 2951 illustris
828 2887 931 2950 nostri
958 2887 1117 2973 principis
1146 2886 1237 2952 ducis
1260 2887 1396 2974 Georgii
1419 2889 1574 2954 reforma·

136 2991 270 3068 tionem,
293 3009 350 3052 seu
369 2988 478 3051 verius
501 2985 746 3051 ordinationem.
776 2985 815 3050 In
837 2984 951 3048 eadem
974 2987 1069 3050 etiam
1092 2987 1324 3051 convocatione
1345 2987 1443 3053 debet
1464 2987 1574 3072 legere

138 3093 277 3169 statuta,
310 3109 420 3151 omnes
453 3087 627 3171 magistros
662 3107 760 3171 super
790 3083 886 3148 modo
916 3083 1061 3170 legendi,
1095 3086 1286 3169 exercendi,
1324 3086 1454 3173 publice
1486 3111 1574 3152 resu-

140 3184 265 3269 mendi,
286 3185 499 3272 completione
520 3184 643 3250 biennii
665 3193 696 3248 et
719 3185 833 3248 ceteris
853 3181 979 3248 actibus
1002 3183 1202 3250 scholasticis
1224 3181 1415 3272 atque[38¹³]
1429 3186 1617 3252 moribus25

140 3286 380 3350 concernentia.
419 3285 510 3350 Idem
531 3285 587 3349 fiet
613 3286 647 3348 in
669 3283 721 3347 die
745 3281 907 3368 Gregorii,
938 3305 975 3346 eo
1000 3282 1130 3370 dempto
1157 3284 1244 3372 quod
1271 3295 1348 3350 tunc
1376 3285 1488 3349 electio
1517 3309 1575 3349 seu

138 3385 311 3472 deputatio
332 3407 396 3450 non
418 3383 637 3449 celebrabitur
659 3383 814 3448 lectorum
836 3385 870 3446 in
892 3382 1017 3448 artibus
1041 3383 1204 3448 ordinarie
1227 3383 1410 3470 legentium.

146 3573 176 3634 3.
208 3583 375 3632 TEMPORE
400 3582 585 3631 eadmerus
614 3581 850 3630 STATUTORUM
876 3581 1039 3630 IUNIORES
1068 3582 1232 3630 mutarat
1259 3583 1367 3631 IUXTA
1392 3584 1574 3644 numquam

193 3682 492 3732 consuescamus(
514 3683 703 3731 numurus
725 3680 895 3747 subveunt,
916 3681 1051 3730 DIVISIM
1073 3683 1201 3748 TAMEN,
1225 3681 1344 3730 Ducam
1366 3682 1527 3733 GROSSOS.

231 3815 354 3897 Placet,
376 3816 463 3903 quod
483 3815 617 3903 quilibet
638 3815 867 3901 magistrorum
890 3815 922 3878 in
944 3815 1085 3897 artibus,
1116 3818 1172 3902 qui
1197 3814 1337 3879 noudum
1367 3837 1459 3880 suum
1490 3828 1617 3884 eom-³0

143 3915 250 4004 plevit
277 3913 442 3980 biennium
471 3939 528 3981 seu
551 3917 641 4003 prius
662 3915 755 3978 iuxta
776 3915 942 3999 antiquam
965 3915 1229 3978 consuetudinem
1250 3915 1416 3999 magistris
1439 3913 1479 3979 de
1501 3941 1575 3981 con·

143 4015 218 4080 silio
246 4012 410 4079 facultatis
439 4014 551 4079 decern
573 4036 705 4099 grossos
726 4015 851 4098 integre
872 4036 937 4079 nou
957 4013 1070 4096 solvit,
1095 4015 1128 4077 in
1156 4015 1220 4078 ista
1248 4016 1480 4078 convocatione
1506 4040 1572 4082 ma·

140 4117 321 4201 gistrorum
342 4135 589 4179 connumerare
610 4122 642 4177 et
663 4111 788 4176 solvere
809 4110 906 4176 debet
927 4133 998 4176 esse
1021 4111 1199 4198 obligatus,
1221 4111 1351 4176 divisim
1372 4124 1499 4198 tamen,
1523 4117 1570 4180 sic

147 4213 237 4302 quod
264 4215 299 4276 iu
323 4211 376 4276 die
398 4211 530 4298 Aegidii
561 4212 667 4278 solvat
697 4211 837 4299 quinque
867 4221 898 4276 et
926 4213 960 4274 in
990 4210 1044 4275 die
1066 4209 1219 4297 Gregorii
1249 4210 1402 4294 totidem,
1432 4213 1485 4278 vel
1513 4215 1577 4280 alio

142 4323 301 4400 tempore,
323 4335 387 4401 quo
408 4311 597 4378 huiusmodi
616 4311 771 4377 lectorum
793 4310 905 4375 electio
926 4310 1037 4392 fuerit,
1061 4309 1163 4374 donec
1185 4311 1310 4396 integre
1333 4334 1443 4376 omnes
1465 4313 1618 4380 decernas

144 4412 322 4478 solvantur.
380 4410 470 4491 Quos
502 4413 529 4477 si
560 4414 632 4498 quis
665 4412 894 4496 magistrorum
926 4411 1099 4473 temerarie
1129 4409 1255 4474 solvere
1288 4414 1471 4494 rennuerit,
1503 4413 1577 4478 talis

143 4512 295 4600 reputari
324 4534 389 4576 non
419 4509 516 4575 dehet
547 4511 642 4576 abilis
678 4523 710 4575 et
740 4509 876 4575 idoneus
906 4509 1066 4573 nominari
1096 4531 1154 4572 suo
1183 4519 1330 4596 tempore
1363 4510 1407 4575 ad
1434 4511 1575 4598 aliquam

144 4611 318 4679 lectionem
340 4608 541 4676 ordinariam
565 4612 597 4674 in
627 4609 770 4692 artibus,
804 4632 864 4673 uec
896 4608 1023 4673 admitti
1055 4605 1151 4671 debet
1184 4607 1297 4672 sedere
1331 4613 1365 4674 in
1396 4623 1484 4675 sorte
1516 4635 1577 4698 pro

146 4711 312 4777 exercicio
331 4709 539 4798 recipiendo,
564 4711 748 4797 etiamque
773 4709 816 4774 ad
838 4709 934 4772 istum
957 4705 1096 4771 medium
1119 4729 1238 4772 annum
1268 4733 1328 4796 pro
1348 4719 1421 4774 actu
1442 4722 1576 4797 regente

143 4811 279 4876 minime
300 4808 469 4875 habeatur.
1583 4821 1616 4876 40

237 5014 246 5063 l
268 5007 374 5065 Hiemit
391 5009 427 5064 ist
442 5009 488 5065 die
505 5007 696 5064 Reformation
715 5026 769 5063 von
790 5013 854 5064 leot
872 5009 1001 5078 gemeint,
1019 5007 1070 5061 wie
1086 5005 1146 5060 sich
1165 5025 1215 5064 aus
1233 5015 1249 5075 ξ
1268 5017 1282 5065 ²
1301 5008 1575 5078 unwideraprechlicb

141 5091 263 5166 ergiebt.

232 5175 340 5232 noea
360 5177 466 5232 aaa!

1345 5269 1406 5330 32·
