3794 6066
703 444 820 494 Libellos
838 443 996 494 formulario.
1503 441 1561 508 139

181 619 379 686 Academias
400 631 516 690 rector.
911 626 1047 692 Praeter
1070 624 1258 691 essentiales
1279 624 1424 710 hospites
1445 621 1560 688 sceda

182 719 329 800 Quatuor
346 720 539 788 faoultabrm
560 723 685 794 decani.
870 725 973 791 micos
992 725 1156 812 gratiosae
1179 724 1336 812 principis
1350 721 1510 788 voluntati
1522 721 1559 786 li·

183 817 301 884 Omnes
324 819 535 905 professores.
870 823 985 890 barum
1014 824 1075 888 fuit
1093 823 1255 904 relictum,
1287 844 1331 886 an
1351 819 1392 886 dc
1415 830 1558 886 senatu

181 916 300 982 Omnes
326 918 517 986 facultatum
543 923 747 1010 superiorum
772 921 827 987 do·
872 922 1036 1010 oppidano
1058 921 1185 1009 aliquos
1206 921 1339 986 invitari
1360 919 1512 1008 placeret.

220 1025 326 1082 oteres
354 1017 427 1097 (seu
453 1020 508 1106 qni
528 1020 676 1085 membra
695 1020 828 1086 faculta-
952 1021 1086 1088 Invitati
1107 1029 1216 1086 autem
1237 1029 1311 1086 sunt
1568 1025 1585 1080 5

220 1116 262 1180 tis
283 1115 423 1182 alicuius
445 1120 622 1204 superioris
643 1123 740 1200 sunt).
912 1121 995 1188 Tres
1017 1119 1173 1186 consules.

181 1212 302 1280 Omnes
324 1213 495 1300 collegiati
912 1217 973 1307 [Βί.
996 1217 1067 1306 60⁸]
1089 1219 1166 1284 Duo
1187 1215 1318 1282 aediles.

181 1311 330 1378 Rectoris
351 1335 543 1382 assessores.
955 1317 1098 1384 Scabini.

220 1410 425 1478 Executores
952 1419 1089 1484 Praetor
1107 1427 1140 1480 et

311 1521 345 1576 et
954 1514 1115 1598 Quaestor
1138 1512 1336 1580 electoralis.
1570 1521 1602 1576 10

179 1609 343 1698 Syndicus
380 1613 457 1683 (nisi
488 1612 541 1678 vel
576 1613 742 1700 professor
780 1613 832 1680 vel
873 1615 1128 1680 Invitatorcs
1153 1623 1271 1679 erant
1613 1603 1623 1617 ⁶

219 1709 252 1773 in
275 1707 386 1798 aliqua
407 1711 597 1777 facultatum
625 1715 828 1800 superiorum
912 1713 1031 1778 Illustr.
1045 1713 1204 1799 principis
1221 1721 1413 1798 praeceptor
1426 1709 1478 1774 du
1489 1708 1559 1774 Ma-

219 1807 402 1873 membrum
411 1809 665 1898 velcollcgiatus
678 1823 737 1878 etc.
750 1813 828 1878 fisis·
952 1813 1084 1878 xantius
1112 1822 1143 1876 et
1169 1811 1213 1876 Μ.
1237 1810 1354 1875 Petrus
1381 1809 1560 1879 Wcruerus

217 1911 281 1986 set)
304 1929 372 1972 una
394 1929 465 1974 cum
957 1913 982 1977 1.
1004 1911 1045 1975 V.
1074 1910 1267 1976 madidatus
1286 1917 1346 1974 etc.
1374 1906 1562 1973 Invitabant

176 2006 312 2072 Notario
335 2005 533 2074 academiae.
957 2010 1010 2075 die
1031 2009 1173 2076 Saturni
1570 2013 1602 2068 1⁵

216 2205 396 2272 Dominica
423 2207 593 2292 praedicta
618 2208 763 2296 hospitas
793 2207 971 2296 academici
999 2231 1110 2277 omnes
1138 2209 1206 2274 fere
1228 2210 1317 2274 circa
1337 2208 1454 2273 horam
1474 2203 1559 2270 deci·

137 2329 221 2370 mam
249 2304 489 2372 conveniebant
514 2317 674 2374 rectorem
700 2307 901 2396 eundemque
929 2309 1105 2376 honorifico
1128 2309 1282 2374 comitatu
1308 2305 1351 2372 ad
1378 2305 1476 2370 aedes
1502 2303 1558 2368 Se

136 2403 278 2469 bastiani
299 2403 443 2470 Schilert
461 2407 496 2470 in
515 2405 647 2473 Pruleto
668 2407 763 2490 sitas,
793 2407 850 2474 ubi
875 2407 1010 2474 illustris
1040 2409 1190 2476 dominus
1212 2430 1304 2472 suam
1325 2403 1560 2472 habitationem

136 2503 292 2585 habebat,
319 2501 534 2570 deducebant
577 2505 723 2592 Oumque
749 2508 816 2572 iam
845 2529 949 2593 prope
974 2506 1018 2572 ad
1044 2507 1131 2573 sores
1158 2505 1288 2571 aedium
1307 2514 1440 2570 ventum
1466 2510 1561 2584 essct,

134 2602 283 2668 tibicines
311 2602 421 2668 urbici
455 2604 740 2670 instrumentorum
766 2606 962 2672 musicorum
991 2616 1087 2672 cantu
1115 2604 1317 2672 academiam
1343 2600 1604 2688 excipiebantur

136 2698 222 2789 [60¹¹]
252 2700 309 2766 Ex
335 2702 487 2790 opposito
515 2702 643 2770 illorum
671 2703 780 2769 stabat
809 2703 944 2771 illustris
965 2707 1137 2793 princeps,
1164 2706 1220 2793 qui
1240 2705 1378 2790 stipatus
1398 2699 1562 2767 nobilibus

135 2799 258 2886 aliquot
283 2799 418 2866 Polonis
448 2813 599 2888 porrecta
624 2825 722 2867 manu
750 2803 886 2890 singulis
913 2803 1110 2869 academicis
1132 2803 1306 2869 adventum
1326 2797 1562 2888 gratulabatur.

135 2898 368 2966 Ascendcbant
389 2898 535 2987 hospites
555 2901 590 2966 in
612 2901 849 2988 hypocaustum
871 2903 1045 2990 principis,
1073 2903 1107 2966 in
1137 2924 1200 2990 quo
1226 2900 1367 2986 oblonga
1392 2897 1506 2964 tabula
1531 2906 1562 2961 et

136 2997 218 3063 duae
240 3020 375 3064 mensae
394 3003 571 3066 instructae
593 3009 695 3066 erant.
732 3001 825 3066 Lotis
846 3001 998 3068 manibus
1020 3001 1230 3067 accubuimus
1252 2998 1373 3065 ordina
1403 2999 1561 3081 Princeps

136 3099 324 3184 proximum
346 3120 366 3162 a
387 3097 504 3164 dexha
524 3100 662 3164 rectoris
684 3097 789 3164 locum
810 3100 1002 3186 occupabat.
1044 3098 1185 3166 Fercula
1207 3097 1411 3164 octo-decim
1435 3093 1601 3182 (singu-25

135 3193 173 3260 lis
195 3195 327 3262 vicibus
347 3205 396 3262 ter
417 3199 578 3284 repetitis)
601 3197 773 3284 magnifice
794 3207 913 3285 parata
934 3198 1192 3286 apponebantur.
1226 3197 1303 3260 Vini
1320 3195 1488 3260 honorarii
1503 3215 1561 3279 per

134 3298 300 3362 notarium
330 3296 499 3362 academia
528 3297 638 3364 offerri
658 3298 786 3362 amavit
808 3296 980 3362 cantharos
1001 3297 1124 3382 viginti.
1168 3296 1233 3360 Pro
1255 3317 1320 3382 qua
1340 3292 1503 3360 oblatione
1525 3289 1561 3356 il-

134 3395 244 3460 lustris
264 3395 422 3482 principis
443 3397 573 3461 nomine
595 3397 774 3482 gratiarum
792 3397 951 3462 actionem
970 3393 1161 3460 instituebat
1174 3395 1220 3459 M.
1234 3393 1423 3458 Wernerus.
1456 3389 1559 3455 Paulo

137 3503 211 3581 post
239 3491 378 3558 alteram
403 3493 540 3560 sormam
567 3493 763 3561 fercrdorum
792 3497 976 3582 appositam
1002 3493 1137 3560 illustris
1159 3493 1311 3580 princeps
1332 3513 1467 3576 surgens
1490 3491 1561 3576 ipse

136 3592 263 3658 erudita
294 3601 327 3656 et
352 3604 457 3660 comta
481 3596 628 3660 oratione
657 3595 782 3680 metiar
811 3594 998 3661 academiae
1020 3592 1152 3680 agebat:
1181 3593 1234 3658 cui
1254 3589 1424 3678 respondit
1442 3597 1602 3654 remorto

137 3689 265 3771 Quibus
287 3692 429 3778 peractis
450 3691 568 3779 pocula
587 3692 710 3781 aliquot
731 3695 764 3758 in
787 3693 924 3758 salutem
944 3695 1103 3782 principis
1125 3691 1273 3758 electoris
1290 3690 1393 3755 nostri
1405 3688 1558 3754 Iohannis

140 3788 276 3876 Georgii
377 3795 457 3867 (hier
479 3795 518 3853 ist
538 3796 632 3855 leidar
654 3797 701 3856 sia
721 3799 809 3856 Blatt
829 3797 1146 3874 barnuspsschnittca).

178 3987 239 4077 [Bl.
252 3997 291 4059 61
304 3985 331 4076 ·]
354 3990 419 4071 Qui
441 3991 505 4054 sint
524 3990 567 4056 ad
589 3989 763 4078 prandium
779 4013 832 4056 co·
1087 3992 1300 4057 Fecerunt

140 4091 226 4156 mitis
248 4098 306 4154 aut
327 4088 460 4156 baronis
481 4100 538 4156 aut
557 4089 679 4156 domini
695 4090 830 4155 alicuius
914 4091 1050 4155 Domini
1069 4091 1206 4176 gratiosi
1228 4087 1268 4153 de
1289 4086 1542 4153 Shuartzberok.

141 4187 311 4254 invitandi.
911 4189 965 4254 De
985 4187 1144 4253 Valdeck.
1568 4194 1601 4250 35

178 4286 345 4354 Invitandi
356 4296 464 4354 autem
480 4296 554 4352 unt
566 4289 759 4376 magnificus
772 4288 826 4354 do·
909 4288 963 4351 Dc
984 4284 1167 4351 Mansfeldt.
1189 4291 1258 4358 (Am
1271 4290 1380 4348 Raude
1394 4290 1560 4348 stshtnact

141 4388 245 4451 minus
276 4395 384 4452 rector
416 4407 491 4451 oum
527 4387 594 4451 suis
622 4387 826 4470 consiliariis,
869 4389 962 4449 sicam
994 4390 1094 4446 Panos
1123 4383 1305 4470 Philippus.
1346 4389 1432 4446 Noct
1460 4387 1561 4446 writer

138 4495 275 4573 quatuor
297 4484 414 4550 decani
435 4493 468 4550 et
487 4493 676 4551 executores
696 4489 824 4551 univer·
866 4490 979 4561 recta,
1006 4487 1163 4546 coiciatur
1187 4493 1267 4562 pam
1290 4491 1353 4562 jur
1382 4486 1445 4544 sict
1471 4482 1513 4546 D.
1539 4484 1559 4545 h

140 4585 261 4669 sitatis,
282 4606 394 4650 omnes
415 4584 581 4667 doctores,
612 4607 722 4650 omnes
745 4584 830 4650 sala·
871 4582 996 4658 Pirck.)

142 4686 215 4750 riuti
236 4691 270 4750 ct
294 4677 458 4770 collegisti
479 4705 553 4748 cum
573 4686 707 4750 notario.
750 4684 828 4764 Qui-
910 4681 1044 4747 Domini
1066 4679 1199 4746 Sohlick
1222 4690 1254 4745 et
1275 4679 1444 4765 Ellbogen.
1568 4688 1602 4742 40

143 4782 220 4849 libet
242 4783 392 4848 dominus
412 4781 467 4848 det
486 4781 616 4848 famulis
638 4785 669 4870 .j.
690 4783 722 4848 fl.
913 4780 1011 4846 Dom.
1033 4779 1075 4846 ab
1096 4778 1252 4844 Anhaldt.

179 4881 223 4946 Et
235 4891 371 4946 vocabu
385 4881 544 4948 eiusmodi
559 4883 734 4970 prandium
749 4881 831 4949 loci
913 4881 966 4946 De
988 4877 1171 4945 Stolberck.
1191 4877 1385 4944 MDXXVI.

140 4979 366 5066 prandium,
398 4982 476 5067 qnia
507 4979 584 5046 hinc
610 4984 780 5068 proximus
809 5005 829 5047 a
1336 5006 1342 5032 ¹

140 5089 264 5146 rectore
282 5078 372 5144 locus
394 5079 484 5146 danti
506 5078 603 5146 cedit
