3762 6074
535 417 627 467 1113113
645 417 910 480 Statutsuredaction,
929 433 991 470 13111
1010 420 1092 470 Jahru
1111 420 1184 472 1101.
1510 425 1570 492 503

150 593 335 660 nouaclum
354 595 600 664 baccalariandi
621 623 731 665 verum
752 601 848 666 etiam
870 601 926 666 alii
949 601 1161 688 promovendi
1179 602 1260 668 illud
1282 625 1341 690 pro
1365 604 1580 691 completione

153 692 196 758 ab
221 693 335 760 eodem
356 695 480 762 decano
503 698 617 764 audire
640 710 800 786 poterunt.
842 699 1000 786 Magister
1022 702 1136 784 etiam,
1158 702 1282 769 habens
1304 701 1445 790 aliquam
1467 703 1577 770 lectio·

149 815 226 858 nem
249 817 309 892 pro
330 795 452 881 gradu,
473 797 516 862 ad
538 797 714 864 sedendum
735 800 770 864 in
790 809 876 864 sorte
899 799 1086 886 proaliquo
1109 803 1268 867 exercicio
1290 825 1354 867 non
1376 802 1575 868 admittatur.

150 891 194 957 Et
211 892 274 958 hoc
291 893 475 960 conclusum
489 896 629 962 facultas
650 897 693 962 ad
715 898 851 985 probam
874 909 1031 986 acceptat,
1054 909 1087 964 et
1108 902 1137 964 si
1157 901 1254 967 fiscus
1273 901 1437 966 facultatis
1460 905 1579 968 artium

153 994 316 1058 sustinere
338 996 458 1080 poterit
464 1045 473 1076 ,
497 1005 622 1062 tantum
650 997 846 1083 stipendium
869 997 1029 1081 solvetur,
1059 1008 1091 1063 et
1119 1001 1147 1064 si
1174 1001 1267 1066 electi
1290 1023 1348 1088 per
1368 1009 1485 1066 sortem
1507 1001 1577 1067 dili·
1603 1013 1620 1068 5

149 1093 296 1176 gentiam
317 1095 499 1160 exercendo
527 1095 744 1162 adhibuerint

322 1298 367 1360 12.
389 1312 436 1360 113
457 1312 652 1378 3131311113,
676 1313 906 1374 3313331133
927 1315 1097 1365 31333133
1119 1315 1411 1381 333133133331,

589 1413 635 1460 ur
659 1415 705 1460 na
732 1414 1135 1466 11313313331313333.

234 1523 364 1608 Placet,
387 1527 490 1613 quod,
514 1530 542 1592 si
569 1531 641 1614 quis
664 1531 892 1615 magistrorum
918 1553 1011 1596 suum
1038 1531 1202 1597 biennium
1223 1554 1287 1596 non
1310 1529 1521 1617 compleverit
1547 1541 1578 1596 31

149 1624 286 1712 aliquod
307 1629 503 1692 exercicium
535 1651 595 1714 per
625 1639 744 1694 sortem
776 1631 948 1716 acceperit,
979 1631 1012 1694 in
1043 1631 1147 1696 tribus
1179 1631 1311 1696 florenis
1332 1628 1428 1694 debet
1449 1652 1512 1714 quo
1534 1630 1577 1695 ad
1589 1641 1619 1696 10

150 1725 335 1790 mercedem
359 1749 430 1791 esse
451 1736 628 1809 contentus,
650 1727 782 1813 dempto
804 1731 965 1794 exercicio
987 1729 1195 1816 phisicorum,
1217 1753 1276 1818 pro
1298 1752 1360 1816 quo
1382 1728 1500 1793 dentur
1519 1730 1575 1795 tali

149 1827 309 1910 magistro
330 1835 398 1892 tres
421 1835 452 1904 ,1
475 1849 547 1890 3313
580 1827 692 1892 decem
726 1829 860 1914 grossis.
914 1827 1009 1895 Ratio
1031 1833 1116 1894 enim
1137 1830 1255 1911 dictat,
1278 1827 1365 1917 quod
1392 1830 1499 1893 minus
1520 1829 1575 1894 ille

151 1927 309 2010 magister
330 1949 487 1992 exercens
508 1950 568 2014 pro
587 1938 734 2014 tempore
755 1928 876 1993 habere
898 1927 1024 2011 debeat,
1046 1931 1102 2017 qui
1124 1930 1207 1994 elias
1231 1927 1273 1992 ad
1296 1949 1389 1992 suum
1411 1926 1577 1992 biennium

150 2023 378 2110 complendum
407 2036 533 2090 tenetur
559 2026 651 2091 iuxta
682 2049 773 2092 suum
799 2030 991 2114 praestitum
1018 2030 1249 2110 iuramentum,
1277 2050 1374 2113 quam
1402 2024 1494 2107 alter,
1521 2029 1578 2114 qui

155 2145 253 2187 suum
275 2121 441 2192 biennium
463 2127 588 2212 integre
610 2124 791 2213 complevit.
844 2125 991 2206 Quilibet
1017 2149 1096 2192 vero
1124 2130 1372 2213 magistrorum,
1401 2126 1456 2210 qui
1485 2138 1619 2192 33311115

149 2221 317 2288 biennium
349 2225 579 2312 compleverit,
609 2224 744 2290 habebit
773 2237 927 2313 quattuor
955 2233 987 2302 [1
1021 2249 1080 2314 pro
1114 2227 1257 2313 quolibet
1289 2223 1381 2290 totali
1417 2226 1577 2290 exercicio

148 2321 359 2409 disputando,
383 2323 515 2412 dempto
534 2326 695 2390 exercicio
712 2323 934 2412 physicorum,
957 2327 1045 2414 quod
1065 2324 1168 2392 solvet
1189 2327 1330 2413 quinque
1351 2323 1501 2388 florenos.
1535 2324 1580 2388 Et

147 2443 209 2507 pro
233 2424 422 2508 magisterio
443 2426 477 2488 in
498 2424 603 2490 hieme
627 2423 847 2511 disputabitur
868 2425 909 2490 de
930 2427 1139 2511 generatione
1169 2435 1201 2490 et
1230 2445 1359 2510 corrup.
1379 2423 1576 2506 Aristotelis,

145 2521 180 2584 in
202 2531 328 2587 aestate
350 2525 546 2588 exercicium
568 2546 745 2611 parvorum
767 2525 979 2608 naturalium,
1001 2548 1061 2613 pro
1084 2548 1221 2610 quorum
1248 2521 1393 2612 quolibet
1420 2544 1577 2588 exercens

150 2617 203 2706 [40
213 2617 240 2707 b]
271 2621 406 2688 habebit
432 2633 583 2710 quattuor
611 2623 768 2708 florenos3
801 2633 832 2688 31
857 2625 885 2688 31
907 2623 1092 2689 sallariatus
1115 2625 1293 2710 principis,
1316 2621 1430 2686 saltem
1453 2619 1619 2686 1131133320

147 2741 268 2806 eorpus
289 2723 339 2786 sui
360 2721 506 2808 collegii,
528 2723 641 2788 sedere
662 2723 802 2788 voluerit
831 2724 865 2786 in
893 2733 997 2806 sorte,
1025 2746 1089 2787 non
1120 2723 1216 2787 debet
1246 2720 1428 2808 prohiberi,
1451 2719 1509 2784 sed
1537 2719 1577 2784 de

146 2817 297 2982 331131·ὶί11Γ
314 2822 473 2909 principis
501 2821 597 2888 debet
624 2846 695 2888 esse
725 2833 894 2889 contentus
920 2844 981 2888 nec
1008 2822 1151 2907 aliquam
1178 2820 1362 2887 mercedem
1385 2841 1405 2884 a
1426 2819 1579 2885 facultate

148 2925 226 3004 11331
298 2941 326 2984 e.

443 3093 490 3154 13.
522 3105 568 3151 ns
590 3103 765 3152 33311333
791 3105 837 3152 31
859 3102 1048 3152 3131131313
1067 3101 1282 3152 3113331133.

231 3217 318 3298 Quia
348 3218 443 3284 lectio
472 3217 652 3284 ethicorum
680 3241 752 3284 cum
778 3241 903 3283 summa
932 3217 1103 3303 diligentia
1130 3217 1196 3302 legi
1221 3215 1333 3298 debet,
1361 3215 1434 3281 ideo
1455 3214 1617 3304 placet,25

143 3325 180 3382 ut
201 3318 300 3383 etiam
322 3340 384 3405 pro
404 3321 565 3384 exercicio
588 3317 629 3383 ad
652 3317 788 3404 gradum
810 3318 992 3404 magisterii
1013 3325 1228 3402 computetur.

516 3525 560 3584 14.
584 3533 709 3595 333133
730 3533 856 3581 omaus
877 3533 1212 3583 3133333333331.

233 3647 345 3714 Placet
363 3651 505 3739 insuper,
534 3650 620 3735 quod
647 3649 783 3736 quilibet
809 3651 981 3735 magister,
1010 3648 1181 3736 disputans
1211 3647 1342 3734 aliquod
1368 3649 1574 3730 exercicium,

147 3749 239 3814 omni
259 3747 311 3813 die
334 3749 526 3837 disputabili
550 3771 702 3815 exercere
725 3759 881 3832 teneatur,
906 3748 966 3814 sub
988 3771 1094 3836 poena
1115 3749 1219 3835 partis
1239 3749 1396 3835 pecuniae
1418 3747 1458 3812 de
1480 3757 1577 3835 pastu

144 3871 207 3912 suo
232 3847 481 3914 subtrahendae.
523 3849 598 3914 Istis
623 3859 730 3914 autern
753 3847 877 3930 diebus,
901 3847 1018 3934 quibus
1041 3848 1204 3912 ordinarie
1224 3849 1259 3911 111
1282 3845 1406 3912 artibus
1429 3848 1618 3935 disputa-30

144 3946 247 4028 1111111,
268 3971 362 4014 nemo
385 3947 428 4012 ad
451 3948 669 4014 exercendum
697 3947 793 4012 debet
823 3969 893 4012 3333
924 3947 1111 4029 asstrictus,
1141 3957 1177 4010 ut
1206 3946 1329 4012 eisdem
1359 3946 1474 4013 diebus
1503 3957 1577 4034 post

146 4045 324 4134 prandium
352 4048 502 4134 magistri
530 4071 591 4136 pro
623 4046 837 4134 completione
863 4044 987 4110 biennii
1009 4045 1061 4110 vel
1092 4047 1190 4110 etiarn
1218 4046 1441 4130 acturegentia
1468 4046 1574 4133 acqui-

149 4144 256 4212 renda
278 4146 475 4235 disputando
496 4170 531 4212 se
552 4147 703 4213 abilitarc
724 4146 864 4211 valeant.

506 4354 551 4413 15.
579 4363 748 4413 3333113
771 4361 1217 4412 331333133313333331.

233 4479 364 4564 Placet,
387 4479 474 4569 quod
496 4481 632 4569 quilibet
651 4481 896 4566 magistrorum,
922 4479 1084 4567 recipiens
1108 4479 1240 4566 aliquod
1269 4484 1480 4562 exercicium,
1502 4488 1618 4566 pro-³5

145 4582 258 4646 mittat
272 4580 397 4647 decano
414 4580 473 4645 sub
488 4579 663 4664 bonafide,
688 4578 775 4667 quod
796 4578 967 4664 diligenter
988 4579 1075 4644 omni
1098 4581 1152 4646 die
1174 4577 1365 4666 disputabili
1382 4578 1460 4644 velit
1481 4601 1574 4642 exer·

145 4703 241 4763 cere,
261 4679 382 4746 nullam
410 4680 631 4768 quaestionem
653 4679 779 4745 solitam
802 4687 833 4742 31
855 4676 1015 4763 disputari
1038 4689 1226 4745 consuetam
1254 4689 1327 4768 post
1352 4677 1520 4759 habendo,
1544 4686 1576 4742 et

147 4778 296 4845 debitum
313 4778 487 4846 exercendi
502 4777 632 4844 modum
648 4800 791 4862 servare,
813 4777 875 4843 hoc
888 4787 948 4862 est,
967 4787 1003 4842 ut
1023 4777 1112 4844 circa
1134 4788 1260 4844 textum
1281 4787 1410 4844 moveat
1431 4775 1574 4865 aliquam
1608 4857 1611 4864 Ι

146 4881 372 4967 quaestionem
393 4888 425 4944 et
447 4901 517 4944 eam
540 4901 613 4943 cum
642 4879 841 4963 argumentis
871 4887 904 4943 et
929 4877 1188 4944 conclusionibus
1211 4878 1255 4943 ad
1278 4879 1439 4962 integram
1459 4875 1573 4941 horam

146 4976 300 5043 deducat.
341 4978 451 5043 Debet
477 4979 574 5042 etiarn
596 4979 629 5041 in
651 4979 738 5041 omni
767 4979 928 5043 exercicio
959 4977 1084 5043 duobus
1116 4974 1159 5041 ad
1189 4979 1295 5041 minus
1325 4975 1365 5040 dc
1394 4976 1460 5039 suis
1481 4974 1616 5041 audi-4⁰

144 5075 274 5146 toribus
308 5078 546 5164 argumentari,
581 5089 616 5141 ut
643 5076 690 5140 sic
726 5076 835 5144 debite
868 5099 1033 5144 assumere
1071 5085 1263 5164 argirmenta
1296 5076 1330 5142 in
1361 5073 1491 5164 publico
1518 5073 1574 5140 ad·
