3748 6070
634 495 685 546 Die
702 495 803 548 statuta
820 495 946 559 fugibilia.

167 679 327 738 Hiamaclr
348 640 594 756 beqiaafwieder
616 682 663 740 die
685 689 762 740 erate
782 683 892 740 Hand:

79 839 139 928 [Bl.
162 839 237 928 35⁸]
261 840 516 930 Subscripta
538 842 717 929 legenda
738 853 830 907 sunt
850 841 1048 908 admissis
1071 842 1120 907 ad
1142 841 1319 930 aliquem
1341 843 1507 929 gradum

340 942 381 1006 in
404 941 572 1007 artibus
592 965 683 1007 mox
702 951 794 1028 post
814 964 951 1007 eorum
972 942 1283 1046 admissionem

243 1114 289 1172 14.
312 1125 484 1185 SEQUH'UR
503 1125 733 1172 IURAM'ENTUM
753 1125 800 1171 DE
823 1125 1036 1173 OBEDIENTIA
1056 1126 1101 1172 ET
1123 1123 1349 1172 REVERENCIA.

659 1239 718 1306 vgl.
738 1245 883 1306 Hauptstat.
905 1245 928 1295 fi.
1532 1252 1549 1308 5

161 1357 257 1442 „Ego
278 1357 328 1421 .N.
348 1358 419 1422 iuro
439 1357 533 1422 vobis
554 1357 676 1422 decano
700 1367 731 1422 et
744 1359 862 1422 vestris
885 1356 1125 1423 successoribus
1147 1359 1366 1422 reverenciam
1381 1369 1412 1422 et
1433 1357 1507 1422 obe·

77 1455 235 1522 dientiam
255 1457 290 1520 in
311 1455 408 1520 licitis
428 1467 460 1520 et
481 1456 634 1538 honestis,
661 1467 693 1522 et
714 1479 845 1521 servare
874 1467 994 1523 statuta
1024 1467 1055 1521 et
1084 1456 1255 1521 statuenda
1277 1479 1336 1542 pro
1358 1480 1453 1543 posse
1474 1468 1506 1522 et

78 1579 185 1637 nosse,
206 1565 239 1620 et
260 1577 436 1642 procurare
456 1555 574 1621 bonum
596 1555 790 1621 facultatis.“

553 1730 596 1790 15.
622 1740 668 1787 ns
690 1739 885 1786 sonucions
907 1738 1050 1786 suasus.

652 1857 713 1920 Vgl.
731 1859 877 1920 Hauptstat.
896 1857 936 1909 50.
1514 1869 1546 1924 10

160 1971 244 2036 Item
265 1970 505 2057 promovendus
527 1971 560 2035 in
582 1971 708 2036 artibus
738 1971 781 2036 ad
811 1971 948 2058 gradum
970 1971 1208 2036 baccalariatus
1236 1969 1357 2036 iurabit
1384 1971 1506 2040 decano

77 2070 129 2136 vel
150 2069 348 2136 vicedecano
371 2069 546 2135 secundum
569 2071 705 2135 formam
726 2071 984 2156 infrascriptam:

161 2169 256 2256 „Ego
271 2171 317 2234 .N.
337 2172 420 2253 ium,
440 2170 525 2256 quod
544 2170 630 2234 infra
652 2170 847 2254 quindenam
862 2169 958 2233 velim
981 2169 1105 2234 solvere
1126 2169 1272 2235 facultati
1292 2195 1391 2236 unum
1413 2172 1505 2237 flore-

77 2295 154 2336 num
177 2272 358 2334 reinensem
378 2269 430 2333 vel
451 2269 659 2353 aequivalens
685 2280 716 2333 et
738 2268 905 2332 dimidium
926 2269 1080 2333 florenum
1103 2293 1162 2357 pro
1184 2269 1261 2335 fiseo
1277 2273 1506 2355 universitatis,

79 2371 131 2436 vel
155 2370 302 2436 obtinere
323 2368 467 2434 eiusdem
488 2367 680 2432 dilacionem
703 2368 755 2432 vel
776 2369 994 2434 dimissionem
1016 2367 1058 2432 ab
1080 2369 1223 2436 eadem.“
1516 2385 1546 2438 15

162 2673 321 2733 Hismario
347 2693 404 2730 von
426 2675 556 2731 anderer
577 2675 681 2746 Hand,
710 2676 812 2733 uectat
841 2673 1085 2732 wakrscleinlict
1114 2675 1167 2732 der
1187 2677 1238 2733 des
1259 2677 1376 2734 Iohann
1397 2675 1506 2735 Swert-

81 2795 183 2844 anona,
206 2775 261 2832 der
284 2773 385 2834 1449ss
405 2773 512 2831 Decea
533 2793 608 2844 war,
630 2774 660 2830 in
682 2776 815 2832 walchem
835 2775 940 2846 dolare,
962 2774 1039 2830 nach
1062 2773 1194 2832 Ausweis
1215 2777 1269 2833 der
1285 2776 1431 2834 Matrikel
1450 2797 1506 2836 oon

83 2873 182 2937 144912
211 2893 260 2944 aa,
290 2873 344 2931 der
372 2873 558 2950 vorlieqende
579 2875 739 2931 Beaclrlusa
766 2879 881 2948 yesaest
910 2873 1005 2942 ward,
1036 2875 1092 2948 aql.
1115 2873 1144 2933 S.
1168 2875 1237 2945 313,
1259 2877 1294 2938 31,
1321 2897 1348 2934 u.
1371 2877 1455 2933 Aram.
1478 2879 1505 2938 2.

81 2972 261 3050 (Hier-nach
276 2973 355 3046 sa'llt
379 2973 444 3030 also
466 2973 513 3030 die
535 2973 757 3046 Niederacltrist
778 2975 832 3030 der
853 2972 974 3029 Statuta
996 2972 1124 3046 leyibilia
1147 2992 1202 3029 vor
1227 2974 1363 3053 illas).-

659 3137 718 3198 Vgl,
738 3138 883 3199 Hauptstat.
902 3137 942 3186 st.
1517 3147 1551 3203 20

170 3260 216 3322 16.
239 3252 321 3317 Item
337 3251 418 3333 iuro,
440 3249 535 3337 quod,
558 3247 782 3314 nonobstante
804 3271 993 3336 quacunque
1015 3251 1250 3333 commissione,
1273 3253 1342 3317 sive
1363 3251 1507 3336 generali

81 3359 151 3421 sive
176 3351 321 3440 speciali,
343 3349 417 3414 volo
432 3349 550 3435 eligere
571 3349 762 3434 magistrum
784 3357 858 3411 actu
878 3359 1040 3432 regentem
1062 3347 1103 3412 de
1125 3371 1197 3414 mea
1219 3353 1353 3436 propria
1374 3353 1508 3417 nacione

81 3468 112 3521 et
134 3477 201 3519 non
225 3451 328 3516 altera
348 3451 381 3513 in
404 3450 649 3536 promotorem.¹

167 3827 263 3885 Dana
286 3823 403 3900 beqinnt
424 3823 533 3882 wieder
554 3821 601 3880 die
622 3831 700 3881 erate
717 3825 830 3881 Hand:

202 3995 249 4054 17.
273 3985 520 4072 Subscripta
541 3985 628 4072 legi
650 3985 798 4051 debent
815 3995 1007 4071 tempore
1032 3988 1400 4072 praesentacionis.
1516 4001 1549 4062 25

669 4139 729 4202 vgl.
751 4141 896 4202 Hauptstat.
913 4140 953 4191 51.

167 4258 250 4323 Item
278 4251 550 4319 baccalariandus
579 4263 724 4340 tempore
753 4255 1026 4340 praesentacionis
1055 4254 1176 4320 iurabit
1206 4255 1416 4343 infrascripta
1447 4257 1507 4323 sub

83 4361 148 4425 hac
180 4356 301 4421 forma:
343 4351 435 4437 „Ego
465 4353 511 4420 .N.
538 4355 620 4434 iuro,
649 4352 736 4439 quod
764 4363 909 4440 tempore
940 4353 1222 4418 determinaciouis
1248 4377 1340 4419 meae
1365 4360 1510 4422 nuncciis

80 4456 307 4524 universitatis
335 4451 378 4516 ad
401 4453 506 4516 minus
527 4451 612 4516 dabo
635 4461 774 4538 quatuor
795 4475 942 4537 grossos3
971 4455 1048 4517 item
1075 4451 1161 4538 quod
1189 4456 1285 4518 istum
1314 4455 1452 4541 gradum
1475 4458 1507 4520 in

82 4557 175 4624 nulla
197 4553 262 4620 alia
282 4552 493 4618 universitate
518 4573 696 4634 resumam
726 4554 803 4616 item
832 4553 918 4636 quod
944 4555 977 4618 in
1005 4556 1069 4617 ista
1091 4555 1300 4618 universitate
1329 4555 1422 4622 stabo
1450 4565 1551 4640 per30

82 4659 167 4724 duos
190 4675 290 4720 annos
312 4649 458 4736 legendo,
488 4649 684 4738 disputando
705 4651 757 4716 vel
784 4651 827 4716 ad
848 4653 955 4717 minus
976 4651 1116 4738 aliquem
1137 4655 1365 4738 magistrorum
1389 4656 1423 4718 in
1446 4655 1508 4718 lec·

82 4759 178 4824 cione
200 4751 251 4818 vel
279 4751 440 4816 exercicio
463 4749 634 4831 audiendo,
663 4752 726 4816 nisi
752 4774 810 4837 per
836 4751 1021 4818 facultatem
1048 4774 1145 4839 super
1172 4751 1233 4817 hoc
1260 4776 1385 4818 mecum
1412 4753 1508 4818 fuerit

84 4857 327 4942 dispensatum;
356 4851 432 4914 item
461 4850 548 4937 quod
569 4850 689 4916 bonum
710 4851 804 4916 huius
826 4853 1046 4918 universitatis
1067 4863 1099 4916 et
1120 4851 1281 4920 facultatis
1303 4853 1435 4934 arcium,
1464 4852 1508 4916 ad

172 5091 183 5140 1
204 5086 259 5138 Am
276 5083 387 5140 Raude:
421 5083 487 5136 Noa
506 5083 608 5153 taem
624 5083 679 5137 ista
697 5083 829 5152 clamato,
852 5083 919 5154 quia
940 5099 1071 5154 auapaaa
1092 5092 1131 5138 aet
1153 5101 1207 5154 qaae
1223 5086 1264 5138 ad
1277 5085 1410 5152 docerer,
1427 5085 1511 5140 sicuti

85 5171 245 5227 eoactum
254 5170 320 5242 suit
336 5169 368 5222 io
383 5169 518 5224 mennam
534 5168 661 5237 maaiatri
679 5168 812 5224 Iohannis
828 5169 998 5240 Koaqraberq
1016 5169 1093 5239 (1166
1100 5171 1131 5240 b).
