3768 6072
581 487 632 537 Dte
649 485 768 537 statutor
789 500 844 536 von
863 484 1039 538 teas-tort.
1464 486 1525 550 205

105 667 142 733 de
161 667 223 734 hoc
245 675 531 754 praeconceptam.
572 666 638 732 Pro
667 665 784 752 quibus
812 663 980 731 laboribus
1008 662 1156 730 omnibus
1186 665 1233 729 sic
1263 685 1428 730 resumens
1458 663 1531 731 illos

103 767 215 854 viginti
236 767 380 855 quinque
400 764 541 830 florenos
568 785 720 829 renenses
744 786 868 830 annuos
889 783 1005 828 census
1027 785 1130 850 usque
1157 763 1200 830 ad
1228 763 1431 852 quorundam
1452 763 1529 828 alio

103 887 170 931 rum
194 865 454 930 meliorationem
484 873 516 928 ct
544 865 845 949 angmentaciouem
867 863 1033 928 annuatim
1063 861 1181 928 debeat
1209 861 1389 929 sublevare.
1432 860 1530 943 Quod

104 965 200 1031 eciam
230 965 261 1028 si
290 985 456 1029 resumens
484 970 560 1049 post
581 985 681 1028 unum
703 961 755 1026 vel
782 960 893 1048 plures
918 983 1029 1043 annos,
1057 983 1223 1048 quousque
1249 970 1281 1025 et
1308 961 1438 1047 quando
1468 959 1531 1026 sibi

105 1060 271 1149 placuerit,
299 1061 342 1126 cd
368 1060 619 1128 continuandum
638 1059 773 1126 ulterius
793 1058 976 1126 huiusmodi
997 1082 1077 1125 onus
1097 1059 1363 1147 praeordinatum
1382 1061 1530 1146 resigna·
1556 1068 1572 1124 5

104 1171 163 1243 ret,
195 1169 320 1226 extunc
351 1160 520 1246 collegium
543 1161 648 1224 maius
678 1163 752 1246 pari
771 1159 877 1224 forma
908 1167 940 1222 et
960 1158 1054 1224 modo
1087 1157 1131 1223 ad
1160 1158 1259 1224 alium
1289 1159 1473 1246 eligendum
1502 1167 1533 1222 et

105 1259 379 1345 praesentandum
401 1257 599 1346 procedendi
625 1257 746 1323 habeat
774 1257 969 1322 facultatem.
1009 1257 1097 1324 Casu
1127 1267 1243 1341 autem,
1273 1279 1336 1346 quo
1363 1256 1469 1322 nullus
1498 1257 1532 1320 in

106 1357 271 1444 praedicto
288 1357 424 1444 collegio
444 1358 561 1422 maiori
582 1356 645 1422 hoc
660 1365 831 1444 acceptare
844 1354 992 1438 voluerit,
1013 1365 1090 1420 tunc
1111 1355 1281 1442 collegium
1303 1356 1403 1422 chum
1424 1355 1531 1421 docto·

106 1479 179 1540 rem,
209 1457 417 1522 licenciatnm
437 1455 489 1522 vel
517 1457 710 1542 magistrum
732 1465 826 1520 extra
847 1454 1017 1541 collegium
1044 1452 1087 1518 ad
1116 1465 1237 1520 certum
1265 1463 1374 1520 tamen
1394 1466 1533 1542 tempus,

108 1578 270 1644 quousque
303 1555 386 1621 alius
418 1557 452 1620 in
484 1555 652 1642 praedicto
681 1553 817 1640 collegio
849 1555 964 1618 maiori
990 1553 1070 1618 illud
1099 1565 1270 1642 acceptare
1295 1553 1407 1619 volens
1434 1555 1532 1619 luerit
1543 1563 1575 1618 10

107 1666 262 1742 repertus,
295 1654 340 1721 ad
360 1653 545 1740 eligendum
568 1661 600 1718 et
619 1650 890 1739 praesentandum
913 1651 1010 1716 modo
1033 1661 1065 1717 et
1093 1651 1313 1718 moderamine
1343 1653 1532 1738 praemissis

108 1753 220 1819 debeat
249 1753 399 1839 obligari.
441 1752 529 1818 Casu
559 1761 677 1834 autem,
708 1773 770 1838 quo
800 1749 874 1814 talis
907 1751 954 1815 sic
983 1749 1102 1816 electus
1132 1751 1300 1838 negligens
1329 1761 1428 1834 esset,
1458 1762 1534 1816 tunc

108 1852 275 1939 collegium
298 1851 501 1939 praedictum
531 1851 600 1915 sine
627 1849 714 1914 illins
742 1849 834 1914 electi
865 1849 1094 1917 reclamatione
1123 1853 1237 1916 iterum
1265 1850 1407 1936 eligendi
1433 1849 1534 1916 ulium

108 1950 238 2016 liberam
280 1950 402 2016 habeat
446 1949 632 2014 facultatem
677 1948 799 2013 tociens
840 1949 992 2034 quociens
1040 1953 1207 2034 contingat
1245 1959 1278 2014 et
1316 1949 1533 2036 negligentiae

109 2048 326 2115 intolerabiles
358 2048 446 2116 fiant.
488 2047 533 2113 Et
567 2056 741 2134 propterea
773 2049 807 2112 in
835 2047 897 2112 boc
924 2069 1034 2113 omnes
1066 2047 1205 2134 eligendi
1235 2047 1275 2113 de
1304 2048 1474 2134 diligentia
1502 2056 1575 2112 ettt

110 2151 360 2236 praemissorum
393 2147 601 2212 observantia
639 2145 775 2232 collegio
812 2147 1001 2232 promittere
1035 2145 1164 2211 debent.
1206 2147 1287 2211 Item
1319 2147 1455 2235 quilibet
1488 2148 1535 2212 sic

110 2247 225 2313 electris
259 2256 293 2311 et
322 2246 484 2312 admissus
522 2265 689 2310 resumens
718 2246 752 2308 in
785 2245 947 2332 principio
979 2246 1104 2331 primae
1134 2267 1212 2310 suae
1240 2247 1447 2311 resumtionis
1480 2255 1537 2312 aut

111 2348 194 2412 circa
213 2345 359 2411 medium
377 2344 428 2410 vel
448 2354 523 2432 post
543 2345 641 2409 finem
663 2365 772 2408 omnes
788 2340 872 2430 [152']
888 2343 1056 2409 audientes
1078 2346 1246 2410 sinceriter
1268 2343 1417 2428 inducat,
1440 2367 1534 2432 prae-

112 2447 219 2512 sertim
253 2444 454 2526 sacerdotes,
481 2455 518 2509 ut
547 2445 580 2508 in
608 2440 809 2508 orationibus
838 2443 920 2526 suis,
948 2444 1056 2508 missis
1087 2452 1118 2507 et
1144 2441 1259 2508 officiis
1289 2443 1410 2509 divinis
1437 2443 1533 2509 deum

112 2548 360 2632 omnipotentem
381 2566 440 2630 pro
463 2545 570 2608 anima
591 2543 755 2626 testatoris
771 2563 909 2606 exorare
930 2542 1092 2624 studeant,
1115 2543 1169 2606 alii
1191 2565 1316 2631 quoque
1337 2545 1430 2608 iuxta
1451 2541 1577 2608 ordi-20

112 2667 182 2709 nem
213 2654 246 2708 et
279 2644 437 2730 cuiusque
466 2641 671 2732 devotionem
710 2642 815 2726 ipsius
851 2643 958 2728 iugem
992 2649 1091 2727 agent
1125 2643 1324 2707 memoriam.
1366 2642 1536 2708 Postremo

113 2743 235 2808 adiecto
249 2741 401 2824 finaliter,
423 2740 510 2828 quod
531 2741 666 2830 quilibet
689 2741 736 2806 sic
756 2762 932 2822 resumens,
954 2763 1014 2804 sua
1035 2743 1256 2828 resumptione
1271 2742 1414 2829 quotidie
1435 2741 1537 2826 finita,

113 2842 153 2907 ad
178 2839 375 2908 resolvenda
402 2839 511 2927 aliqua
536 2849 658 2927 puncta
687 2839 842 2926 specialia
869 2851 925 2904 aut
954 2839 1168 2922 difficultates,
1199 2842 1226 2904 si
1248 2851 1422 2907 occurrunt
1443 2852 1476 2906 et
1496 2841 1538 2905 ab

114 2940 316 3006 audientibus
338 2939 510 3024 requisitus
532 2940 641 3021 fuerit,
668 2961 703 3003 se
722 2937 875 3004 exhibeat
901 2948 1059 3024 paratum.
1104 2937 1201 3018 Quod
1224 2941 1251 3004 si
1271 2963 1338 3006 non
1359 2942 1469 3006 statim
1489 2963 1537 3004 re

114 3039 264 3105 collectus
291 3060 443 3103 exercere
464 3045 584 3124 potest,
613 3037 701 3123 quod
728 3047 804 3101 tunc
830 3037 940 3102 littura
965 3041 1118 3125 proximu
1145 3039 1341 3102 resmntione
1369 3038 1412 3102 ad
1438 3038 1580 3105 smol-25

114 3137 253 3204 rendum
273 3159 308 3202 se
331 3136 371 3201 de
394 3135 514 3201 eisdem
538 3137 579 3201 sit
601 3134 774 3221 obligatus.
809 3134 995 3200 Praemisso
1017 3137 1125 3201 omnia
1147 3147 1179 3200 et
1201 3136 1330 3222 singula
1352 3137 1412 3202 sub
1434 3160 1539 3224 poena

115 3239 247 3324 periurii
275 3235 485 3323 adimplenda
511 3244 668 3322 perpetuo
697 3236 744 3299 sic
772 3231 1002 3299 inviolabiliter
1031 3233 1253 3299 observentur.
1294 3235 1400 3323 Super
1421 3236 1539 3324 quibus

116 3335 263 3402 omnibus
294 3347 325 3400 et
353 3333 489 3421 singulis
517 3334 707 3421 praemissis
737 3332 922 3418 suprafatus
952 3341 1105 3397 executor
1131 3345 1163 3398 et
1191 3333 1265 3398 fidei
1297 3337 1538 3400 commissarius

116 3435 176 3500 sibi
197 3459 217 3500 a
239 3458 301 3516 me,
330 3434 456 3499 notario
479 3433 609 3519 publico
639 3431 835 3518 subscripto,
857 3429 918 3497 hoc
940 3430 1106 3518 publicum
1136 3431 1250 3496 confici
1279 3443 1310 3496 ot
1339 3434 1409 3498 fieri
1438 3436 1540 3523 peciit

116 3536 371 3616 instrumentum,
400 3555 440 3597 ao
460 3555 512 3597 me
534 3555 632 3618 snper
654 3531 715 3596 hoc
738 3528 848 3595 debita
870 3554 943 3595 cum
964 3531 1119 3594 instantia
1139 3555 1174 3596 rc
1184 3532 1316 3616 quisivit.
1359 3532 1442 3598 Acta
1465 3543 1582 3599 sontes

117 3633 194 3699 baec
218 3655 314 3715 anno,
334 3632 518 3714 indictione,
541 3631 739 3718 pontificatu,
770 3629 851 3711 loco,
878 3627 939 3711 die,
968 3653 1077 3694 mense
1098 3631 1231 3696 ethera
1252 3631 1395 3715 aeoliis,
1423 3632 1540 3720 quibus

118 3754 223 3819 snpra,
253 3731 478 3819 praesentibus
504 3729 626 3794 ibidem
648 3729 789 3814 egregiis
811 3738 842 3794 et
864 3728 1107 3794 honorabilibus
1135 3732 1224 3814 viris,
1255 3731 1394 3797 dominis
1421 3731 1540 3797 Tham-

118 3853 210 3896 mone
241 3831 370 3914 Ldsser,
404 3830 609 3895 decretorum
639 3828 780 3910 doctore,
812 3829 967 3894 canonico
997 3840 1029 3893 et
1058 3829 1296 3913 archidiacono,
1328 3853 1367 3896 ac
1400 3829 1542 3918 Georgio

119 3929 313 4014 Wnrtaensi,
343 3930 435 3995 oculo
463 3929 578 3993 decani
598 3928 722 3992 vicario
745 3928 913 4012 praefatae
935 3927 1125 3994 Misenensis
1148 3929 1312 4012 ccclesiae,
1342 3929 1478 3996 testibus
1499 3931 1542 3997 ad

120 4027 179 4094 hoc
199 4031 334 4113 vocatis,
355 4029 479 4115 rogatis
502 4031 689 4116 pariterque
709 4026 883 4113 requisitis.
1552 4040 1585 4096 35

766 4124 810 4189 Et
831 4147 891 4212 ego
915 4123 1096 4212 Gregorius
1118 4125 1379 4214 chmmermau,
1407 4129 1542 4196 clericus

766 4223 957 4288 Misenensis
980 4223 1130 4312 dyocesis
1153 4224 1360 4312 eiusdemque
1385 4227 1542 4296 ecclesiae

767 4321 971 4388 kathedralis
984 4325 1125 4389 vicarius
1147 4334 1334 4412 perpetuus,
1357 4349 1452 4392 sacra
1466 4350 1543 4414 apo·

769 4422 883 4490 stolics
903 4432 935 4488 et
954 4423 1116 4510 imperiali
1137 4425 1309 4489 autoritate
1323 4425 1473 4512 publicus
1486 4449 1542 4492 no-

767 4523 869 4588 tarius
892 4569 1013 4586 ......
1035 4524 1068 4588 in
1087 4523 1248 4608 originali.
1552 4536 1586 4591 ⁴0

289 4691 337 4753 62.
362 4684 422 4774 [Bl.
445 4683 520 4774 16¹]
538 4689 776 4751 Annivsrsarr‘en
798 4693 849 4750 des
871 4691 1011 4750 Andreas
1032 4692 1168 4768 sceqer
1190 4713 1247 4752 oon
1271 4690 1397 4756 (tortia.

202 4819 296 4886 Anno
312 4819 432 4886 domini
449 4824 527 4887 1497
541 4821 574 4884 in
590 4820 733 4906 profesto
749 4821 854 4884 sancti
866 4819 933 4884 Viti
949 4824 1109 4899 (lt-luni)
1127 4821 1160 4884 in
1181 4821 1278 4908 plena
1294 4823 1543 4908 congregatione

122 4920 348 5004 magistrorum
363 4919 403 4984 de
423 4916 559 5005 collegio
573 4918 776 4984 concorditer
790 4915 976 4983 conclusum
990 4917 1059 5000 fuit,
1083 4917 1171 5003 quod
1186 4919 1322 5006 singulis
1343 4923 1437 4985 aunis
1453 4922 1540 4985 circa

123 5017 239 5106 festum
258 5019 362 5083 sancti
382 5017 542 5083 Bonifacii
564 5017 635 5081 dies
661 5019 905 5082 anniversarius
928 5014 1124 5082 venerabilis
1148 5018 1309 5105 qnondam
1331 5021 1408 5101 viri,
1438 5021 1541 5106 magi·

125 5117 184 5182 stri
197 5115 347 5182 Andreae
361 5115 507 5203 Rttdiger
523 5115 563 5182 de
578 5115 716 5199 Gorlitz,
740 5138 853 5182 sacrae
873 5115 1054 5202 theologiae
1075 5119 1280 5204 professoris,
1302 5118 1396 5183 huius
1417 5119 1587 5210 collegiitt
