3758 6072
473 463 561 516 Vterts
586 463 849 530 Βιιιιιιιιιιοάωιιοιι,
871 463 1121 522 ventae-1522.

331 649 360 716 5.
387 661 529 722 onemo
550 663 690 716 naaasr
711 662 806 713 amar
827 664 1024 717 orrrcunas
1041 663 1266 716 rscsnrarrs.

171 791 297 875 Placet,
320 792 406 881 quod
427 793 567 859 decanus
588 803 661 882 post
685 797 735 861 sui
755 796 942 862 electionem
961 798 1047 863 infra
1065 799 1204 885 primam
1231 807 1379 862 octavam
1409 791 1506 859 debet

97 912 277 957 convocare
299 915 408 958 omnes
431 895 604 980 magistros
627 894 666 958 de
688 895 821 960 consilio
840 895 1003 960 facultatis
1023 919 1121 983 super
1148 896 1302 961 electione
1324 893 1507 961 officialium

97 989 241 1058 eiusdem
261 991 435 1076 facultatis,
462 1002 498 1058 ut
518 992 768 1080 clavigeram,
796 1005 1002 1062 executorem
1024 1005 1230 1079 statutorum,
1260 1005 1446 1062 tenatorum
1477 1001 1509 1057 et

95 1091 316 1174 visitatorum
337 1101 370 1156 et
390 1090 492 1158 solum
512 1103 699 1179 praesentes
720 1096 753 1158 in
775 1097 1010 1160 convocatione
1035 1097 1183 1181 magistri
1211 1095 1330 1160 debent
1357 1094 1506 1182 deputari
1532 1101 1548 1156 5

91 1187 132 1253 ad
152 1187 337 1256 huiusmodi
359 1191 466 1255 officia
487 1190 659 1275 facultatis,
681 1192 818 1280 talisque
839 1195 1033 1260 convocacio
1054 1193 1112 1259 fiat
1134 1194 1192 1259 sub
1212 1217 1317 1282 poena
1339 1194 1507 1258 carenciae

91 1290 344 1376 acturegenciae.

129 1493 158 1554 6.
188 1505 330 1566 QUANDO
351 1506 509 1556 DEGANUS
532 1507 647 1556 DEBE'I'
668 1509 898 1558 DISTRIBUERE
919 1510 1104 1560 EXEROICIA
1130 1511 1235 1560 meaa
1255 1509 1460 1562 MAGISTROS.

174 1637 321 1719 Quilibet
340 1639 482 1708 decanus
505 1643 649 1730 sequenti
670 1641 732 1725 die,
754 1644 817 1710 nisi
827 1643 1092 1731 impedimentum
1103 1643 1256 1728 obstaret,
1278 1652 1353 1733 post
1374 1641 1502 1712 electio-

90 1760 162 1804 nem
184 1737 371 1807 officialium
392 1739 554 1806 facultatis
583 1741 680 1808 debet
707 1740 900 1808 distribuere
929 1745 1098 1810 exercicia.
1141 1743 1186 1809 Et
1204 1754 1282 1810 tunc
1302 1744 1390 1810 idem
1410 1742 1550 1810 deca-10

92 1859 150 1904 nus
172 1835 303 1922 publice
317 1837 405 1924 legat
426 1846 556 1924 statute,
577 1841 750 1926 magistros
771 1864 833 1928 quo
855 1842 897 1908 ad
918 1844 1049 1910 modum
1070 1843 1245 1908 exercendi
1264 1843 1507 1924 cenomannia,

92 1935 223 2100 {ism
242 1937 400 2004 monendo
422 1948 454 2004 et
475 1938 694 2024 exhortando,
729 1949 766 2006 ut
797 1939 969 2028 diligenter
996 1947 1082 2010 omni
1110 1943 1164 2008 die
1192 1941 1382 2030 disputabili
1409 1941 1510 2010 velint

116 2036 272 2122 'sputare

235 2257 264 2317 7.
282 2270 477 2320 ascalonas
497 2271 566 2320 PRO
589 2271 834 2322 OONOUEREN'H
852 2273 994 2335 QUANDO
1016 2273 1158 2324 Banasa
1180 2275 1366 2326 bleranam.

172 2401 328 2471 Decanus
355 2427 415 2491 pro
442 2404 632 2472 lectionibus
661 2407 926 2474 concurrentibus
954 2407 1186 2474 distribuendis
1217 2419 1373 2488 convocet
1398 2431 1509 2477 omnes
1521 2417 1551 2472 15

90 2503 265 2587 magistros
285 2503 319 2566 in
341 2511 462 2568 aestate
482 2505 567 2572 infra
588 2515 721 2572 octavas
741 2508 939 2572 visitacionis
965 2507 1103 2592 Mariae,
1132 2505 1194 2596 [ιι]
1226 2510 1260 2574 in
1282 2507 1400 2596 hyeme
1420 2509 1508 2580 eirca

93 2611 242 2666 octavam
270 2599 487 2689 Epiphaniae.
528 2603 572 2669 Et
601 2605 694 2670 iuxta
727 2608 851 2672 senium
879 2608 1109 2693 magistrorum
1136 2608 1312 2676 secundum
1343 2608 1512 2696 antiquum

91 2721 215 2768 merem
237 2699 481 2768 distribumtur.

172 2922 204 2988 8.
235 2933 378 2996 cumano
403 2934 563 2984 nacssns
586 2935 743 2988 ararors
762 2937 956 2988 runmcnns
975 2937 1090 2988 ossas
1111 2940 1372 2992 raoucvasnos
1394 2943 1429 2992 nr

575 3035 722 3086 marsos
745 3037 1019 3088 coronasssrn.
1521 3031 1555 3089 ιο

170 3167 327 3232 Decanua
350 3189 410 3255 pro
434 3177 577 3255 ternpore
599 3168 741 3233 existens
763 3168 814 3234 bis
835 3171 870 3235 in
891 3168 1051 3236 decanatu
1073 3193 1142 3254 suo,
1163 3171 1332 3238 scilicetin
1346 3173 1508 3260 principio

94 3269 180 3332 etin
203 3265 269 3332 fine
287 3267 372 3332 infra
393 3289 544 3349 mensem,
567 3273 687 3332 statuta
706 3265 868 3333 facultatis
889 3271 1024 3354 arcium,
1048 3269 1190 3335 eiusdem
1210 3271 1374 3338 facultatis
1391 3295 1512 3360 suppo-

91 3369 152 3431 sita
173 3367 417 3449 concernencia,
438 3365 497 3431 sub
517 3388 623 3453 poena
642 3367 740 3430 trium
760 3367 955 3433 florenorum
976 3367 1124 3434 facultati
1156 3372 1279 3436 arcium
1301 3373 1508 3437 irremissibi-

92 3463 165 3532 liter
186 3465 478 3554 persolvendorum
498 3476 624 3532 tenetur
645 3465 813 3553 publicare
835 3477 866 3532 et
888 3467 1097 3534 excedentem
1113 3467 1166 3534 vel
1186 3469 1379 3536 excedentes
1401 3481 1514 3536 contra

91 3566 164 3651 ipsa
187 3575 317 3648 statuta,
339 3564 380 3630 de
402 3588 464 3650 quo
486 3565 539 3631 vel
560 3563 601 3630 de
621 3564 738 3652 quibus
757 3565 820 3632 sibi
839 3575 980 3650 constat,
1007 3567 1066 3632 sub
1080 3590 1151 3660 ,suo
1180 3571 1361 3636 iuramento
1382 3569 1555 3636 realitertt

92 3662 272 3728 secundum
292 3674 437 3730 tenorem
458 3673 648 3730 statutorum
669 3667 794 3752 punire,
815 3667 849 3731 in
869 3688 931 3753 quo
953 3667 1102 3754 praefata
1117 3667 1255 3734 facidtas
1279 3669 1343 3736 sibi
1362 3671 1515 3736 assistere

91 3770 222 3829 tenetur
242 3783 314 3828 cum
336 3763 460 3828 effectu

247 3951 276 4012 9.
297 3963 345 4011 aa
365 3962 552 4012 cosonssrs
574 3963 621 4011 ar
644 3963 810 4013 srsrurrs
831 3963 1071 4016 mscaraaruus
1092 3967 1160 4014 ran
1181 3967 1359 4017 ascaron.

172 4094 297 4178 Placet,
319 4096 406 4184 qnod
427 4097 562 4186 quilibet
579 4097 774 4164 decanorum
795 4097 924 4184 singula
947 4099 1007 4169 sub
1028 4123 1086 4167 suo
1108 4100 1215 4168 officio
1232 4101 1385 4168 conclusa
1403 4112 1434 4168 et
1452 4111 1515 4170 sta·

91 4205 160 4265 tuta
190 4194 398 4263 conscribere
419 4206 566 4263 teneatur
595 4208 670 4263 ante
696 4206 883 4284 computum
909 4219 969 4284 per
997 4222 1069 4270 eum
1088 4199 1291 4284 faciendum,
1323 4211 1446 4268 statuta
1473 4201 1559 4270 adae

91 4294 215 4364 librum
243 4303 434 4362 statutorum
455 4295 637 4380 facrdtatis‚
659 4295 810 4364 conclusa
831 4319 909 4362 vero
931 4296 975 4362 ad
995 4297 1114 4365 librum
1136 4300 1324 4388 papireum,
1342 4303 1389 4368 ita
1408 4311 1518 4366 tamen

92 4395 181 4482 quod
212 4393 372 4477 conclusa,
393 4397 624 4481 magistrorum
646 4418 804 4485 personas
825 4399 1057 4462 concernentia
1079 4397 1139 4464 sub
1162 4399 1289 4465 decenti
1312 4411 1344 4466 et
1364 4413 1518 4468 consueta

91 4496 207 4578 forma,
220 4517 285 4560 non
299 4492 408 4580 aliqua
425 4493 559 4583 speciali
584 4495 861 4578 dehonestatione,
883 4495 1113 4581 inscribantur,
1138 4498 1197 4564 sub
1210 4497 1320 4566 debito
1333 4502 1516 4582 iuramenti,

95 4594 184 4682 quod
207 4595 370 4682 praestitit
389 4601 536 4680 tempore
557 4593 729 4660 eleccionis
752 4617 831 4661 suae
849 4597 884 4660 in
905 4595 1072 4662 decanum

115 4781 161 4841 l0·
191 4792 291 4857 QUOD
318 4793 476 4843 necatus
503 4793 613 4843 SUPER
638 4793 807 4844 manasse
827 4795 986 4844 salculus
1007 4797 1054 4844 AD
1076 4796 1264 4846 consulunt
1285 4795 1499 4848 sacuararts
1526 4789 1559 4844 35

318 4893 391 4944 NON
411 4894 529 4942 Danaa
549 4894 658 4942 PRIMO
681 4894 802 4944 ΤΟΤΑΜ
823 4895 1056 4945 recusasset
1078 4897 1293 4948 GONVOCARE.

175 5025 308 5110 Placet,
344 5026 431 5112 quod
458 5026 600 5092 decanus
627 5025 791 5093 facultatis
819 5051 879 5116 pro
905 5037 1052 5116 tempore
1078 5031 1221 5097 existens
1251 5031 1517 5119 superingressa

94 5123 234 5192 alicrrius
255 5124 298 5190 ad
321 5125 489 5192 consilium
510 5125 672 5192 facultatis
693 5149 758 5192 non
780 5138 936 5195 convocet
961 5139 1063 5195 totam
1091 5130 1295 5214 facultatum,
1330 5132 1394 5196 nisi
1426 5132 1517 5217 prius

1291 5237 1351 5302 28*
