3794 6066
493 465 545 516 Die
562 465 664 518 Placita
681 467 796 520 nationis
813 467 957 519 Bavariasc
974 483 1035 518 vom
1053 469 1136 520 dabre
1156 469 1227 522 1198.

503 717 528 770 2.
547 718 610 770 Dm
627 717 783 772 rosolus
802 717 973 772 NATIONIS
991 718 1202 772 BAVARICAE

744 834 808 872 vom
824 821 907 872 labro
925 821 999 874 taes.

510 947 664 1005 Redaction
682 949 731 1006 des
748 948 887 1007 Iohannes
904 951 989 1008 Fabri
1001 951 1185 1008 deWerdea¹

386 1099 478 1167 Haec
499 1101 622 1190 placita
643 1100 818 1168 observent
841 1101 991 1170 doctores
1014 1115 1110 1191 atque
1131 1107 1290 1191 magistri,
1390 1159 1392 1169 .

427 1200 517 1282 Quos
538 1203 627 1268 fovet
645 1202 680 1268 in
703 1201 809 1268 studio
834 1202 896 1269 hoc
916 1206 1005 1270 natio
1026 1205 1198 1288 Bavarica,

385 1299 429 1366 Ut
447 1324 543 1388 mage
563 1300 740 1368 concordes
760 1302 844 1368 inter
864 1325 900 1368 se
920 1306 1032 1370 vivere
1054 1305 1181 1390 possint

429 1399 474 1466 Et
492 1411 588 1488 grato
608 1409 741 1468 utantm
762 1399 832 1468 iu're
854 1401 1007 1488 sodalitii,

387 1499 433 1567 Ut
453 1523 581 1590 quoque
603 1501 782 1568 communis
803 1523 856 1567 res
878 1512 975 1590 atque
995 1503 1127 1590 negotia
1149 1501 1227 1568 dicti

426 1599 578 1692 Tractari
597 1603 724 1688 possint
745 1599 930 1666 comodiore
949 1602 1057 1670 modo.

677 1700 770 1766 Haec
790 1699 941 1769 Werdea
1570 1715 1601 1770 to

217 1849 301 1916 Cum
321 1847 410 1915 nulla
429 1851 640 1916 communitas
663 1849 785 1938 absque
812 1849 949 1936 legibus,
978 1852 1119 1935 statutis,
1148 1849 1277 1938 placitis
1307 1861 1338 1916 et
1359 1852 1558 1919 rationabili-

133 1948 194 2015 bus
218 1947 476 2014 ordinationibus
498 1949 580 2015 bene
601 1949 873 2038 laudabiliterque
895 1949 1003 2036 dirigi,
1030 1949 1205 2038 gubernari
1226 1973 1265 2016 ao
1286 1951 1320 2015 in
1341 1973 1412 2016 esse
1432 1973 1559 2017 conser-

133 2051 207 2114 vari
233 2057 345 2137 queat,
374 2048 416 2114 ad
443 2048 597 2114 bonorem
629 2059 661 2114 et
687 2049 823 2136 gloriam
851 2051 1103 2137 cunctipotentis
1133 2049 1185 2116 dei
1213 2072 1339 2116 necnon
1368 2072 1428 2137 pro
1457 2051 1560 2116 incre·

135 2159 254 2232 mento,
274 2149 363 2216 sama
384 2158 417 2214 et
435 2147 521 2215 bona
542 2147 763 2236 laudabilique
776 2148 954 2215 directione
975 2150 1116 2214 nationis
1128 2147 1309 2215 Bavaricae
1332 2172 1417 2216 anno
1438 2149 1561 2216 domini

134 2249 305 2315 millesimo
327 2247 645 2335 quadringentesimo
673 2250 883 2336 nonagesimo
906 2258 1022 2315 octavo
1042 2247 1205 2314 dominica
1224 2247 1358 2314 Exaudi
1386 2253 1481 2326 (1498
1502 2256 1601 2315 dealt

134 2355 181 2416 27.
204 2352 287 2427 Mai)
320 2346 434 2412 eadem
455 2348 543 2413 natio
563 2347 727 2414 Bavarica
749 2347 934 2434 subscripta
955 2347 1075 2434 placita
1104 2358 1160 2413 aut
1181 2347 1400 2415 ordinationes
1428 2372 1560 2415 concor·

136 2448 220 2514 diter
248 2457 281 2513 et
306 2445 393 2512 nullo
423 2447 653 2533 magistrorum
681 2447 888 2534 discrepante
918 2445 1123 2535 approbavit,
1152 2447 1327 2513 ratificavit
1355 2470 1393 2513 ac
1422 2471 1482 2536 per
1509 2471 1560 2514 me

136 2547 313 2614 Iohannem
334 2545 437 2612 Fabri
466 2545 507 2611 de
526 2545 670 2613 Werdea
696 2557 754 2614 etc.
777 2543 841 2636 [1¹2]
864 2549 898 2612 in
924 2547 1009 2613 hunc
1035 2546 1179 2612 libellum
1207 2569 1457 2637 pergameneum
1487 2571 1560 2614 con·

134 2647 245 2731 scribi,
265 2645 383 2713 fistufis
404 2667 531 2734 quoque
552 2646 753 2734 temporibus
772 2645 910 2714 fideliter
927 2647 1135 2736 exequendas
1157 2669 1196 2714 ac
1217 2646 1470 2712 manutenendas
1491 2647 1561 2714 fore

133 2747 287 2813 decrevit
1567 2755 1602 2812 20

617 2902 644 2962 1.
674 2913 721 2962 on
743 2914 906 2976 sxsouns
928 2915 1100 2964 samonis.

212 3029 351 3110 Placuit,
371 3027 459 3116 quod
479 3025 615 3114 singulis
637 3029 731 3093 annis
752 3025 905 3116 deinceps
920 3032 1163 3096 anniversarius
1183 3051 1243 3116 pro
1265 3029 1436 3097 animabus
1457 3032 1558 3118 magi-

134 3139 286 3211 strorum,
314 3126 490 3210 doctorum,
520 3125 766 3211 licentiatorum,
796 3127 1054 3195 baccalariorum
1082 3139 1114 3195 et
1143 3127 1327 3194 studentum
1357 3151 1399 3194 ex
1428 3133 1559 3197 natione

132 3225 297 3293 Bavarica
319 3225 542 3291 defunctorum
566 3227 654 3292 circa
684 3227 801 3292 festum
830 3227 899 3293 divi
920 3227 1052 3315 Acgidii
1081 3227 1249 3293 alternatis
1271 3227 1399 3293 vicibus
1428 3231 1494 3294 iam
1525 3231 1558 3294 in

133 3326 270 3392 ecclesia
292 3327 397 3391 sancti
418 3323 546 3390 Nicolai
565 3326 631 3390 iam
652 3347 731 3391 vero
752 3328 786 3390 in
807 3326 888 3392 aede
910 3328 1014 3392 sancti
1034 3326 1130 3392 Pauli
1150 3325 1347 3392 sollemniter
1368 3327 1599 3394 celebretur.25

132 3426 184 3490 Ad
204 3447 300 3514 quem
322 3445 434 3490 omnes
454 3433 487 3489 ct
508 3425 626 3511 singuli
649 3426 808 3511 magistri,
837 3425 988 3493 doctores
1009 3436 1041 3491 et
1061 3425 1217 3491 licentiati
1239 3447 1299 3513 per
1321 3427 1479 3492 seniorem
1501 3449 1557 3492 na-

131 3527 237 3608 tionis,
267 3523 330 3591 hoc
356 3533 406 3589 eat
433 3545 516 3607 eum,
546 3525 597 3589 cui
628 3521 699 3589 fisci
728 3525 876 3590 custodia
905 3535 982 3591 tunc
1009 3525 1164 3612 temporis
1192 3527 1364 3591 commissa
1391 3534 1455 3610 est,
1485 3549 1558 3592 cum

133 3623 287 3691 schedula
318 3631 543 3689 convocentur.
582 3623 659 3690 Alia
685 3647 762 3691 vcro
789 3627 931 3691 nationis
959 3627 1129 3713 supposita
1159 3648 1218 3712 per
1243 3623 1407 3713 publicam
1435 3625 1556 3692 domini

133 3726 268 3790 rectoris
295 3722 574 3790 exhortationcm²
601 3723 644 3788 ad
671 3723 926 3792 interessendum
954 3725 1139 3792 huiusmodi
1165 3727 1388 3792 anniversario
1419 3746 1556 3791 eommo-

137 3833 284 3906 neantur,
313 3845 374 3910 pro
401 3845 464 3910 quo
492 3823 601 3888 senior
630 3825 771 3890 nationis
797 3823 937 3913 plebano
960 3827 1062 3892 sancti
1086 3825 1212 3892 Nicolai
1240 3835 1296 3891 aut
1323 3826 1424 3912 priori
1454 3826 1599 3892 sanctiw

134 3923 226 3990 Pauli
247 3922 365 4008 viginti
387 3943 518 4007 grossos
539 3945 640 3990 novos
663 3923 872 3990 effectualiter
895 3925 1068 4013 persolvat.

422 4111 450 4174 2.
483 4125 529 4172 nn
553 4123 712 4173 omento
733 4125 801 4174 rna
823 4125 1063 4174 coronaturos
1085 4125 1287 4174 asnnssno.
1309 4173 1312 4180 ,

215 4242 297 4307 Item
322 4239 454 4329 placuit,
483 4239 570 4327 quod
591 4238 769 4307 candelarii
790 4263 850 4328 pro
871 4250 1017 4329 tempore
1039 4243 1217 4308 existentes
1235 4264 1295 4329 pcr
1317 4263 1352 4307 se
1372 4251 1558 4331 computent

136 4341 267 4425 nationi,
290 4335 323 4428 [2
331 4335 357 4428 ¹]
380 4337 529 4428 quodque
554 4340 588 4405 in
614 4338 753 4406 solidum
778 4341 842 4406 sint
864 4339 1012 4428 obligati.
1052 4339 1117 4420 Qui
1144 4342 1172 4406 si
1199 4361 1259 4428 per
1286 4363 1321 4406 se
1342 4363 1379 4407 eo
1401 4353 1556 4432 tempore,

134 4463 195 4530 quo
214 4441 303 4506 natio
326 4439 500 4506 convocari
521 4441 697 4523 consuevit,
722 4441 845 4505 nationi
867 4437 986 4506 bonam
1013 4441 1171 4505 rationem
1192 4461 1257 4505 non
1278 4441 1480 4508 reddiderint
1501 4454 1596 4510 autes

132 4541 295 4627 pecunias,
324 4561 344 4605 a
373 4538 549 4626 suppositis
577 4561 636 4626 pro
658 4539 866 4606 candelarum
892 4539 1066 4605 refectione
1094 4548 1252 4626 receptas,
1279 4561 1344 4606 non
1370 4551 1555 4628 praesenta-

131 4641 235 4707 verint
257 4641 368 4727 sieque
389 4640 553 4704 nationem
580 4635 774 4704 defraudare
802 4639 1097 4726 praesumpserint,
1127 4638 1260 4727 deputet
1285 4642 1374 4706 natio
1396 4663 1494 4705 unum
1514 4664 1555 4706 ex

133 4741 308 4829 magistris,
337 4742 392 4828 qui
421 4736 550 4806 eosdem
570 4760 681 4805 coram
701 4736 831 4805 domino
856 4749 982 4804 rectore
1004 4739 1175 4806 conveniat
1201 4747 1233 4806 et
1254 4739 1438 4806 huiusmodi
1459 4761 1554 4827 pecu·

209 4980 222 5032 1
249 4973 292 5030 lm
321 4973 448 5046 Original
466 4971 598 5030 crhalten
627 4967 982 5043 vgl.Urkund1.Quelten
1007 4969 1035 5026 S.
1053 4975 1110 5028 131.
1144 4971 1198 5028 Die
1214 4972 1389 5044 Beriffmng
1406 4971 1455 5026 der
1472 4971 1555 5028 Para·

134 5057 256 5132 graphan
272 5059 310 5114 ist
323 5075 377 5114 ron
392 5057 450 5115 mir.

205 5147 221 5201 2
244 5141 309 5215 vgl.
326 5145 412 5199 untes
429 5139 495 5200 Nro.
514 5143 548 5198 ta
566 5137 623 5196 und
640 5137 678 5194 lm
695 5135 822 5194 Libellus
841 5136 998 5194 formularii
1016 5137 1045 5196 S.
1067 5143 1121 5208 118,
1139 5143 1154 5194 5
1173 5137 1211 5210 fg.

1325 5227 1382 5291 11*
