3788 6078
631 444 845 508 Beatimmangen
862 457 910 494 aar
928 445 986 493 dara
1005 443 1088 494 Jahra
1107 441 1180 494 1555.
1556 443 1616 508 623

197 643 263 690 non
283 625 353 688 aine
374 623 506 711 publica
527 623 700 690 multorum
723 625 860 712 pernitie
882 635 915 689 et
935 623 1102 710 dignitatis
1129 625 1209 690 artis
1232 636 1264 690 et
1292 623 1415 691 ordinis
1435 625 1538 689 nostri
1558 624 1614 688 im-

198 723 375 788 minutione
397 725 515 812 praxin
538 745 690 790 exercere
718 734 887 811 ceperunt,
917 723 1061 790 decrevit
1086 724 1240 808 facultas,
1262 735 1297 788 ut
1323 723 1460 812 posthac
1486 733 1615 806 statuta,

198 843 283 910 quae
310 820 538 910 praescribunt
565 824 700 888 formam
722 833 754 888 et
774 825 932 888 rationem
952 822 1147 906 studiorum,
1169 824 1340 909 quotannis
1363 824 1396 888 in
1420 821 1472 887 die
1489 822 1614 886 Lucae¹

199 922 269 986 aine
291 919 445 988 dilatione
467 922 696 1010 praelegantur
717 921 940 988 baccalaureis
966 931 998 986 ct
1029 922 1218 988 scolaribus.
1259 923 1312 987 Ad
1332 943 1429 1009 quam
1456 944 1525 986 rem
1546 942 1616 1008 per·

203 1020 409 1088 commodum
430 1043 500 1086 esse
519 1025 648 1110 putavit
667 1021 818 1104 facultas,
840 1033 874 1086 ut
893 1019 1029 1108 posthac
1049 1045 1159 1087 omnes
1182 1034 1210 1087 at
1231 1020 1367 1107 singuli,
1390 1043 1452 1108 quo
1474 1031 1617 1107 tempore
1642 1029 1659 1084 5

202 1123 344 1207 primum
355 1125 498 1186 animum
516 1119 683 1208 applicant
699 1119 742 1185 ad
764 1120 952 1186 discendam
975 1135 1087 1202 amem,
1109 1133 1165 1186 aut
1185 1124 1239 1208 qui
1262 1145 1303 1186 ex
1324 1120 1389 1185 alia
1409 1121 1618 1184 universitate

200 1220 367 1286 scholares
397 1220 460 1285 huc
490 1223 638 1304 veniunt,
668 1242 784 1285 nomeu
821 1241 913 1284 suum
947 1220 1034 1306 apud
1069 1221 1224 1286 decanum
1262 1220 1474 1308 profiteantur
1507 1230 1538 1283 et
1572 1221 1618 1283 in·

201 1318 305 1384 scribi
335 1316 539 1407 ou[16]rent,
564 1329 617 1402 ut,
646 1341 740 1406 quem
768 1341 898 1384 cursum
932 1319 1109 1386 studiorum
1141 1322 1318 1404 tenuerint,
1354 1329 1467 1406 postea
1500 1321 1620 1384 rectius

203 1419 356 1505 cognosci
377 1422 489 1507 possit
899 1507 918 1570 2

920 1551 928 1566 .
1632 1513 1663 1570 10

286 1619 431 1705 Cumque
451 1618 543 1684 multi
563 1627 684 1684 temere
704 1618 747 1683 ad
766 1616 888 1704 gradum
912 1619 1072 1706 aspirent,
1096 1639 1134 1682 co
1154 1618 1241 1705 quod
1261 1627 1383 1706 putant,
1406 1641 1440 1684 se
1461 1629 1621 1707 utcunque

201 1727 330 1806 tempus
353 1717 520 1784 definitum
550 1719 583 1783 in
606 1719 733 1782 statutis
761 1717 991 1804 complevisse,
1020 1740 1091 1782 cum
1114 1727 1221 1782 tamen
1242 1717 1380 1783 eruditio
1402 1741 1467 1784 non
1486 1741 1619 1808 respou-

204 1817 299 1901 deat,
320 1817 459 1882 facultas
481 1839 559 1882 vero
582 1819 762 1882 iuramento
785 1819 918 1883 astricta
948 1819 1006 1900 sit,
1034 1839 1074 1882 ne
1096 1829 1225 1906 praeter
1247 1816 1438 1904 dignitatem
1459 1817 1559 1905 aliqui
1579 1819 1622 1884 ad

203 1917 344 1982 honores
360 1917 546 1998 evehantur,
569 1915 610 1982 de
632 1937 695 2004 quo
718 1913 876 2002 singulari
897 1917 993 1980 etiam
1016 1915 1149 1982 consilio
1166 1940 1191 1983 -a
1213 1915 1391 1982 maioribus
1412 1927 1544 1983 cautum
1563 1929 1621 2004 cst,

203 2018 349 2084 decrevit
363 2015 501 2081 facultas
517 2015 662 2103 posthac,
683 2025 719 2079 ut
741 2037 781 2078 ex
804 2013 1076 2100 disputationibus
1097 2026 1130 2080 et
1149 2015 1340 2082 lectionibus
1362 2015 1618 2102 candidatorum,
1630 2029 1661 2086 15

203 2117 321 2204 quibus
340 2115 486 2181 doctores
500 2126 569 2179 turn
587 2117 743 2200 temporis
763 2113 934 2199 diligenter
954 2114 1111 2180 interesse
1133 2113 1261 2198 debent,
1281 2113 1428 2180 iuditium
1449 2116 1507 2182 fiat
1528 2139 1620 2184 aecu-

204 2226 275 2282 rate
297 2215 337 2280 de
359 2213 538 2280 eruditione
559 2223 591 2278 et
612 2211 792 2299 aptitudine
820 2214 997 2301 petentium
1023 2213 1164 2300 gradua3
1192 2237 1268 2278 nam
1292 2215 1319 2278 si
1341 2211 1396 2301 qui
1417 2216 1520 2304 inepti
1540 2216 1622 2284 iudi·

205 2318 271 2381 eati
298 2316 434 2396 fuerint,
463 2311 537 2377 illos
566 2333 606 2376 ne
638 2311 768 2400 quidem
796 2311 1011 2377 admittendos
1037 2311 1079 2377 ad
1107 2315 1297 2399 petitionem
1329 2312 1464 2379 alicuius
1498 2315 1621 2402 gradus

204 2426 330 2497 censet,
354 2409 417 2500 [17]
438 2435 479 2477 nc
498 2423 531 2476 et
552 2410 616 2476 sihi
636 2421 667 2476 et
686 2410 832 2476 facultati
853 2421 974 2475 temere
994 2413 1157 2498 negotium
1179 2413 1343 2478 facessant
1363 2423 1395 2478 et
1416 2414 1480 2500 ipsi
1501 2416 1535 2479 in
1557 2414 1622 2481 dia·

205 2515 330 2579 crimen
350 2513 534 2578 reiectionis
554 2513 700 2592 veniant3
722 2533 798 2575 nam
820 2509 947 2598 quoda
964 2511 1142 2576 maioribus
1162 2513 1281 2578 noenia
1304 2513 1431 2598 magnis
1453 2511 1494 2577 de
1515 2516 1666 2582 causisw

205 2623 238 2678 et
260 2614 355 2700 gravi
376 2609 510 2676 consilio
531 2609 595 2675 hsc
617 2611 651 2674 in
673 2620 767 2696 parte
786 2610 946 2674 sancitum
967 2619 1025 2692 eat,
1045 2608 1080 2672 id
1102 2613 1198 2674 etiam
1220 2613 1305 2676 serio
1327 2624 1375 2694 et,
1398 2634 1462 2699 qua
1482 2633 1544 2700 par
1565 2625 1624 2697 est,

204 2714 391 2798 integritate
413 2709 636 2798 exequendum
658 2711 787 2775 omniuo
811 2709 873 2775 sibi
895 2712 1008 2775 staunt
1026 2709 1171 2775 facultas.

904 2831 932 2893 3.

291 2944 375 3012 Cum
397 2945 501 3008 omnis
524 2943 686 3029 imperitia
706 2943 747 3006 sit
768 2940 1006 3028 rebuapublicis
1028 2941 1275 3023 detrimentosa,
1296 2943 1472 3029 praecipue
1493 2965 1571 3009 vero
1591 2946 1625 3010 in

206 3045 269 3110 hac
291 3052 362 3108 arte
383 3064 534 3128 magnam
557 3041 672 3108 afferat
694 3043 880 3128 perniciem,
902 3041 1034 3108 ultimus
1054 3041 1194 3127 gradm,
1216 3041 1401 3107 doctoratus
1423 3040 1584 3126 videlieet,
1606 3055 1668 3111 att

206 3143 383 3210 maioribus
418 3143 611 3207 constitutus
648 3151 716 3224 est,
757 3151 792 3206 ut
835 3143 877 3206 sit
918 3139 1082 3227 publicum
1120 3141 1338 3206 testimonium
1370 3139 1560 3208 eruditionis
1595 3153 1627 3210 et

207 3243 375 3310 doctrinae
397 3240 559 3328 perfectae
580 3237 683 3322 illius,
711 3240 769 3327 qui
797 3239 925 3327 publice
953 3239 1105 3306 medendi
1130 3250 1233 3304 artem
1260 3260 1413 3306 exercere
1441 3250 1475 3306 et
1495 3243 1547 3307 cui
1569 3242 1625 3310 ho·

209 3345 312 3408 mines
325 3343 424 3405 vitam
448 3349 479 3404 et
499 3337 635 3404 salutem
656 3361 746 3403 suam
767 3347 835 3404 tuto
858 3341 1059 3405 committere
1079 3339 1214 3426 possint
1244 3337 1358 3426 Itaque
1373 3339 1625 3425 prudentissime

208 3440 337 3508 abillis
359 3449 490 3506 cautum
511 3449 577 3520 est,
599 3459 639 3503 ne
660 3439 715 3524 qui
737 3437 894 3506 antehoc
915 3436 1083 3526 publicum
1108 3439 1325 3504 testimonium
1351 3437 1502 3504 medendi
1524 3451 1627 3506 artem

207 3563 273 3606 uon
292 3541 361 3604 eine
384 3537 528 3624 periculo
549 3537 787 3622 aegrotantium
811 3548 843 3603 ct
870 3537 1006 3603 aliorum
1034 3536 1198 3602 hominum
1224 3536 1472 3624 intelligentium
1494 3539 1670 3627 querelam

208 3639 374 3724 nostrique
395 3637 518 3704 ordinis
539 3637 718 3723 ignominia
739 3645 887 3720 tractent,
911 3636 997 3723 quod
1020 3646 1172 3702 statutum
1194 3637 1378 3704 omnimodo
1400 3645 1448 3702 est
1469 3639 1624 3706 tuendum

209 3747 242 3804 et
262 3735 529 3804 conservandum.
579 3732 971 3824 Unani[18]miterigitur
993 3735 1137 3802 decrevit
1156 3736 1306 3819 facultas,
1327 3747 1371 3819 ut,
1394 3737 1424 3801 si
1445 3739 1509 3824 qui,
1534 3737 1627 3806 obliti

209 3838 314 3902 omnia
337 3834 530 3918 modestiae,
559 3845 672 3901 contra
697 3837 770 3902 ausi
796 3837 914 3901 luerint
934 3836 1042 3900 fecere
1064 3846 1095 3902 et
1116 3835 1270 3902 honorem
1293 3835 1355 3902 sibi
1381 3834 1524 3902 nondum
1550 3859 1626 3904 oon·

209 3958 339 4002 cessum
360 3935 564 4021 impudenter
590 3955 764 4020 usurpare,
792 3934 864 4000 illos
894 3936 991 4000 etiam
1020 3945 1135 4022 postea
1160 3957 1265 4022 neque
1291 3933 1334 4000 ad
1359 3934 1513 4002 honorem
1535 3936 1625 4004 illum

206 4058 312 4122 nequa
341 4034 384 4100 ad
411 4045 556 4100 nostram
585 4035 772 4100 societatem
798 4033 1013 4100 admittendos
1035 4056 1176 4118 unquam
1198 4055 1286 4118 esse,
1316 4033 1476 4122 siquidem
1503 4035 1664 4123 indignus

208 4135 297 4205 haud
318 4136 477 4200 immerito
498 4134 681 4202 iudicantur
702 4133 763 4200 hoc
785 4133 914 4216 ordine,
935 4135 1026 4200 ossius
1049 4134 1154 4219 leges,
1175 4133 1416 4218 authoritatem,
1437 4133 1628 4222 dignitatem

210 4245 243 4300 et
266 4236 537 4301 existimationem
561 4243 765 4300 contemnere
786 4256 850 4298 nou
869 4243 1030 4302 verentur.

292 4373 449 4432 Hieauoct
470 4391 528 4430 con
547 4373 678 4431 nudarer
697 4372 809 4431 Hand:
890 4409 893 4414 ι

211 4483 283 4550 VII.
304 4481 350 4571 [S.
366 4481 415 4572 19]
436 4503 678 4552 naraourruu
694 4503 740 4552 ur
758 4504 863 4552 urnae
881 4499 1219 4566 mussemutinae
1243 4499 1390 4552 estimo
1410 4499 1630 4553 ssuunoauu

464 4603 726 4653 UNIVERSITATIS
746 4605 781 4652 lu
803 4601 1031 4653 Paouorloua
1051 4600 1374 4652 nocuomnoemi.
1635 4597 1670 4660 40

772 4690 833 4753 Vgl.
854 4690 924 4738 oben
943 4687 971 4738 S.
990 4688 1031 4747 84.
1054 4689 1074 4738 1.

294 4767 498 4856 Quicumque
519 4792 678 4834 summum
701 4769 857 4836 honorum
881 4768 1122 4836 scolasticorum
1145 4767 1283 4854 gradsuu
1310 4772 1471 4836 consecuti
1499 4772 1628 4856 fuerint,

210 4879 246 4934 ut
267 4867 318 4933 vel
340 4871 373 4934 in
396 4891 492 4934 sacra
510 4867 672 4954 theologia
694 4869 744 4934 vel
774 4869 875 4935 altero
900 4879 958 4934 aut
983 4879 1120 4955 utroque
1140 4869 1210 4932 iure
1230 4865 1281 4932 vel
1301 4866 1462 4935 medicina
1479 4872 1628 4957 magistri

296 5042 311 5092 t
329 5035 459 5092 Dariiber
475 5050 532 5090 aar
547 5033 755 5106 geschriebsns’.
766 5041 796 5092 13
809 5036 975 5104 Deserere,
990 5034 1049 5089 dies
1066 5035 1103 5090 iat
1114 5034 1181 5090 abar
1197 5032 1294 5090 wieder
1311 5035 1524 5106 auageatrichen,
1532 5037 1630 5092 aedas

209 5119 300 5178 falech
318 5137 390 5190 ποις
408 5120 458 5174 der
476 5119 540 5192 'fag
557 5121 650 5174 Lucae
666 5137 705 5175 eo.
723 5119 787 5174 faut
804 5119 855 5176 auf
867 5119 920 5176 den
939 5124 978 5176 is.
996 5119 1066 5192 Oct,
1083 5119 1132 5176 der
1148 5119 1212 5191 Τις
1230 5119 1333 5174 mae
1354 5119 1407 5174 auf
1425 5120 1479 5177 deu
1498 5124 1537 5178 1³.
1557 5120 1627 5180 Dec.
