3794 6060
633 473 684 522 Dic
702 471 883 523 Reformation
902 485 964 521 vom
982 471 1064 522 Jahrc
1086 477 1159 521 1502.
1544 470 1584 531 27

143 662 271 719 catores
295 653 480 740 deputatos
502 659 534 717 et
553 675 611 740 per
640 654 883 718 universitatem
913 655 947 718 in
975 653 1138 720 ιἰιῒιιιιιιιι1
1168 651 1353 739 specialiter
1383 651 1418 714 in
1448 648 1583 736 singulis

149 753 400 818 mutacionibus
425 751 627 839 deputandos
648 751 747 816 fuerit
767 753 943 818 convictus.

232 951 325 1032 Quia
343 975 422 1017 vero
446 950 530 1017 hanc
552 950 774 1037 supradictam
799 953 1022 1016 universitatis
1034 951 1226 1039 Liparensis
1236 949 1500 1014 reformationem
1514 947 1583 1012 Nos

149 1049 377 1135 Georgius,
398 1048 450 1114 dei
480 1051 588 1135 gratia
611 1049 679 1114 dux
701 1049 881 1130 Saxoniae,
914 1051 1044 1115 nomine
1065 1049 1200 1116 illustris
1223 1049 1381 1135 principis
1407 1057 1440 1112 et
1461 1046 1584 1112 domini

148 1147 337 1230 Albcrti,
360 1149 517 1234 genitoris
539 1149 660 1230 nostri,
682 1148 768 1214 dicto
791 1148 922 1212 domino
945 1158 1055 1215 nostro
1079 1159 1112 1215 et
1132 1150 1252 1230 amico,
1273 1147 1404 1212 dominc
1427 1145 1583 1226 Tilcni,
1609 1155 1625 1209 5

149 1247 204 1312 dei
224 1256 258 1312 et
278 1247 481 1334 apostolicae
505 1247 591 1312 sedis
614 1249 722 1334 gratia
743 1248 895 1334 episcopo
923 1245 1200 1332 Merssburgeusi,
1229 1245 1336 1310 dictae
1358 1253 1489 1311 nostrae
1515 1246 1584 1310 uni·

148 1347 318 1412 versitatis
340 1343 535 1410 cancellario
563 1356 594 1410 et
619 1348 841 1410 conservatori
864 1345 1053 1432 apostolico,
1075 1348 1123 1410 uti
1148 1348 1362 1434 praemissum
1375 1354 1433 1427 eet,
1456 1368 1477 1409 a
1495 1345 1583 1431 geni-

151 1453 223 1510 tore
248 1454 363 1510 nostro
391 1454 423 1509 et
450 1443 547 1508 uobis
577 1446 799 1526 commissam,
824 1444 891 1530 legi
916 1443 1098 1509 audivimus
1121 1467 1255 1531 eamque
1281 1445 1315 1508 in
1337 1444 1487 1518 omnibus
1519 1444 1585 1506 suis

151 1546 283 1631 punctis
305 1553 337 1608 et
359 1541 508 1608 articulis
530 1544 711 1609 examinari
740 1545 874 1608 fecimus
900 1543 1149 1631 honestamque,
1178 1541 1305 1623 utilem,
1332 1550 1525 1629 oportunam
1554 1552 1586 1607 et

154 1642 385 1708 rationabilem
416 1642 618 1727 reperimus:
653 1651 851 1728 quapropter
880 1641 1015 1706 eandem
1043 1642 1231 1706 admisimus
1259 1650 1290 1705 et
1318 1640 1523 1706 laudavimus
1551 1650 1584 1705 et
1595 1651 1626 1706 10

155 1764 214 1829 per
235 1751 426 1828 praesentes
448 1738 658 1821 admittimus,
680 1737 849 1804 laudamus
872 1749 904 1804 et
925 1741 966 1806 ab
988 1741 1136 1806 omnibus
1158 1749 1191 1805 et
1212 1739 1347 1824 singulis
1367 1748 1498 1804 nostrae
1515 1742 1585 1804 uni-

154 1840 321 1904 versitatis
345 1837 555 1926 supradictae
585 1837 699 1904 ineolis
729 1839 961 1904 inviolabiliter
987 1839 1158 1906 observari
1183 1837 1341 1905 volumus.
1395 1838 1523 1904 Idcirco
1550 1841 1585 1903 in

157 1939 300 2004 omnium
321 1948 355 2002 ct
375 1935 578 2022 singulorum
609 1936 743 2002 evidens
774 1939 992 2004 testimonium
1021 1939 1162 2026 sigillum
1187 1945 1334 2002 nostrum
1360 1936 1585 2024 praesentibus

156 2037 276 2101 litteris
298 2035 443 2123 appendi
465 2037 628 2100 iussimus.

238 2135 285 2200 Et
304 2157 365 2200 nos
388 2134 495 2215 Tilo,
518 2133 571 2198 dei
592 2143 624 2198 et
644 2133 843 2220 apostolicae
864 2135 951 2200 sedis
973 2137 1080 2222 gratia
1101 2136 1274 2222 episcopus
1294 2133 1626 2220 Merssburgensis,15

159 2235 264 2300 dictae
284 2232 709 2319 universitatisLipzeensis
725 2231 937 2298 cancellarius
958 2237 1072 2300 unicus
1093 2243 1125 2299 et
1146 2242 1356 2298 conservator
1377 2232 1585 2318 apostolicus,

159 2333 357 2398 antedictam
377 2331 474 2397 nobis
501 2333 706 2396 commissam
733 2341 766 2396 et
787 2331 929 2398 oblatam
956 2335 1239 2418 examinatamque
1265 2333 1486 2397 universitatis
1508 2333 1585 2418 Lip-

161 2434 285 2498 czensia
318 2431 583 2496 reformationem
612 2431 646 2494 in
674 2430 824 2496 omnibus
852 2433 919 2494 auis
940 2432 1069 2517 punctis
1097 2443 1129 2496 et
1152 2430 1297 2496 articulis
1324 2433 1420 2496 ctiam
1447 2433 1586 2496 auetori-

159 2541 225 2597 tate
247 2529 430 2618 apostohca
452 2528 683 2614 approbamus,
707 2529 904 2594 ratificamus
926 2539 958 2594 et
972 2531 1015 2594 ab
1031 2530 1179 2596 omnibus
1200 2528 1344 2594 eiusdem
1364 2530 1586 2596 universitatis

161 2631 339 2717 suppositis
369 2629 562 2692 inconcusse
593 2625 831 2692 observandam
868 2636 900 2692 et
933 2629 1106 2694 tenendam
1138 2650 1197 2716 per
1233 2636 1421 2714 praesentes
1458 2629 1626 2714 pariterw

159 2727 361 2793 roboramus.
413 2725 623 2813 Quapropter
641 2735 829 2812 praesentes
845 2724 971 2792 litteras
983 2727 1221 2794 reformationis
1245 2724 1352 2812 sigillo
1375 2733 1487 2792 nostru
1501 2748 1587 2792 com·

159 2827 278 2894 muniri
299 2823 568 2890 demandavimus
578 2823 600 2885 ².

243 2925 369 2989 Datum
399 2933 432 2988 et
459 2931 565 2987 actum
592 2923 626 2985 in
658 2930 765 2986 castro
793 2922 969 3012 Lipzcensi
996 2947 1081 2990 anno
1103 2947 1123 2990 a
1142 2924 1313 2990 nativitate
1341 2923 1464 2989 domini
1483 2925 1587 2990 nostri

160 3025 233 3089 Iesu
255 3022 380 3089 Christi
400 3019 1105 3108 millesimcquadringcntesimononagesimo
1135 3033 1248 3106 sexto,
1277 3023 1329 3088 die
1351 3021 1504 3106 Veneris,
1531 3022 1585 3087 de-

162 3125 245 3188 cima
268 3130 388 3186 octava
407 3120 528 3186 mensis
550 3117 716 3184 Octobris.
1595 3127 1629 3184 25

509 3489 535 3540 d.
551 3486 620 3538 Dus
641 3485 804 3538 flaRzoes
823 3485 945 3538 GEORG
963 3486 1222 3540 REFOBMATION

687 3585 749 3620 vom
769 3571 792 3622 8.
811 3570 961 3621 November
980 3569 1074 3623 1502³
1172 3603 1174 3612 ι

221 3721 272 3786 Ζιι
294 3718 463 3800 marchen,
490 3718 552 3782 vie
573 3717 662 3782 diese
682 3716 822 3782 lbbliehc
842 3719 1033 3784 univcrsitet
1052 3717 1137 3783 alhie
1158 3739 1198 3782 au
1221 3717 1360 3806 Leipzig
1380 3719 1415 3782 in
1437 3717 1521 3783 allen

587 3815 761 3881 facrdteten
782 3816 830 3882 sol
849 3817 1013 3882 reformirt
1031 3815 1169 3883 werden„

391 3982 442 4032 AM
462 3981 596 4030 EBSTEN
617 3983 677 4030 DIE
699 3983 882 4034 FACULTET
904 3987 975 4034 Dua
996 3984 1163 4034 HAILIGEN
1186 3984 1361 4032 sonamus.
1595 3974 1630 4030 30

171 4169 175 4175 ,
245 4095 415 4163 Nachdcm
444 4093 501 4159 der
528 4093 678 4160 doctores
707 4094 765 4161 der
790 4096 934 4183 heiligen
963 4098 1088 4162 sehrifft
1115 4097 1172 4162 inn
1205 4097 1357 4182 geringer
1390 4093 1442 4160 nal
1468 4094 1587 4180 hegen-

164 4199 277 4284 vcrtig
298 4215 388 4281 seyn,
413 4191 554 4257 sondcrn
576 4193 645 4258 sich
665 4215 730 4258 ann
751 4193 876 4260 andern
896 4195 992 4278 endn,
1014 4195 1056 4260 do
1074 4196 1121 4260 sie
1142 4194 1225 4261 auch
1245 4196 1275 4258 ir
1287 4191 1587 4279 gew'dnliehwesen

165 4295 312 4363 auhaben
330 4293 591 4378 furgenommen,
611 4291 789 4376 cnthalten,
811 4293 878 4358 und
898 4293 984 4359 doch
1003 4296 1062 4359 mit
1086 4292 1248 4380 pfriinden
1276 4314 1342 4358 von
1372 4291 1429 4358 der
1458 4294 1585 4358 univer·

164 4394 237 4459 sitet
255 4391 417 4458 vorsehen
439 4389 518 4456 oder
540 4399 671 4456 sonsten
693 4392 869 4458 salariatcn
890 4415 983 4479 seyn:
1015 4394 1059 4457 ist
1078 4391 1260 4456 batrachtct
1285 4391 1354 4456 und
1374 4391 1426 4456 fur
1447 4400 1506 4476 gut
1527 4413 1582 4456 an-

233 4612 244 4660 1
267 4604 435 4662 Undeutlich
454 4603 511 4660 und
528 4619 659 4676 ungenau
675 4605 863 4676 gesehrieben.

231 4694 247 4744 2
265 4687 352 4743 Beide
366 4686 459 4758 Siegel
474 4687 536 4742 sind
557 4687 630 4744 noch
650 4687 784 4758 crhaltan,
801 4707 855 4744 nur
867 4690 918 4746 das
929 4688 1111 4746 bisehbfliohe
1123 4687 1283 4744 inmehrere
1293 4686 1397 4744 Sticho
1409 4685 1585 4742 aerbroehen.

229 4777 244 4828 3
261 4772 322 4826 Das
344 4769 472 4842 Original
489 4771 527 4826 ist
544 4771 677 4826 verloren.
713 4773 859 4828 Abschrift
875 4772 926 4829 bat
941 4774 1001 4830 sich
1019 4771 1144 4829 erhalten
1163 4773 1202 4827 im
1226 4769 1415 4842 Copialbuche
1434 4769 1483 4824 der
1498 4769 1587 4840 philo·

167 4854 330 4928 sophischen
347 4853 479 4908 Facults'tt
496 4851 523 4909 S.
541 4859 589 4910 367
610 4855 660 4908 mit
678 4856 727 4910 der
744 4857 948 4914 Ueberschrift:
972 4859 1062 4930 Copia
1080 4858 1178 4912 veteris
1195 4855 1406 4926 reformationis
1422 4853 1585 4908 universita-

167 4941 200 4994 tis
217 4941 293 4994 actua
311 4937 449 5008 originale
473 4939 624 4994 emtiuatrtr
648 4940 678 4991 ia
697 4941 769 5007 fisco
791 4942 914 4995 rectoria¹
935 4943 987 4997 Ao.
1008 4945 1082 4996 1502.
1116 4939 1181 5010 Vgl.
1198 4937 1335 4996 Urkundl.
1354 4935 1471 5002 Quellen
1489 4934 1516 4990 S.
1537 4942 1586 4992 779

168 5023 230 5079 Nrc.
251 5028 290 5079 10.
324 5022 395 5076 Eine
416 5019 563 5076 Abschrift
586 5021 685 5076 hievcn
705 5023 733 5076 in
755 5022 782 5078 J.
800 5023 827 5079 J.
851 5025 963 5096 Vogel’s
986 5025 1122 5080 Annalen.
1157 5023 1221 5092 Vgl.
1248 5022 1316 5078 Urk.
1336 5019 1425 5085 Quell.
1444 5017 1472 5074 S.
1491 5024 1541 5076 61³
1560 5039 1587 5076 u

169 5111 223 5163 888.
256 5107 315 5162 Dar
332 5104 464 5175 mngsng
481 5104 589 5161 scheint
606 5121 641 5159 ru
658 5103 759 5160 fahlen.
