<?xml version="1.0" encoding="UTF-8"?>
<!DOCTYPE html PUBLIC "-//W3C//DTD XHTML 1.0 Transitional//EN"
    "http://www.w3.org/TR/xhtml1/DTD/xhtml1-transitional.dtd">
<html xmlns="http://www.w3.org/1999/xhtml" xml:lang="en" lang="en">
 <head>
  <title>
</title>
<meta http-equiv="Content-Type" content="text/html;charset=utf-8" />
  <meta name='ocr-system' content='tesseract 3.04.00' />
  <meta name='ocr-capabilities' content='ocr_page ocr_carea ocr_par ocr_line ocrx_word'/>
</head>
<body>
  <div class='ocr_page' id='page_1' title='image "./diestatutenbche00leipgoog_0323.png"; bbox 0 0 3748 6070; ppageno 0'>
   <div class='ocr_carea' id='block_1_1' title="bbox 323 504 1283 574">
    <p class='ocr_par' dir='ltr' id='par_1_1' title="bbox 323 504 1283 574">
     <span class='ocr_line' id='line_1_1' title="bbox 323 504 1283 574; baseline 0.003 -15"><span class='ocrx_word' id='word_1_1' title='bbox 323 504 384 570; x_wconf 80' lang='lat'><strong>302</strong></span> <span class='ocrx_word' id='word_1_2' title='bbox 808 509 865 560; x_wconf 82' lang='lat' dir='ltr'><strong>Dua</strong></span> <span class='ocrx_word' id='word_1_3' title='bbox 884 508 1009 560; x_wconf 75' lang='lat' dir='ltr'><strong>Paultuer</strong></span> <span class='ocrx_word' id='word_1_4' title='bbox 1024 509 1127 574; x_wconf 78' lang='lat' dir='ltr'><strong>Collsg.</strong></span> <span class='ocrx_word' id='word_1_5' title='bbox 1159 510 1283 574; x_wconf 74' lang='lat' dir='ltr'><strong>Aulnog.</strong></span> 
     </span>
    </p>
   </div>
   <div class='ocr_carea' id='block_1_2' title="bbox 326 721 1746 908">
    <p class='ocr_par' dir='ltr' id='par_1_2' title="bbox 326 721 1746 908">
     <span class='ocr_line' id='line_1_2' title="bbox 326 721 1746 799; baseline 0.001 -13"><span class='ocrx_word' id='word_1_6' title='bbox 326 726 355 786; x_wconf 78' lang='lat'><strong>2.</strong></span> <span class='ocrx_word' id='word_1_7' title='bbox 375 723 494 799; x_wconf 74' lang='lat' dir='ltr'><strong>Aaszoq</strong></span> <span class='ocrx_word' id='word_1_8' title='bbox 509 741 565 782; x_wconf 78' lang='lat' dir='ltr'><strong>aas</strong></span> <span class='ocrx_word' id='word_1_9' title='bbox 586 725 676 785; x_wconf 75' lang='lat' dir='ltr'><strong>eiam</strong></span> <span class='ocrx_word' id='word_1_10' title='bbox 692 725 802 784; x_wconf 82' lang='lat' dir='ltr'><strong>Decret</strong></span> <span class='ocrx_word' id='word_1_11' title='bbox 824 730 875 786; x_wconf 83' lang='lat' dir='ltr'><strong>der</strong></span> <span class='ocrx_word' id='word_1_12' title='bbox 888 729 1014 787; x_wconf 82' lang='lat' dir='ltr'><strong>Rectors</strong></span> <span class='ocrx_word' id='word_1_13' title='bbox 1027 731 1091 788; x_wconf 79' lang='lat' dir='ltr'><strong>aad</strong></span> <span class='ocrx_word' id='word_1_14' title='bbox 1110 731 1165 788; x_wconf 82' lang='lat' dir='ltr'><strong>der</strong></span> <span class='ocrx_word' id='word_1_15' title='bbox 1177 727 1354 788; x_wconf 66' lang='lat' dir='ltr'><strong>Decemviros</strong></span> <span class='ocrx_word' id='word_1_16' title='bbox 1374 745 1438 786; x_wconf 82' lang='lat' dir='ltr'><strong>vom</strong></span> <span class='ocrx_word' id='word_1_17' title='bbox 1453 725 1482 787; x_wconf 83' lang='lat'><strong>9.</strong></span> <span class='ocrx_word' id='word_1_18' title='bbox 1498 725 1623 785; x_wconf 77' lang='lat' dir='ltr'><strong><em>October</em></strong></span> <span class='ocrx_word' id='word_1_19' title='bbox 1638 721 1746 788; x_wconf 75' lang='lat'>1562¹</span> 
     </span>
     <span class='ocr_line' id='line_1_3' title="bbox 783 837 1257 908; baseline 0.013 -19"><span class='ocrx_word' id='word_1_20' title='bbox 783 837 854 908; x_wconf 85' lang='lat' dir='ltr'><strong>(Vgl.</strong></span> <span class='ocrx_word' id='word_1_21' title='bbox 875 844 944 893; x_wconf 88' lang='lat' dir='ltr'><strong>oben</strong></span> <span class='ocrx_word' id='word_1_22' title='bbox 962 843 988 894; x_wconf 88' lang='lat' dir='ltr'><strong>S.</strong></span> <span class='ocrx_word' id='word_1_23' title='bbox 1006 843 1055 895; x_wconf 82' lang='grc'><strong>300</strong></span> <span class='ocrx_word' id='word_1_24' title='bbox 1072 847 1131 895; x_wconf 79' lang='lat' dir='ltr'><strong>Lex</strong></span> <span class='ocrx_word' id='word_1_25' title='bbox 1148 843 1257 904; x_wconf 77' lang='lat' dir='ltr'><strong>xm.)</strong></span> 
     </span>
    </p>
   </div>
   <div class='ocr_carea' id='block_1_3' title="bbox 275 971 1746 4734">
    <p class='ocr_par' dir='ltr' id='par_1_3' title="bbox 275 971 1746 4734">
     <span class='ocr_line' id='line_1_4' title="bbox 405 971 1746 1059; baseline -0.001 -21"><span class='ocrx_word' id='word_1_26' title='bbox 405 1023 414 1038; x_wconf 92' lang='lat'><strong>.</strong></span> <span class='ocrx_word' id='word_1_27' title='bbox 435 1022 444 1038; x_wconf 93' lang='lat'><strong>.</strong></span> <span class='ocrx_word' id='word_1_28' title='bbox 465 1021 474 1036; x_wconf 92' lang='lat'><strong>.</strong></span> <span class='ocrx_word' id='word_1_29' title='bbox 495 1021 504 1036; x_wconf 91' lang='lat'><strong>.</strong></span> <span class='ocrx_word' id='word_1_30' title='bbox 533 972 621 1054; x_wconf 82' lang='lat' dir='ltr'>Quia</span> <span class='ocrx_word' id='word_1_31' title='bbox 646 973 743 1037; x_wconf 89' lang='lat' dir='ltr'><strong>etiam</strong></span> <span class='ocrx_word' id='word_1_32' title='bbox 770 973 866 1038; x_wconf 87' lang='lat' dir='ltr'><strong>nullis</strong></span> <span class='ocrx_word' id='word_1_33' title='bbox 886 974 938 1039; x_wconf 88' lang='lat' dir='ltr'><strong>vel</strong></span> <span class='ocrx_word' id='word_1_34' title='bbox 960 976 1189 1042; x_wconf 82' lang='lat' dir='ltr'><strong>monitionibus</strong></span> <span class='ocrx_word' id='word_1_35' title='bbox 1210 973 1263 1041; x_wconf 87' lang='lat' dir='ltr'><strong>vel</strong></span> <span class='ocrx_word' id='word_1_36' title='bbox 1285 971 1566 1059; x_wconf 85' lang='lat' dir='ltr'><strong>obiurgationibus</strong></span> <span class='ocrx_word' id='word_1_37' title='bbox 1587 971 1746 1036; x_wconf 86' lang='lat' dir='ltr'><strong>hactenus</strong></span> 
     </span>
     <span class='ocr_line' id='line_1_5' title="bbox 326 1070 1746 1162; baseline -0.004 -21"><span class='ocrx_word' id='word_1_38' title='bbox 326 1075 468 1142; x_wconf 81' lang='lat' dir='ltr'><strong>coerceri</strong></span> <span class='ocrx_word' id='word_1_39' title='bbox 489 1074 595 1159; x_wconf 88' lang='lat' dir='ltr'><strong>potuit</strong></span> <span class='ocrx_word' id='word_1_40' title='bbox 615 1070 809 1158; x_wconf 77' lang='lat' dir='ltr'><strong>improbitas</strong></span> <span class='ocrx_word' id='word_1_41' title='bbox 828 1083 926 1160; x_wconf 89' lang='lat' dir='ltr'><strong>atque</strong></span> <span class='ocrx_word' id='word_1_42' title='bbox 948 1075 1127 1162; x_wconf 76' lang='lat' dir='ltr'><strong>petulantia</strong></span> <span class='ocrx_word' id='word_1_43' title='bbox 1146 1097 1319 1162; x_wconf 87' lang='lat' dir='ltr'><strong>puerorum</strong></span> <span class='ocrx_word' id='word_1_44' title='bbox 1339 1075 1373 1138; x_wconf 90' lang='lat' dir='ltr'><strong>in</strong></span> <span class='ocrx_word' id='word_1_45' title='bbox 1389 1071 1517 1158; x_wconf 85' lang='lat' dir='ltr'><strong>collegii</strong></span> <span class='ocrx_word' id='word_1_46' title='bbox 1538 1071 1634 1138; x_wconf 92' lang='lat' dir='ltr'><strong>huius</strong></span> <span class='ocrx_word' id='word_1_47' title='bbox 1656 1070 1746 1136; x_wconf 86' lang='lat' dir='ltr'><strong>aedi·</strong></span> 
     </span>
     <span class='ocr_line' id='line_1_6' title="bbox 281 1170 1746 1258; baseline -0.004 -16"><span class='ocrx_word' id='word_1_48' title='bbox 281 1185 297 1240; x_wconf 83' lang='lat'><strong>5</strong></span> <span class='ocrx_word' id='word_1_49' title='bbox 324 1175 385 1241; x_wconf 90' lang='lat' dir='ltr'><strong>bus</strong></span> <span class='ocrx_word' id='word_1_50' title='bbox 413 1184 533 1238; x_wconf 80' lang='lat' dir='ltr'><strong>temere</strong></span> <span class='ocrx_word' id='word_1_51' title='bbox 561 1173 805 1255; x_wconf 82' lang='lat' dir='ltr'><strong>diversantium,</strong></span> <span class='ocrx_word' id='word_1_52' title='bbox 834 1183 866 1238; x_wconf 88' lang='lat' dir='ltr'><strong>et</strong></span> <span class='ocrx_word' id='word_1_53' title='bbox 888 1172 1005 1239; x_wconf 88' lang='lat' dir='ltr'><strong>harum</strong></span> <span class='ocrx_word' id='word_1_54' title='bbox 1032 1174 1220 1240; x_wconf 70' lang='lat' dir='ltr'><strong>deformitas</strong></span> <span class='ocrx_word' id='word_1_55' title='bbox 1242 1174 1359 1238; x_wconf 88' lang='lat' dir='ltr'><strong>crescit</strong></span> <span class='ocrx_word' id='word_1_56' title='bbox 1380 1181 1412 1238; x_wconf 90' lang='lat' dir='ltr'><strong>et</strong></span> <span class='ocrx_word' id='word_1_57' title='bbox 1432 1181 1591 1258; x_wconf 81' lang='lat' dir='ltr'><strong>augentur</strong></span> <span class='ocrx_word' id='word_1_58' title='bbox 1613 1170 1746 1252; x_wconf 82' lang='lat' dir='ltr'><strong>damna,</strong></span> 
     </span>
     <span class='ocr_line' id='line_1_7' title="bbox 321 1271 1746 1360; baseline -0.003 -22"><span class='ocrx_word' id='word_1_59' title='bbox 321 1274 394 1338; x_wconf 92' lang='lat' dir='ltr'><strong>ideo</strong></span> <span class='ocrx_word' id='word_1_60' title='bbox 415 1295 499 1336; x_wconf 92' lang='lat' dir='ltr'><strong>nunc</strong></span> <span class='ocrx_word' id='word_1_61' title='bbox 519 1294 644 1357; x_wconf 90' lang='lat' dir='ltr'><strong>quoque</strong></span> <span class='ocrx_word' id='word_1_62' title='bbox 664 1272 832 1338; x_wconf 86' lang='lat' dir='ltr'><strong>hortamur</strong></span> <span class='ocrx_word' id='word_1_63' title='bbox 845 1295 955 1338; x_wconf 89' lang='lat' dir='ltr'><strong>omnes</strong></span> <span class='ocrx_word' id='word_1_64' title='bbox 976 1273 1091 1338; x_wconf 85' lang='lat' dir='ltr'><strong>harum</strong></span> <span class='ocrx_word' id='word_1_65' title='bbox 1113 1273 1241 1340; x_wconf 88' lang='lat' dir='ltr'><strong>aedium</strong></span> <span class='ocrx_word' id='word_1_66' title='bbox 1257 1271 1441 1360; x_wconf 87' lang='lat' dir='ltr'><strong>inquilinos,</strong></span> <span class='ocrx_word' id='word_1_67' title='bbox 1462 1281 1507 1356; x_wconf 92' lang='lat' dir='ltr'><strong>ut,</strong></span> <span class='ocrx_word' id='word_1_68' title='bbox 1530 1293 1627 1358; x_wconf 90' lang='lat' dir='ltr'><strong>quam</strong></span> <span class='ocrx_word' id='word_1_69' title='bbox 1640 1272 1746 1334; x_wconf 84' lang='lat' dir='ltr'><strong>vitam</strong></span> 
     </span>
     <span class='ocr_line' id='line_1_8' title="bbox 323 1369 1745 1460; baseline -0.002 -23"><span class='ocrx_word' id='word_1_70' title='bbox 323 1393 466 1460; x_wconf 89' lang='lat' dir='ltr'><strong>quosque</strong></span> <span class='ocrx_word' id='word_1_71' title='bbox 491 1393 596 1435; x_wconf 92' lang='lat' dir='ltr'><strong>mores</strong></span> <span class='ocrx_word' id='word_1_72' title='bbox 618 1372 763 1457; x_wconf 90' lang='lat' dir='ltr'><strong>requirat</strong></span> <span class='ocrx_word' id='word_1_73' title='bbox 784 1375 922 1457; x_wconf 90' lang='lat' dir='ltr'><strong>primum</strong></span> <span class='ocrx_word' id='word_1_74' title='bbox 945 1375 1149 1438; x_wconf 88' lang='lat' dir='ltr'><strong>sanctissima</strong></span> <span class='ocrx_word' id='word_1_75' title='bbox 1169 1371 1335 1458; x_wconf 88' lang='lat' dir='ltr'><strong>religionis</strong></span> <span class='ocrx_word' id='word_1_76' title='bbox 1355 1372 1553 1436; x_wconf 82' lang='lat' dir='ltr'><strong>christianae</strong></span> <span class='ocrx_word' id='word_1_77' title='bbox 1571 1369 1745 1456; x_wconf 79' lang='lat' dir='ltr'><strong>professio,</strong></span> 
     </span>
     <span class='ocr_line' id='line_1_9' title="bbox 323 1467 1745 1558; baseline -0.003 -22"><span class='ocrx_word' id='word_1_78' title='bbox 323 1473 440 1538; x_wconf 93' lang='lat' dir='ltr'><strong>deinde</strong></span> <span class='ocrx_word' id='word_1_79' title='bbox 461 1493 572 1535; x_wconf 89' lang='lat' dir='ltr'><strong>earum</strong></span> <span class='ocrx_word' id='word_1_80' title='bbox 594 1472 712 1534; x_wconf 87' lang='lat' dir='ltr'><strong>artium</strong></span> <span class='ocrx_word' id='word_1_81' title='bbox 735 1471 852 1552; x_wconf 84' lang='lat' dir='ltr'><strong>studia,</strong></span> <span class='ocrx_word' id='word_1_82' title='bbox 881 1493 963 1557; x_wconf 88' lang='lat' dir='ltr'><strong>quae</strong></span> <span class='ocrx_word' id='word_1_83' title='bbox 987 1471 1168 1537; x_wconf 89' lang='lat' dir='ltr'><strong>liberalium</strong></span> <span class='ocrx_word' id='word_1_84' title='bbox 1190 1482 1222 1536; x_wconf 91' lang='lat' dir='ltr'><strong>et</strong></span> <span class='ocrx_word' id='word_1_85' title='bbox 1243 1473 1454 1558; x_wconf 87' lang='lat' dir='ltr'><strong>ingenuarum</strong></span> <span class='ocrx_word' id='word_1_86' title='bbox 1473 1491 1591 1536; x_wconf 90' lang='lat' dir='ltr'><strong>nomen</strong></span> <span class='ocrx_word' id='word_1_87' title='bbox 1612 1467 1745 1550; x_wconf 87' lang='lat' dir='ltr'><strong>habent,</strong></span> 
     </span>
     <span class='ocr_line' id='line_1_10' title="bbox 319 1567 1744 1662; baseline -0.006 -24"><span class='ocrx_word' id='word_1_88' title='bbox 319 1570 523 1662; x_wconf 89' lang='lat' dir='ltr'><strong>perpendant</strong></span> <span class='ocrx_word' id='word_1_89' title='bbox 550 1571 668 1634; x_wconf 89' lang='lat' dir='ltr'><strong>animis</strong></span> <span class='ocrx_word' id='word_1_90' title='bbox 695 1573 770 1638; x_wconf 88' lang='lat' dir='ltr'><strong>suis.</strong></span> <span class='ocrx_word' id='word_1_91' title='bbox 811 1571 929 1636; x_wconf 91' lang='lat' dir='ltr'><strong>Adhuc</strong></span> <span class='ocrx_word' id='word_1_92' title='bbox 957 1593 997 1636; x_wconf 90' lang='lat' dir='ltr'><strong>ao</strong></span> <span class='ocrx_word' id='word_1_93' title='bbox 1027 1594 1099 1635; x_wconf 89' lang='lat' dir='ltr'><strong>cum</strong></span> <span class='ocrx_word' id='word_1_94' title='bbox 1128 1594 1254 1636; x_wconf 88' lang='lat' dir='ltr'><strong>summa</strong></span> <span class='ocrx_word' id='word_1_95' title='bbox 1280 1571 1458 1656; x_wconf 85' lang='lat' dir='ltr'><strong>ignominia</strong></span> <span class='ocrx_word' id='word_1_96' title='bbox 1486 1567 1611 1634; x_wconf 85' lang='lat' dir='ltr'><strong>ordinis</strong></span> <span class='ocrx_word' id='word_1_97' title='bbox 1640 1568 1744 1632; x_wconf 90' lang='lat' dir='ltr'><strong>nostri</strong></span> 
     </span>
     <span class='ocr_line' id='line_1_11' title="bbox 281 1667 1744 1759; baseline -0.005 -21"><span class='ocrx_word' id='word_1_98' title='bbox 281 1683 352 1738; x_wconf 75' lang='lat' dir='ltr'><strong>thet</strong></span> <span class='ocrx_word' id='word_1_99' title='bbox 380 1673 484 1737; x_wconf 90' lang='lat' dir='ltr'><strong>honae</strong></span> <span class='ocrx_word' id='word_1_100' title='bbox 504 1667 699 1734; x_wconf 87' lang='lat' dir='ltr'><strong>valetudinis</strong></span> <span class='ocrx_word' id='word_1_101' title='bbox 728 1669 871 1756; x_wconf 88' lang='lat' dir='ltr'><strong>periculo</strong></span> <span class='ocrx_word' id='word_1_102' title='bbox 902 1681 1073 1759; x_wconf 86' lang='lat' dir='ltr'><strong>praesente</strong></span> <span class='ocrx_word' id='word_1_103' title='bbox 1093 1693 1133 1734; x_wconf 89' lang='lat' dir='ltr'><strong>ea</strong></span> <span class='ocrx_word' id='word_1_104' title='bbox 1155 1672 1279 1757; x_wconf 87' lang='lat' dir='ltr'><strong>species</strong></span> <span class='ocrx_word' id='word_1_105' title='bbox 1310 1681 1359 1734; x_wconf 86' lang='lat' dir='ltr'><strong>est</strong></span> <span class='ocrx_word' id='word_1_106' title='bbox 1386 1669 1516 1736; x_wconf 89' lang='lat' dir='ltr'><strong>aedium</strong></span> <span class='ocrx_word' id='word_1_107' title='bbox 1541 1667 1673 1750; x_wconf 84' lang='lat' dir='ltr'><strong>harum,</strong></span> <span class='ocrx_word' id='word_1_108' title='bbox 1697 1675 1744 1748; x_wconf 89' lang='lat' dir='ltr'><strong>ut,</strong></span> 
     </span>
     <span class='ocr_line' id='line_1_12' title="bbox 320 1765 1744 1860; baseline -0.004 -24"><span class='ocrx_word' id='word_1_109' title='bbox 320 1768 588 1860; x_wconf 87' lang='lat' dir='ltr'><strong>quemadmodum</strong></span> <span class='ocrx_word' id='word_1_110' title='bbox 618 1771 663 1832; x_wconf 87' lang='lat' dir='ltr'><strong>ait</strong></span> <span class='ocrx_word' id='word_1_111' title='bbox 696 1790 794 1833; x_wconf 83' lang='lat' dir='ltr'><strong>senex</strong></span> <span class='ocrx_word' id='word_1_112' title='bbox 823 1767 1003 1852; x_wconf 87' lang='lat' dir='ltr'><strong>Plautinus,</strong></span> <span class='ocrx_word' id='word_1_113' title='bbox 1035 1792 1120 1852; x_wconf 90' lang='lat' dir='ltr'><strong>„uon</strong></span> <span class='ocrx_word' id='word_1_114' title='bbox 1144 1768 1288 1834; x_wconf 90' lang='lat' dir='ltr'><strong>homines</strong></span> <span class='ocrx_word' id='word_1_115' title='bbox 1317 1769 1371 1834; x_wconf 91' lang='lat' dir='ltr'><strong>hic</strong></span> <span class='ocrx_word' id='word_1_116' title='bbox 1391 1767 1539 1834; x_wconf 84' lang='lat' dir='ltr'><strong>habitare</strong></span> <span class='ocrx_word' id='word_1_117' title='bbox 1558 1765 1744 1846; x_wconf 83' lang='lat' dir='ltr'><strong>videantur,</strong></span> 
     </span>
     <span class='ocr_line' id='line_1_13' title="bbox 319 1867 1745 1956; baseline -0.006 -19"><span class='ocrx_word' id='word_1_118' title='bbox 319 1871 378 1937; x_wconf 89' lang='lat' dir='ltr'><strong>sed</strong></span> <span class='ocrx_word' id='word_1_119' title='bbox 406 1870 512 1935; x_wconf 87' lang='lat' dir='ltr'><strong>sues“.</strong></span> <span class='ocrx_word' id='word_1_120' title='bbox 552 1869 761 1954; x_wconf 78' lang='lat' dir='ltr'><strong>Quapropter</strong></span> <span class='ocrx_word' id='word_1_121' title='bbox 789 1867 907 1954; x_wconf 85' lang='lat' dir='ltr'><strong>singuli</strong></span> <span class='ocrx_word' id='word_1_122' title='bbox 935 1871 1031 1933; x_wconf 88' lang='lat' dir='ltr'><strong>istam</strong></span> <span class='ocrx_word' id='word_1_123' title='bbox 1061 1891 1173 1932; x_wconf 88' lang='lat' dir='ltr'><strong>curam</strong></span> <span class='ocrx_word' id='word_1_124' title='bbox 1199 1868 1241 1932; x_wconf 84' lang='lat' dir='ltr'><strong>sd</strong></span> <span class='ocrx_word' id='word_1_125' title='bbox 1270 1891 1305 1934; x_wconf 91' lang='lat' dir='ltr'><strong>se</strong></span> <span class='ocrx_word' id='word_1_126' title='bbox 1332 1870 1494 1956; x_wconf 83' lang='lat' dir='ltr'><strong>pertinere</strong></span> <span class='ocrx_word' id='word_1_127' title='bbox 1522 1869 1681 1952; x_wconf 84' lang='lat' dir='ltr'><strong>cogitent,</strong></span> <span class='ocrx_word' id='word_1_128' title='bbox 1707 1873 1745 1928; x_wconf 90' lang='lat' dir='ltr'><strong>ut</strong></span> 
     </span>
     <span class='ocr_line' id='line_1_14' title="bbox 320 1965 1743 2056; baseline -0.004 -22"><span class='ocrx_word' id='word_1_129' title='bbox 320 1969 439 2056; x_wconf 92' lang='lat' dir='ltr'><strong>ubique</strong></span> <span class='ocrx_word' id='word_1_130' title='bbox 465 1967 611 2034; x_wconf 86' lang='lat' dir='ltr'><strong>locorum</strong></span> <span class='ocrx_word' id='word_1_131' title='bbox 632 1966 807 2032; x_wconf 89' lang='lat' dir='ltr'><strong>mundities</strong></span> <span class='ocrx_word' id='word_1_132' title='bbox 828 1969 932 2032; x_wconf 88' lang='lat' dir='ltr'><strong>maior</strong></span> <span class='ocrx_word' id='word_1_133' title='bbox 952 1971 994 2032; x_wconf 91' lang='lat' dir='ltr'><strong>sit</strong></span> <span class='ocrx_word' id='word_1_134' title='bbox 1013 1989 1109 2054; x_wconf 88' lang='lat' dir='ltr'><strong>quam</strong></span> <span class='ocrx_word' id='word_1_135' title='bbox 1131 1966 1287 2033; x_wconf 90' lang='lat' dir='ltr'><strong>hactenns</strong></span> <span class='ocrx_word' id='word_1_136' title='bbox 1306 1969 1368 2033; x_wconf 89' lang='lat' dir='ltr'><strong>fuit</strong></span> <span class='ocrx_word' id='word_1_137' title='bbox 1385 1978 1483 2056; x_wconf 84' lang='lat' dir='ltr'><strong>utque</strong></span> <span class='ocrx_word' id='word_1_138' title='bbox 1505 1965 1618 2032; x_wconf 83' lang='lat' dir='ltr'><strong>sordes</strong></span> <span class='ocrx_word' id='word_1_139' title='bbox 1639 1987 1743 2030; x_wconf 85' lang='lat' dir='ltr'><strong>remo·</strong></span> 
     </span>
     <span class='ocr_line' id='line_1_15' title="bbox 319 2065 1743 2154; baseline -0.005 -20"><span class='ocrx_word' id='word_1_140' title='bbox 319 2079 449 2150; x_wconf 64' lang='lat' dir='ltr'><strong>vestm</strong></span> <span class='ocrx_word' id='word_1_141' title='bbox 479 2069 506 2132; x_wconf 93' lang='lat' dir='ltr'><strong>si</strong></span> <span class='ocrx_word' id='word_1_142' title='bbox 534 2089 598 2154; x_wconf 91' lang='lat' dir='ltr'><strong>qua</strong></span> <span class='ocrx_word' id='word_1_143' title='bbox 620 2065 742 2151; x_wconf 87' lang='lat' dir='ltr'><strong>aliquid</strong></span> <span class='ocrx_word' id='word_1_144' title='bbox 772 2065 853 2131; x_wconf 89' lang='lat' dir='ltr'><strong>solet</strong></span> <span class='ocrx_word' id='word_1_145' title='bbox 881 2077 912 2131; x_wconf 90' lang='lat' dir='ltr'><strong>et</strong></span> <span class='ocrx_word' id='word_1_146' title='bbox 939 2066 1013 2132; x_wconf 90' lang='lat' dir='ltr'><strong>licet</strong></span> <span class='ocrx_word' id='word_1_147' title='bbox 1040 2066 1169 2150; x_wconf 81' lang='lat' dir='ltr'><strong>effimdi,</strong></span> <span class='ocrx_word' id='word_1_148' title='bbox 1199 2067 1242 2132; x_wconf 87' lang='lat' dir='ltr'><strong>ad</strong></span> <span class='ocrx_word' id='word_1_149' title='bbox 1269 2068 1304 2133; x_wconf 94' lang='lat' dir='ltr'><strong>id</strong></span> <span class='ocrx_word' id='word_1_150' title='bbox 1332 2090 1411 2133; x_wconf 92' lang='lat' dir='ltr'><strong>cura</strong></span> <span class='ocrx_word' id='word_1_151' title='bbox 1438 2076 1470 2133; x_wconf 88' lang='lat' dir='ltr'><strong>et</strong></span> <span class='ocrx_word' id='word_1_152' title='bbox 1494 2065 1743 2152; x_wconf 76' lang='lat' dir='ltr'><strong>circmspectio</strong></span> 
     </span>
     <span class='ocr_line' id='line_1_16' title="bbox 280 2164 1742 2253; baseline -0.005 -18"><span class='ocrx_word' id='word_1_153' title='bbox 280 2167 524 2249; x_wconf 66' lang='lat' dir='ltr'><strong>recumbatur,</strong></span> <span class='ocrx_word' id='word_1_154' title='bbox 544 2189 609 2232; x_wconf 91' lang='lat' dir='ltr'><strong>non</strong></span> <span class='ocrx_word' id='word_1_155' title='bbox 628 2165 723 2230; x_wconf 91' lang='lat' dir='ltr'><strong>modo</strong></span> <span class='ocrx_word' id='word_1_156' title='bbox 744 2187 785 2230; x_wconf 88' lang='lat' dir='ltr'><strong>ne</strong></span> <span class='ocrx_word' id='word_1_157' title='bbox 807 2165 1026 2251; x_wconf 74' lang='lat' dir='ltr'><strong>praetereunti</strong></span> <span class='ocrx_word' id='word_1_158' title='bbox 1047 2166 1144 2231; x_wconf 90' lang='lat' dir='ltr'><strong>alicui</strong></span> <span class='ocrx_word' id='word_1_159' title='bbox 1163 2167 1373 2253; x_wconf 85' lang='lat' dir='ltr'><strong>impingatur,</strong></span> <span class='ocrx_word' id='word_1_160' title='bbox 1395 2167 1453 2232; x_wconf 90' lang='lat' dir='ltr'><strong>sed</strong></span> <span class='ocrx_word' id='word_1_161' title='bbox 1473 2189 1514 2231; x_wconf 89' lang='lat' dir='ltr'><strong>ne</strong></span> <span class='ocrx_word' id='word_1_162' title='bbox 1533 2164 1632 2230; x_wconf 89' lang='lat' dir='ltr'><strong>foeda</strong></span> <span class='ocrx_word' id='word_1_163' title='bbox 1644 2165 1742 2228; x_wconf 91' lang='lat' dir='ltr'><strong>etiam</strong></span> 
     </span>
     <span class='ocr_line' id='line_1_17' title="bbox 320 2262 1742 2334; baseline -0.004 -1"><span class='ocrx_word' id='word_1_164' title='bbox 320 2269 447 2334; x_wconf 90' lang='lat' dir='ltr'><strong>illuvies</strong></span> <span class='ocrx_word' id='word_1_165' title='bbox 475 2267 604 2330; x_wconf 87' lang='lat' dir='ltr'><strong>existat</strong></span> <span class='ocrx_word' id='word_1_166' title='bbox 643 2264 765 2329; x_wconf 92' lang='lat' dir='ltr'><strong>Proiici</strong></span> <span class='ocrx_word' id='word_1_167' title='bbox 797 2267 925 2330; x_wconf 93' lang='lat' dir='ltr'><strong>omniuo</strong></span> <span class='ocrx_word' id='word_1_168' title='bbox 956 2264 996 2330; x_wconf 90' lang='lat' dir='ltr'><strong>ds</strong></span> <span class='ocrx_word' id='word_1_169' title='bbox 1018 2265 1226 2330; x_wconf 81' lang='lat' dir='ltr'><strong>conclavibus</strong></span> <span class='ocrx_word' id='word_1_170' title='bbox 1250 2277 1282 2332; x_wconf 88' lang='lat' dir='ltr'><strong>et</strong></span> <span class='ocrx_word' id='word_1_171' title='bbox 1303 2266 1538 2332; x_wconf 86' lang='lat' dir='ltr'><strong>habitationum</strong></span> <span class='ocrx_word' id='word_1_172' title='bbox 1557 2263 1640 2330; x_wconf 87' lang='lat' dir='ltr'><strong>locis</strong></span> <span class='ocrx_word' id='word_1_173' title='bbox 1661 2262 1742 2328; x_wconf 91' lang='lat' dir='ltr'><strong>nihil</strong></span> 
     </span>
     <span class='ocr_line' id='line_1_18' title="bbox 320 2363 1741 2453; baseline -0.003 -22"><span class='ocrx_word' id='word_1_174' title='bbox 320 2366 425 2434; x_wconf 89' lang='lat' dir='ltr'><strong>debet.</strong></span> <span class='ocrx_word' id='word_1_175' title='bbox 467 2365 518 2430; x_wconf 87' lang='lat' dir='ltr'><strong>Ac</strong></span> <span class='ocrx_word' id='word_1_176' title='bbox 539 2365 748 2430; x_wconf 87' lang='lat' dir='ltr'><strong>constitutum</strong></span> <span class='ocrx_word' id='word_1_177' title='bbox 768 2374 817 2430; x_wconf 90' lang='lat' dir='ltr'><strong>est</strong></span> <span class='ocrx_word' id='word_1_178' title='bbox 838 2373 912 2428; x_wconf 89' lang='lat' dir='ltr'><strong>ante</strong></span> <span class='ocrx_word' id='word_1_179' title='bbox 934 2366 1072 2446; x_wconf 67' lang='lat' dir='ltr'><strong>several,</strong></span> <span class='ocrx_word' id='word_1_180' title='bbox 1093 2364 1182 2452; x_wconf 88' lang='lat' dir='ltr'><strong>apud</strong></span> <span class='ocrx_word' id='word_1_181' title='bbox 1204 2387 1425 2453; x_wconf 86' lang='lat' dir='ltr'><strong>quemcunque</strong></span> <span class='ocrx_word' id='word_1_182' title='bbox 1446 2363 1577 2429; x_wconf 86' lang='lat' dir='ltr'><strong>illorum</strong></span> <span class='ocrx_word' id='word_1_183' title='bbox 1596 2363 1741 2428; x_wconf 88' lang='lat' dir='ltr'><strong>locorum</strong></span> 
     </span>
     <span class='ocr_line' id='line_1_19' title="bbox 318 2461 1742 2553; baseline -0.004 -23"><span class='ocrx_word' id='word_1_184' title='bbox 318 2465 455 2553; x_wconf 88' lang='lat' dir='ltr'><strong>posthac</strong></span> <span class='ocrx_word' id='word_1_185' title='bbox 493 2464 693 2545; x_wconf 82' lang='lat' dir='ltr'><strong>chartarum,</strong></span> <span class='ocrx_word' id='word_1_186' title='bbox 722 2485 916 2549; x_wconf 85' lang='lat' dir='ltr'><strong>pannorum,</strong></span> <span class='ocrx_word' id='word_1_187' title='bbox 946 2463 1127 2528; x_wconf 88' lang='lat' dir='ltr'><strong>calceorum</strong></span> <span class='ocrx_word' id='word_1_188' title='bbox 1159 2467 1357 2552; x_wconf 88' lang='lat' dir='ltr'><strong>fragmenta,</strong></span> <span class='ocrx_word' id='word_1_189' title='bbox 1392 2464 1529 2551; x_wconf 89' lang='lat' dir='ltr'><strong>denique</strong></span> <span class='ocrx_word' id='word_1_190' title='bbox 1558 2461 1656 2528; x_wconf 92' lang='lat' dir='ltr'><strong>ullius</strong></span> <span class='ocrx_word' id='word_1_191' title='bbox 1692 2463 1742 2526; x_wconf 89' lang='lat' dir='ltr'><strong>rei</strong></span> 
     </span>
     <span class='ocr_line' id='line_1_20' title="bbox 319 2559 1741 2651; baseline -0.003 -22"><span class='ocrx_word' id='word_1_192' title='bbox 319 2565 446 2630; x_wconf 81' lang='lat' dir='ltr'><strong>ahenea</strong></span> <span class='ocrx_word' id='word_1_193' title='bbox 472 2573 528 2626; x_wconf 89' lang='lat' dir='ltr'><strong>aut</strong></span> <span class='ocrx_word' id='word_1_194' title='bbox 555 2564 685 2648; x_wconf 89' lang='lat' dir='ltr'><strong>spuriae</strong></span> <span class='ocrx_word' id='word_1_195' title='bbox 712 2564 884 2649; x_wconf 88' lang='lat' dir='ltr'><strong>quiequam</strong></span> <span class='ocrx_word' id='word_1_196' title='bbox 909 2574 1072 2649; x_wconf 90' lang='lat' dir='ltr'><strong>repertum</strong></span> <span class='ocrx_word' id='word_1_197' title='bbox 1098 2575 1343 2651; x_wconf 88' lang='lat' dir='ltr'><strong>respectumque</strong></span> <span class='ocrx_word' id='word_1_198' title='bbox 1372 2565 1424 2646; x_wconf 89' lang='lat' dir='ltr'><strong>sit,</strong></span> <span class='ocrx_word' id='word_1_199' title='bbox 1450 2573 1488 2628; x_wconf 92' lang='lat' dir='ltr'><strong>ut</strong></span> <span class='ocrx_word' id='word_1_200' title='bbox 1512 2561 1558 2628; x_wconf 92' lang='lat' dir='ltr'><strong>ab</strong></span> <span class='ocrx_word' id='word_1_201' title='bbox 1581 2563 1652 2626; x_wconf 88' lang='lat' dir='ltr'><strong>eius</strong></span> <span class='ocrx_word' id='word_1_202' title='bbox 1678 2559 1741 2626; x_wconf 84' lang='lat' dir='ltr'><strong>loci</strong></span> 
     </span>
     <span class='ocr_line' id='line_1_21' title="bbox 281 2660 1740 2750; baseline -0.004 -20"><span class='ocrx_word' id='word_1_203' title='bbox 281 2663 480 2748; x_wconf 76' lang='lat' dir='ltr'><strong>ttlinquilino</strong></span> <span class='ocrx_word' id='word_1_204' title='bbox 503 2671 632 2725; x_wconf 89' lang='lat' dir='ltr'><strong>curator</strong></span> <span class='ocrx_word' id='word_1_205' title='bbox 652 2663 794 2745; x_wconf 82' lang='lat' dir='ltr'><strong>regionis</strong></span> <span class='ocrx_word' id='word_1_206' title='bbox 816 2661 955 2727; x_wconf 87' lang='lat' dir='ltr'><strong>mulctae</strong></span> <span class='ocrx_word' id='word_1_207' title='bbox 975 2664 1104 2727; x_wconf 92' lang='lat' dir='ltr'><strong>nomine</strong></span> <span class='ocrx_word' id='word_1_208' title='bbox 1125 2665 1236 2750; x_wconf 86' lang='lat' dir='ltr'><strong>exigat</strong></span> <span class='ocrx_word' id='word_1_209' title='bbox 1256 2686 1321 2731; x_wconf 94' lang='lat' dir='ltr'><strong>non</strong></span> <span class='ocrx_word' id='word_1_210' title='bbox 1332 2666 1438 2728; x_wconf 87' lang='lat' dir='ltr'><strong>minus</strong></span> <span class='ocrx_word' id='word_1_211' title='bbox 1458 2660 1634 2727; x_wconf 90' lang='lat' dir='ltr'><strong>nummulis</strong></span> <span class='ocrx_word' id='word_1_212' title='bbox 1655 2683 1740 2725; x_wconf 90' lang='lat' dir='ltr'><strong>com·</strong></span> 
     </span>
     <span class='ocr_line' id='line_1_22' title="bbox 319 2761 1740 2852; baseline -0.002 -25"><span class='ocrx_word' id='word_1_213' title='bbox 319 2761 470 2828; x_wconf 89' lang='lat' dir='ltr'><strong>munibus</strong></span> <span class='ocrx_word' id='word_1_214' title='bbox 498 2761 578 2843; x_wconf 86' lang='lat' dir='ltr'><strong>XII,</strong></span> <span class='ocrx_word' id='word_1_215' title='bbox 608 2762 861 2849; x_wconf 88' lang='lat' dir='ltr'><strong>quotiescunque</strong></span> <span class='ocrx_word' id='word_1_216' title='bbox 890 2783 1010 2843; x_wconf 90' lang='lat' dir='ltr'><strong>eorum,</strong></span> <span class='ocrx_word' id='word_1_217' title='bbox 1040 2784 1121 2848; x_wconf 88' lang='lat' dir='ltr'><strong>quae</strong></span> <span class='ocrx_word' id='word_1_218' title='bbox 1150 2775 1225 2828; x_wconf 88' lang='lat' dir='ltr'><strong>sunt</strong></span> <span class='ocrx_word' id='word_1_219' title='bbox 1251 2763 1348 2846; x_wconf 87' lang='lat' dir='ltr'><strong>dicta,</strong></span> <span class='ocrx_word' id='word_1_220' title='bbox 1377 2761 1500 2852; x_wconf 88' lang='lat' dir='ltr'><strong>aliquid</strong></span> <span class='ocrx_word' id='word_1_221' title='bbox 1519 2761 1682 2826; x_wconf 90' lang='lat' dir='ltr'><strong>invenerit</strong></span> <span class='ocrx_word' id='word_1_222' title='bbox 1702 2781 1740 2824; x_wconf 89' lang='lat' dir='ltr'><strong>ac</strong></span> 
     </span>
     <span class='ocr_line' id='line_1_23' title="bbox 320 2859 1739 2949; baseline -0.002 -23"><span class='ocrx_word' id='word_1_223' title='bbox 320 2861 447 2926; x_wconf 87' lang='lat' dir='ltr'><strong>viderit.</strong></span> <span class='ocrx_word' id='word_1_224' title='bbox 475 2859 519 2925; x_wconf 84' lang='lat' dir='ltr'><strong>Et</strong></span> <span class='ocrx_word' id='word_1_225' title='bbox 538 2861 689 2947; x_wconf 89' lang='lat' dir='ltr'><strong>quoniam</strong></span> <span class='ocrx_word' id='word_1_226' title='bbox 704 2884 725 2924; x_wconf 89' lang='lat' dir='ltr'><strong>a</strong></span> <span class='ocrx_word' id='word_1_227' title='bbox 745 2862 855 2947; x_wconf 86' lang='lat' dir='ltr'><strong>pueris</strong></span> <span class='ocrx_word' id='word_1_228' title='bbox 875 2881 947 2924; x_wconf 92' lang='lat' dir='ltr'><strong>cum</strong></span> <span class='ocrx_word' id='word_1_229' title='bbox 970 2870 1104 2926; x_wconf 89' lang='lat' dir='ltr'><strong>nocetur</strong></span> <span class='ocrx_word' id='word_1_230' title='bbox 1119 2861 1170 2926; x_wconf 90' lang='lat' dir='ltr'><strong>his</strong></span> <span class='ocrx_word' id='word_1_231' title='bbox 1191 2862 1325 2928; x_wconf 89' lang='lat' dir='ltr'><strong>aedibus</strong></span> <span class='ocrx_word' id='word_1_232' title='bbox 1343 2863 1505 2949; x_wconf 87' lang='lat' dir='ltr'><strong>imprimis</strong></span> <span class='ocrx_word' id='word_1_233' title='bbox 1525 2869 1594 2926; x_wconf 90' lang='lat' dir='ltr'><strong>tum</strong></span> <span class='ocrx_word' id='word_1_234' title='bbox 1619 2861 1739 2945; x_wconf 88' lang='lat' dir='ltr'><strong>negotii</strong></span> 
     </span>
     <span class='ocr_line' id='line_1_24' title="bbox 319 2957 1739 3049; baseline -0.004 -22"><span class='ocrx_word' id='word_1_235' title='bbox 319 2963 494 3049; x_wconf 91' lang='lat' dir='ltr'><strong>plurimum</strong></span> <span class='ocrx_word' id='word_1_236' title='bbox 517 2959 719 3024; x_wconf 87' lang='lat' dir='ltr'><strong>curatoribus</strong></span> <span class='ocrx_word' id='word_1_237' title='bbox 741 2959 922 3042; x_wconf 87' lang='lat' dir='ltr'><strong>exhibetur,</strong></span> <span class='ocrx_word' id='word_1_238' title='bbox 944 2962 1050 3024; x_wconf 91' lang='lat' dir='ltr'><strong>visum</strong></span> <span class='ocrx_word' id='word_1_239' title='bbox 1073 2971 1121 3025; x_wconf 91' lang='lat' dir='ltr'><strong>est</strong></span> <span class='ocrx_word' id='word_1_240' title='bbox 1142 2961 1177 3026; x_wconf 94' lang='lat' dir='ltr'><strong>id</strong></span> <span class='ocrx_word' id='word_1_241' title='bbox 1198 2963 1332 3045; x_wconf 88' lang='lat' dir='ltr'><strong>servari,</strong></span> <span class='ocrx_word' id='word_1_242' title='bbox 1355 2961 1442 3049; x_wconf 93' lang='lat' dir='ltr'><strong>quod</strong></span> <span class='ocrx_word' id='word_1_243' title='bbox 1460 2962 1495 3025; x_wconf 92' lang='lat' dir='ltr'><strong>iu</strong></span> <span class='ocrx_word' id='word_1_244' title='bbox 1517 2959 1658 3024; x_wconf 90' lang='lat' dir='ltr'><strong>aliorum</strong></span> <span class='ocrx_word' id='word_1_245' title='bbox 1680 2957 1739 3023; x_wconf 89' lang='lat' dir='ltr'><strong>ool·</strong></span> 
     </span>
     <span class='ocr_line' id='line_1_25' title="bbox 318 3056 1738 3148; baseline -0.004 -22"><span class='ocrx_word' id='word_1_246' title='bbox 318 3061 477 3148; x_wconf 86' lang='lat' dir='ltr'><strong>legiorum</strong></span> <span class='ocrx_word' id='word_1_247' title='bbox 498 3057 633 3124; x_wconf 87' lang='lat' dir='ltr'><strong>aedibus</strong></span> <span class='ocrx_word' id='word_1_248' title='bbox 650 3061 823 3124; x_wconf 87' lang='lat' dir='ltr'><strong>consuevit.</strong></span> <span class='ocrx_word' id='word_1_249' title='bbox 845 3057 965 3141; x_wconf 92' lang='lat' dir='ltr'><strong>Primo,</strong></span> <span class='ocrx_word' id='word_1_250' title='bbox 980 3081 1074 3124; x_wconf 93' lang='lat' dir='ltr'><strong>nemo</strong></span> <span class='ocrx_word' id='word_1_251' title='bbox 1094 3070 1130 3124; x_wconf 90' lang='lat' dir='ltr'><strong>ut</strong></span> <span class='ocrx_word' id='word_1_252' title='bbox 1150 3083 1285 3146; x_wconf 90' lang='lat' dir='ltr'><strong>puerum</strong></span> <span class='ocrx_word' id='word_1_253' title='bbox 1297 3085 1362 3126; x_wconf 91' lang='lat' dir='ltr'><strong>non</strong></span> <span class='ocrx_word' id='word_1_254' title='bbox 1381 3058 1608 3126; x_wconf 88' lang='lat' dir='ltr'><strong>scholasticum</strong></span> <span class='ocrx_word' id='word_1_255' title='bbox 1623 3056 1738 3122; x_wconf 87' lang='lat' dir='ltr'><strong>habeat</strong></span> 
     </span>
     <span class='ocr_line' id='line_1_26' title="bbox 277 3157 1738 3248; baseline -0.004 -22"><span class='ocrx_word' id='word_1_256' title='bbox 277 3170 416 3248; x_wconf 77' lang='lat' dir='ltr'><strong>ttatque</strong></span> <span class='ocrx_word' id='word_1_257' title='bbox 442 3159 551 3226; x_wconf 89' lang='lat' dir='ltr'><strong>foveat</strong></span> <span class='ocrx_word' id='word_1_258' title='bbox 576 3161 611 3224; x_wconf 93' lang='lat' dir='ltr'><strong>iu</strong></span> <span class='ocrx_word' id='word_1_259' title='bbox 634 3157 779 3224; x_wconf 91' lang='lat' dir='ltr'><strong>conclavi</strong></span> <span class='ocrx_word' id='word_1_260' title='bbox 804 3181 870 3223; x_wconf 89' lang='lat' dir='ltr'><strong>suo.</strong></span> <span class='ocrx_word' id='word_1_261' title='bbox 912 3159 981 3222; x_wconf 90' lang='lat' dir='ltr'><strong>lam</strong></span> <span class='ocrx_word' id='word_1_262' title='bbox 1009 3169 1114 3223; x_wconf 89' lang='lat' dir='ltr'><strong>autem</strong></span> <span class='ocrx_word' id='word_1_263' title='bbox 1141 3183 1230 3224; x_wconf 89' lang='lat' dir='ltr'><strong>more</strong></span> <span class='ocrx_word' id='word_1_264' title='bbox 1256 3159 1307 3245; x_wconf 87' lang='lat' dir='ltr'><strong>fit,</strong></span> <span class='ocrx_word' id='word_1_265' title='bbox 1334 3170 1371 3227; x_wconf 91' lang='lat' dir='ltr'><strong>ut</strong></span> <span class='ocrx_word' id='word_1_266' title='bbox 1399 3158 1527 3226; x_wconf 88' lang='lat' dir='ltr'><strong>scholae</strong></span> <span class='ocrx_word' id='word_1_267' title='bbox 1551 3157 1738 3222; x_wconf 84' lang='lat' dir='ltr'><strong>Thomanae</strong></span> 
     </span>
     <span class='ocr_line' id='line_1_27' title="bbox 317 3256 1738 3347; baseline -0.004 -22"><span class='ocrx_word' id='word_1_268' title='bbox 317 3259 550 3347; x_wconf 85' lang='lat' dir='ltr'><strong>discipulomm</strong></span> <span class='ocrx_word' id='word_1_269' title='bbox 582 3258 740 3323; x_wconf 87' lang='lat' dir='ltr'><strong>famulatu</strong></span> <span class='ocrx_word' id='word_1_270' title='bbox 774 3258 876 3322; x_wconf 89' lang='lat' dir='ltr'><strong>nostri</strong></span> <span class='ocrx_word' id='word_1_271' title='bbox 908 3267 1056 3323; x_wconf 89' lang='lat' dir='ltr'><strong>utantur:</strong></span> <span class='ocrx_word' id='word_1_272' title='bbox 1096 3258 1142 3323; x_wconf 93' lang='lat' dir='ltr'><strong>ihi</strong></span> <span class='ocrx_word' id='word_1_273' title='bbox 1170 3261 1271 3346; x_wconf 88' lang='lat' dir='ltr'><strong>igitur</strong></span> <span class='ocrx_word' id='word_1_274' title='bbox 1300 3260 1360 3326; x_wconf 91' lang='lat' dir='ltr'><strong>hos</strong></span> <span class='ocrx_word' id='word_1_275' title='bbox 1386 3259 1527 3340; x_wconf 87' lang='lat' dir='ltr'><strong>discere,</strong></span> <span class='ocrx_word' id='word_1_276' title='bbox 1558 3256 1738 3321; x_wconf 85' lang='lat' dir='ltr'><strong>testimonio</strong></span> 
     </span>
     <span class='ocr_line' id='line_1_28' title="bbox 317 3355 1738 3447; baseline -0.004 -24"><span class='ocrx_word' id='word_1_277' title='bbox 317 3360 464 3445; x_wconf 86' lang='lat' dir='ltr'><strong>magistri</strong></span> <span class='ocrx_word' id='word_1_278' title='bbox 486 3357 572 3423; x_wconf 89' lang='lat' dir='ltr'><strong>illius</strong></span> <span class='ocrx_word' id='word_1_279' title='bbox 598 3357 666 3423; x_wconf 91' lang='lat' dir='ltr'><strong>ludi</strong></span> <span class='ocrx_word' id='word_1_280' title='bbox 693 3358 824 3446; x_wconf 89' lang='lat' dir='ltr'><strong>planum</strong></span> <span class='ocrx_word' id='word_1_281' title='bbox 853 3357 924 3421; x_wconf 89' lang='lat' dir='ltr'><strong>fieri</strong></span> <span class='ocrx_word' id='word_1_282' title='bbox 952 3356 1061 3440; x_wconf 81' lang='lat' dir='ltr'><strong>dehet3</strong></span> <span class='ocrx_word' id='word_1_283' title='bbox 1091 3381 1166 3425; x_wconf 87' lang='lat' dir='ltr'><strong>suos</strong></span> <span class='ocrx_word' id='word_1_284' title='bbox 1193 3370 1299 3425; x_wconf 88' lang='lat' dir='ltr'><strong>autem</strong></span> <span class='ocrx_word' id='word_1_285' title='bbox 1326 3361 1445 3447; x_wconf 88' lang='lat' dir='ltr'><strong>quique</strong></span> <span class='ocrx_word' id='word_1_286' title='bbox 1472 3355 1651 3442; x_wconf 90' lang='lat' dir='ltr'><strong>discipulos</strong></span> <span class='ocrx_word' id='word_1_287' title='bbox 1677 3378 1738 3420; x_wconf 92' lang='lat' dir='ltr'><strong>non</strong></span> 
     </span>
     <span class='ocr_line' id='line_1_29' title="bbox 317 3454 1737 3543; baseline -0.003 -21"><span class='ocrx_word' id='word_1_288' title='bbox 317 3459 413 3524; x_wconf 93' lang='lat' dir='ltr'><strong>modo</strong></span> <span class='ocrx_word' id='word_1_289' title='bbox 432 3458 536 3524; x_wconf 87' lang='lat' dir='ltr'><strong>literis</strong></span> <span class='ocrx_word' id='word_1_290' title='bbox 556 3468 643 3523; x_wconf 88' lang='lat' dir='ltr'><strong>recte</strong></span> <span class='ocrx_word' id='word_1_291' title='bbox 664 3458 842 3540; x_wconf 90' lang='lat' dir='ltr'><strong>instituant,</strong></span> <span class='ocrx_word' id='word_1_292' title='bbox 865 3455 923 3522; x_wconf 90' lang='lat' dir='ltr'><strong>sed</strong></span> <span class='ocrx_word' id='word_1_293' title='bbox 934 3456 1126 3543; x_wconf 87' lang='lat' dir='ltr'><strong>disciplinae</strong></span> <span class='ocrx_word' id='word_1_294' title='bbox 1140 3461 1237 3524; x_wconf 89' lang='lat' dir='ltr'><strong>etiam</strong></span> <span class='ocrx_word' id='word_1_295' title='bbox 1255 3459 1426 3524; x_wconf 89' lang='lat' dir='ltr'><strong>severitate</strong></span> <span class='ocrx_word' id='word_1_296' title='bbox 1441 3454 1645 3522; x_wconf 82' lang='lat' dir='ltr'><strong>cohibeanta</strong></span> <span class='ocrx_word' id='word_1_297' title='bbox 1662 3455 1737 3518; x_wconf 91' lang='lat' dir='ltr'><strong>levi-</strong></span> 
     </span>
     <span class='ocr_line' id='line_1_30' title="bbox 318 3555 1736 3643; baseline -0.005 -19"><span class='ocrx_word' id='word_1_298' title='bbox 318 3568 385 3624; x_wconf 85' lang='lat' dir='ltr'><strong>tate</strong></span> <span class='ocrx_word' id='word_1_299' title='bbox 406 3559 672 3623; x_wconf 84' lang='lat' dir='ltr'><strong>vociferationum</strong></span> <span class='ocrx_word' id='word_1_300' title='bbox 694 3566 726 3620; x_wconf 87' lang='lat' dir='ltr'><strong>et</strong></span> <span class='ocrx_word' id='word_1_301' title='bbox 747 3555 900 3640; x_wconf 89' lang='lat' dir='ltr'><strong>strepitus</strong></span> <span class='ocrx_word' id='word_1_302' title='bbox 921 3565 1018 3643; x_wconf 89' lang='lat' dir='ltr'><strong>atque</strong></span> <span class='ocrx_word' id='word_1_303' title='bbox 1042 3579 1204 3622; x_wconf 89' lang='lat' dir='ltr'><strong>cursuum.</strong></span> <span class='ocrx_word' id='word_1_304' title='bbox 1245 3557 1297 3624; x_wconf 87' lang='lat' dir='ltr'><strong>Ac</strong></span> <span class='ocrx_word' id='word_1_305' title='bbox 1324 3559 1353 3622; x_wconf 90' lang='lat' dir='ltr'><strong>si</strong></span> <span class='ocrx_word' id='word_1_306' title='bbox 1374 3559 1445 3643; x_wconf 90' lang='lat' dir='ltr'><strong>quis</strong></span> <span class='ocrx_word' id='word_1_307' title='bbox 1473 3555 1584 3643; x_wconf 88' lang='lat' dir='ltr'><strong>plures</strong></span> <span class='ocrx_word' id='word_1_308' title='bbox 1610 3576 1736 3641; x_wconf 89' lang='lat' dir='ltr'><strong>pueros,</strong></span> 
     </span>
     <span class='ocr_line' id='line_1_31' title="bbox 275 3654 1736 3744; baseline -0.005 -20"><span class='ocrx_word' id='word_1_309' title='bbox 275 3657 361 3724; x_wconf 78' lang='lat' dir='ltr'><strong>toad</strong></span> <span class='ocrx_word' id='word_1_310' title='bbox 394 3681 429 3724; x_wconf 89' lang='lat' dir='ltr'><strong>se</strong></span> <span class='ocrx_word' id='word_1_311' title='bbox 461 3655 606 3724; x_wconf 88' lang='lat' dir='ltr'><strong>discendi</strong></span> <span class='ocrx_word' id='word_1_312' title='bbox 639 3657 747 3742; x_wconf 85' lang='lat' dir='ltr'><strong>gratia</strong></span> <span class='ocrx_word' id='word_1_313' title='bbox 775 3656 949 3738; x_wconf 88' lang='lat' dir='ltr'><strong>venientes,</strong></span> <span class='ocrx_word' id='word_1_314' title='bbox 981 3677 1089 3722; x_wconf 88' lang='lat' dir='ltr'><strong>secum</strong></span> <span class='ocrx_word' id='word_1_315' title='bbox 1118 3655 1268 3722; x_wconf 87' lang='lat' dir='ltr'><strong>habuerit</strong></span> <span class='ocrx_word' id='word_1_316' title='bbox 1295 3679 1390 3744; x_wconf 90' lang='lat' dir='ltr'><strong>quam</strong></span> <span class='ocrx_word' id='word_1_317' title='bbox 1416 3655 1473 3740; x_wconf 86' lang='lat' dir='ltr'><strong>vl,</strong></span> <span class='ocrx_word' id='word_1_318' title='bbox 1506 3665 1584 3722; x_wconf 80' lang='lat' dir='ltr'><strong>hmo</strong></span> <span class='ocrx_word' id='word_1_319' title='bbox 1618 3654 1736 3741; x_wconf 87' lang='lat' dir='ltr'><strong>placuit</strong></span> 
     </span>
     <span class='ocr_line' id='line_1_32' title="bbox 317 3750 1735 3843; baseline -0.002 -23"><span class='ocrx_word' id='word_1_320' title='bbox 317 3758 444 3843; x_wconf 87' lang='lat' dir='ltr'><strong>magnis</strong></span> <span class='ocrx_word' id='word_1_321' title='bbox 465 3767 497 3822; x_wconf 88' lang='lat' dir='ltr'><strong>et</strong></span> <span class='ocrx_word' id='word_1_322' title='bbox 517 3755 673 3843; x_wconf 88' lang='lat' dir='ltr'><strong>gravibus</strong></span> <span class='ocrx_word' id='word_1_323' title='bbox 693 3754 734 3818; x_wconf 91' lang='lat' dir='ltr'><strong>de</strong></span> <span class='ocrx_word' id='word_1_324' title='bbox 759 3755 866 3820; x_wconf 87' lang='lat' dir='ltr'><strong>causis</strong></span> <span class='ocrx_word' id='word_1_325' title='bbox 888 3776 947 3840; x_wconf 90' lang='lat' dir='ltr'><strong>pro</strong></span> <span class='ocrx_word' id='word_1_326' title='bbox 970 3755 1108 3840; x_wconf 90' lang='lat' dir='ltr'><strong>singulis</strong></span> <span class='ocrx_word' id='word_1_327' title='bbox 1129 3778 1296 3822; x_wconf 90' lang='lat' dir='ltr'><strong>numerum</strong></span> <span class='ocrx_word' id='word_1_328' title='bbox 1326 3755 1489 3823; x_wconf 88' lang='lat' dir='ltr'><strong>senarium</strong></span> <span class='ocrx_word' id='word_1_329' title='bbox 1510 3750 1735 3841; x_wconf 87' lang='lat' dir='ltr'><strong>superantibus</strong></span> 
     </span>
     <span class='ocr_line' id='line_1_33' title="bbox 318 3852 1734 3942; baseline -0.004 -21"><span class='ocrx_word' id='word_1_330' title='bbox 318 3878 397 3922; x_wconf 90' lang='lat' dir='ltr'><strong>suae</strong></span> <span class='ocrx_word' id='word_1_331' title='bbox 417 3857 560 3942; x_wconf 87' lang='lat' dir='ltr'><strong>regionis</strong></span> <span class='ocrx_word' id='word_1_332' title='bbox 582 3855 724 3919; x_wconf 85' lang='lat' dir='ltr'><strong>curatori</strong></span> <span class='ocrx_word' id='word_1_333' title='bbox 745 3852 886 3941; x_wconf 88' lang='lat' dir='ltr'><strong>pendere</strong></span> <span class='ocrx_word' id='word_1_334' title='bbox 907 3853 1056 3919; x_wconf 90' lang='lat' dir='ltr'><strong>numulos</strong></span> <span class='ocrx_word' id='word_1_335' title='bbox 1078 3877 1261 3920; x_wconf 88' lang='lat' dir='ltr'><strong>communes</strong></span> <span class='ocrx_word' id='word_1_336' title='bbox 1275 3855 1409 3922; x_wconf 88' lang='lat' dir='ltr'><strong>XXlllI</strong></span> <span class='ocrx_word' id='word_1_337' title='bbox 1423 3875 1617 3941; x_wconf 89' lang='lat' dir='ltr'><strong>unoquoque</strong></span> <span class='ocrx_word' id='word_1_338' title='bbox 1640 3873 1734 3918; x_wconf 80' lang='lat' dir='ltr'><strong>seme</strong></span> 
     </span>
     <span class='ocr_line' id='line_1_34' title="bbox 317 3951 1734 4040; baseline -0.003 -22"><span class='ocrx_word' id='word_1_339' title='bbox 317 3957 387 4037; x_wconf 89' lang='lat' dir='ltr'><strong>stri,</strong></span> <span class='ocrx_word' id='word_1_340' title='bbox 417 3954 458 4020; x_wconf 89' lang='lat' dir='ltr'><strong>de</strong></span> <span class='ocrx_word' id='word_1_341' title='bbox 485 3977 550 4039; x_wconf 87' lang='lat' dir='ltr'><strong>qua</strong></span> <span class='ocrx_word' id='word_1_342' title='bbox 574 3951 742 4040; x_wconf 86' lang='lat' dir='ltr'><strong>pensicula</strong></span> <span class='ocrx_word' id='word_1_343' title='bbox 769 3955 900 4039; x_wconf 86' lang='lat' dir='ltr'><strong>etipsa</strong></span> <span class='ocrx_word' id='word_1_344' title='bbox 929 3955 1086 4018; x_wconf 89' lang='lat' dir='ltr'><strong>rationem</strong></span> <span class='ocrx_word' id='word_1_345' title='bbox 1113 3953 1250 4019; x_wconf 88' lang='lat' dir='ltr'><strong>reddere</strong></span> <span class='ocrx_word' id='word_1_346' title='bbox 1272 3965 1438 4020; x_wconf 86' lang='lat' dir='ltr'><strong>curatores</strong></span> <span class='ocrx_word' id='word_1_347' title='bbox 1459 3963 1625 4040; x_wconf 89' lang='lat' dir='ltr'><strong>cogentur.</strong></span> <span class='ocrx_word' id='word_1_348' title='bbox 1666 3951 1734 4016; x_wconf 88' lang='lat' dir='ltr'><strong>Nou</strong></span> 
     </span>
     <span class='ocr_line' id='line_1_35' title="bbox 317 4050 1734 4142; baseline -0.001 -25"><span class='ocrx_word' id='word_1_349' title='bbox 317 4065 425 4118; x_wconf 88' lang='lat' dir='ltr'><strong>autem</strong></span> <span class='ocrx_word' id='word_1_350' title='bbox 444 4053 506 4118; x_wconf 92' lang='lat' dir='ltr'><strong>hoc</strong></span> <span class='ocrx_word' id='word_1_351' title='bbox 527 4053 658 4118; x_wconf 88' lang='lat' dir='ltr'><strong>minime</strong></span> <span class='ocrx_word' id='word_1_352' title='bbox 678 4050 895 4137; x_wconf 91' lang='lat' dir='ltr'><strong>ponderosum</strong></span> <span class='ocrx_word' id='word_1_353' title='bbox 917 4073 997 4117; x_wconf 85' lang='lat' dir='ltr'><strong>onus</strong></span> <span class='ocrx_word' id='word_1_354' title='bbox 1018 4053 1103 4116; x_wconf 90' lang='lat' dir='ltr'><strong>ferre</strong></span> <span class='ocrx_word' id='word_1_355' title='bbox 1124 4073 1276 4118; x_wconf 88' lang='lat' dir='ltr'><strong>recusare</strong></span> <span class='ocrx_word' id='word_1_356' title='bbox 1297 4055 1467 4142; x_wconf 89' lang='lat' dir='ltr'><strong>quisquam</strong></span> <span class='ocrx_word' id='word_1_357' title='bbox 1493 4051 1640 4136; x_wconf 87' lang='lat' dir='ltr'><strong>debebit,</strong></span> <span class='ocrx_word' id='word_1_358' title='bbox 1665 4071 1734 4116; x_wconf 89' lang='lat' dir='ltr'><strong>cum</strong></span> 
     </span>
     <span class='ocr_line' id='line_1_36' title="bbox 276 4149 1734 4241; baseline -0.003 -23"><span class='ocrx_word' id='word_1_359' title='bbox 276 4152 436 4218; x_wconf 76' lang='lat' dir='ltr'><strong>toharum</strong></span> <span class='ocrx_word' id='word_1_360' title='bbox 457 4151 585 4217; x_wconf 89' lang='lat' dir='ltr'><strong>aedium</strong></span> <span class='ocrx_word' id='word_1_361' title='bbox 607 4150 709 4216; x_wconf 90' lang='lat' dir='ltr'><strong>multa</strong></span> <span class='ocrx_word' id='word_1_362' title='bbox 731 4149 909 4233; x_wconf 88' lang='lat' dir='ltr'><strong>commoda,</strong></span> <span class='ocrx_word' id='word_1_363' title='bbox 937 4173 1019 4236; x_wconf 90' lang='lat' dir='ltr'><strong>quae</strong></span> <span class='ocrx_word' id='word_1_364' title='bbox 1041 4151 1083 4217; x_wconf 89' lang='lat' dir='ltr'><strong>ab</strong></span> <span class='ocrx_word' id='word_1_365' title='bbox 1105 4151 1253 4218; x_wconf 90' lang='lat' dir='ltr'><strong>omnibus</strong></span> <span class='ocrx_word' id='word_1_366' title='bbox 1281 4155 1514 4241; x_wconf 87' lang='lat' dir='ltr'><strong>percipiuntur,</strong></span> <span class='ocrx_word' id='word_1_367' title='bbox 1540 4151 1622 4217; x_wconf 92' lang='lat' dir='ltr'><strong>illud</strong></span> <span class='ocrx_word' id='word_1_368' title='bbox 1644 4149 1734 4216; x_wconf 87' lang='lat' dir='ltr'><strong>facile</strong></span> 
     </span>
     <span class='ocr_line' id='line_1_37' title="bbox 321 4248 1734 4340; baseline -0.001 -24"><span class='ocrx_word' id='word_1_369' title='bbox 321 4251 463 4317; x_wconf 87' lang='lat' dir='ltr'><strong>allevare</strong></span> <span class='ocrx_word' id='word_1_370' title='bbox 493 4259 639 4338; x_wconf 87' lang='lat' dir='ltr'><strong>possunt.</strong></span> <span class='ocrx_word' id='word_1_371' title='bbox 678 4248 776 4330; x_wconf 82' lang='lat' dir='ltr'><strong>Quod</strong></span> <span class='ocrx_word' id='word_1_372' title='bbox 795 4271 874 4315; x_wconf 86' lang='lat' dir='ltr'><strong>vero</strong></span> <span class='ocrx_word' id='word_1_373' title='bbox 897 4249 939 4314; x_wconf 89' lang='lat' dir='ltr'><strong>ad</strong></span> <span class='ocrx_word' id='word_1_374' title='bbox 967 4260 1075 4315; x_wconf 88' lang='lat' dir='ltr'><strong>cetera</strong></span> <span class='ocrx_word' id='word_1_375' title='bbox 1096 4251 1224 4335; x_wconf 86' lang='lat' dir='ltr'><strong>attinet,</strong></span> <span class='ocrx_word' id='word_1_376' title='bbox 1252 4274 1291 4317; x_wconf 91' lang='lat' dir='ltr'><strong>ea</strong></span> <span class='ocrx_word' id='word_1_377' title='bbox 1312 4261 1345 4318; x_wconf 85' lang='lat' dir='ltr'><strong>st</strong></span> <span class='ocrx_word' id='word_1_378' title='bbox 1364 4252 1531 4318; x_wconf 89' lang='lat' dir='ltr'><strong>honestate</strong></span> <span class='ocrx_word' id='word_1_379' title='bbox 1553 4273 1626 4316; x_wconf 88' lang='lat' dir='ltr'><strong>esse</strong></span> <span class='ocrx_word' id='word_1_380' title='bbox 1646 4273 1734 4340; x_wconf 84' lang='lat' dir='ltr'><strong>prae·</strong></span> 
     </span>
     <span class='ocr_line' id='line_1_38' title="bbox 321 4348 1734 4438; baseline -0.003 -21"><span class='ocrx_word' id='word_1_381' title='bbox 321 4351 411 4418; x_wconf 88' lang='lat' dir='ltr'><strong>clara</strong></span> <span class='ocrx_word' id='word_1_382' title='bbox 432 4360 465 4415; x_wconf 86' lang='lat' dir='ltr'><strong>et</strong></span> <span class='ocrx_word' id='word_1_383' title='bbox 485 4353 675 4417; x_wconf 87' lang='lat' dir='ltr'><strong>necessitate</strong></span> <span class='ocrx_word' id='word_1_384' title='bbox 696 4352 762 4416; x_wconf 89' lang='lat' dir='ltr'><strong>iam</strong></span> <span class='ocrx_word' id='word_1_385' title='bbox 781 4348 983 4414; x_wconf 88' lang='lat' dir='ltr'><strong>inevitabilia</strong></span> <span class='ocrx_word' id='word_1_386' title='bbox 1004 4349 1122 4432; x_wconf 86' lang='lat' dir='ltr'><strong>offerri,</strong></span> <span class='ocrx_word' id='word_1_387' title='bbox 1144 4349 1516 4436; x_wconf 86' lang='lat' dir='ltr'><strong>intelligeturacunctis,</strong></span> <span class='ocrx_word' id='word_1_388' title='bbox 1538 4351 1658 4438; x_wconf 89' lang='lat' dir='ltr'><strong>quibus</strong></span> <span class='ocrx_word' id='word_1_389' title='bbox 1671 4349 1734 4438; x_wconf 90' lang='lat' dir='ltr'><strong>qui-</strong></span> 
     </span>
     <span class='ocr_line' id='line_1_39' title="bbox 319 4447 1733 4538; baseline -0.002 -21"><span class='ocrx_word' id='word_1_390' title='bbox 319 4452 392 4517; x_wconf 93' lang='lat' dir='ltr'><strong>dem</strong></span> <span class='ocrx_word' id='word_1_391' title='bbox 415 4448 539 4537; x_wconf 87' lang='lat' dir='ltr'><strong>aliquid</strong></span> <span class='ocrx_word' id='word_1_392' title='bbox 561 4449 668 4516; x_wconf 87' lang='lat' dir='ltr'><strong>cordis</strong></span> <span class='ocrx_word' id='word_1_393' title='bbox 690 4451 871 4536; x_wconf 89' lang='lat' dir='ltr'><strong>mentisque</strong></span> <span class='ocrx_word' id='word_1_394' title='bbox 891 4451 983 4515; x_wconf 88' lang='lat' dir='ltr'><strong>inest.</strong></span> <span class='ocrx_word' id='word_1_395' title='bbox 1013 4447 1110 4529; x_wconf 78' lang='lat' dir='ltr'><strong>Quod</strong></span> <span class='ocrx_word' id='word_1_396' title='bbox 1131 4451 1158 4513; x_wconf 91' lang='lat' dir='ltr'><strong>si</strong></span> <span class='ocrx_word' id='word_1_397' title='bbox 1180 4452 1232 4514; x_wconf 91' lang='lat' dir='ltr'><strong>cui</strong></span> <span class='ocrx_word' id='word_1_398' title='bbox 1254 4453 1317 4516; x_wconf 86' lang='lat' dir='ltr'><strong>ista</strong></span> <span class='ocrx_word' id='word_1_399' title='bbox 1338 4453 1492 4538; x_wconf 88' lang='lat' dir='ltr'><strong>graviora</strong></span> <span class='ocrx_word' id='word_1_400' title='bbox 1513 4459 1570 4516; x_wconf 89' lang='lat' dir='ltr'><strong>aut</strong></span> <span class='ocrx_word' id='word_1_401' title='bbox 1588 4450 1733 4516; x_wconf 88' lang='lat' dir='ltr'><strong>intolera-</strong></span> 
     </span>
     <span class='ocr_line' id='line_1_40' title="bbox 321 4547 1734 4637; baseline -0.002 -22"><span class='ocrx_word' id='word_1_402' title='bbox 321 4551 401 4617; x_wconf 88' lang='lat' dir='ltr'><strong>bilia</strong></span> <span class='ocrx_word' id='word_1_403' title='bbox 422 4549 583 4634; x_wconf 90' lang='lat' dir='ltr'><strong>videntur,</strong></span> <span class='ocrx_word' id='word_1_404' title='bbox 610 4551 639 4614; x_wconf 91' lang='lat' dir='ltr'><strong>ei</strong></span> <span class='ocrx_word' id='word_1_405' title='bbox 661 4551 869 4637; x_wconf 90' lang='lat' dir='ltr'><strong>inpromptu</strong></span> <span class='ocrx_word' id='word_1_406' title='bbox 890 4558 939 4614; x_wconf 89' lang='lat' dir='ltr'><strong>est</strong></span> <span class='ocrx_word' id='word_1_407' title='bbox 960 4548 1109 4614; x_wconf 90' lang='lat' dir='ltr'><strong>liberatio</strong></span> <span class='ocrx_word' id='word_1_408' title='bbox 1131 4547 1298 4616; x_wconf 86' lang='lat' dir='ltr'><strong>molestiae</strong></span> <span class='ocrx_word' id='word_1_409' title='bbox 1318 4549 1413 4616; x_wconf 87' lang='lat' dir='ltr'><strong>huius</strong></span> <span class='ocrx_word' id='word_1_410' title='bbox 1435 4550 1645 4636; x_wconf 81' lang='lat' dir='ltr'><strong>emigrando³</strong></span> <span class='ocrx_word' id='word_1_411' title='bbox 1663 4550 1734 4615; x_wconf 93' lang='lat' dir='ltr'><strong>hinc</strong></span> 
     </span>
     <span class='ocr_line' id='line_1_41' title="bbox 276 4645 1370 4734; baseline -0.002 -17"><span class='ocrx_word' id='word_1_412' title='bbox 276 4651 383 4718; x_wconf 82' lang='lat' dir='ltr'><strong>toalio</strong></span> <span class='ocrx_word' id='word_1_413' title='bbox 406 4659 438 4717; x_wconf 89' lang='lat' dir='ltr'><strong>ct</strong></span> <span class='ocrx_word' id='word_1_414' title='bbox 459 4671 494 4715; x_wconf 86' lang='lat' dir='ltr'><strong>se</strong></span> <span class='ocrx_word' id='word_1_415' title='bbox 516 4647 714 4734; x_wconf 86' lang='lat' dir='ltr'><strong>difficultate,</strong></span> <span class='ocrx_word' id='word_1_416' title='bbox 735 4671 794 4715; x_wconf 94' lang='lat' dir='ltr'><strong>nos</strong></span> <span class='ocrx_word' id='word_1_417' title='bbox 814 4647 1029 4714; x_wconf 90' lang='lat' dir='ltr'><strong>sollicitudine</strong></span> <span class='ocrx_word' id='word_1_418' title='bbox 1050 4645 1187 4714; x_wconf 89' lang='lat' dir='ltr'><strong>levando</strong></span> <span class='ocrx_word' id='word_1_419' title='bbox 1209 4697 1370 4716; x_wconf 90' lang='lat'><strong>......</strong></span> 
     </span>
    </p>
   </div>
   <div class='ocr_carea' id='block_1_4' title="bbox 394 4863 1086 5103">
    <p class='ocr_par' dir='ltr' id='par_1_4' title="bbox 394 4863 1086 5103">
     <span class='ocr_line' id='line_1_42' title="bbox 396 4863 924 4938; baseline -0.009 -15"><span class='ocrx_word' id='word_1_420' title='bbox 396 4873 406 4923; x_wconf 88' lang='lat'>1</span> <span class='ocrx_word' id='word_1_421' title='bbox 427 4867 476 4922; x_wconf 91' lang='lat' dir='ltr'><strong>Bei</strong></span> <span class='ocrx_word' id='word_1_422' title='bbox 493 4865 583 4938; x_wconf 88' lang='lat' dir='ltr'><strong>Vogel</strong></span> <span class='ocrx_word' id='word_1_423' title='bbox 603 4883 626 4920; x_wconf 89' lang='lat' dir='ltr'><strong>a.</strong></span> <span class='ocrx_word' id='word_1_424' title='bbox 645 4883 669 4921; x_wconf 85' lang='lat' dir='ltr'><strong>a</strong></span> <span class='ocrx_word' id='word_1_425' title='bbox 688 4865 720 4920; x_wconf 92' lang='grc' dir='ltr'><strong>Ο.</strong></span> <span class='ocrx_word' id='word_1_426' title='bbox 738 4863 780 4918; x_wconf 89' lang='lat' dir='ltr'><strong>Bl.</strong></span> <span class='ocrx_word' id='word_1_427' title='bbox 797 4869 868 4921; x_wconf 69' lang='lat'>496⁸</span> <span class='ocrx_word' id='word_1_428' title='bbox 885 4863 924 4934; x_wconf 85' lang='lat' dir='ltr'><strong>fg.</strong></span> 
     </span>
     <span class='ocr_line' id='line_1_43' title="bbox 394 4949 912 5008; baseline -0.002 -3"><span class='ocrx_word' id='word_1_429' title='bbox 394 4957 409 5005; x_wconf 78' lang='lat' dir='ltr'><strong>t</strong></span> <span class='ocrx_word' id='word_1_430' title='bbox 426 4949 613 5008; x_wconf 82' lang='lat' dir='ltr'><strong>Geschrieben</strong></span> <span class='ocrx_word' id='word_1_431' title='bbox 630 4949 703 5005; x_wconf 86' lang='lat' dir='ltr'><strong>steht</strong></span> <span class='ocrx_word' id='word_1_432' title='bbox 718 4949 840 5003; x_wconf 87' lang='lat' dir='ltr'><strong>deutlich</strong></span> <span class='ocrx_word' id='word_1_433' title='bbox 858 4966 912 5004; x_wconf 81' lang='lat' dir='ltr'><strong>seu.</strong></span> 
     </span>
     <span class='ocr_line' id='line_1_44' title="bbox 394 5031 1086 5103; baseline -0.007 -12"><span class='ocrx_word' id='word_1_434' title='bbox 394 5041 409 5091; x_wconf 80' lang='lat'>3</span> <span class='ocrx_word' id='word_1_435' title='bbox 427 5035 613 5094; x_wconf 84' lang='lat' dir='ltr'><strong>Geschrieheu</strong></span> <span class='ocrx_word' id='word_1_436' title='bbox 631 5034 705 5090; x_wconf 86' lang='lat' dir='ltr'><strong>steht</strong></span> <span class='ocrx_word' id='word_1_437' title='bbox 723 5033 877 5103; x_wconf 60' lang='lat' dir='ltr'><strong>ansprandi</strong></span> <span class='ocrx_word' id='word_1_438' title='bbox 892 5072 900 5086; x_wconf 93' lang='lat'><strong>.</strong></span> <span class='ocrx_word' id='word_1_439' title='bbox 917 5071 924 5085; x_wconf 92' lang='lat'><strong>.</strong></span> <span class='ocrx_word' id='word_1_440' title='bbox 942 5071 950 5088; x_wconf 87' lang='lat'><strong>.</strong></span> <span class='ocrx_word' id='word_1_441' title='bbox 967 5031 1086 5086; x_wconf 62' lang='lat' dir='ltr'><strong>mande</strong></span> 
     </span>
    </p>
   </div>
   <div class='ocr_carea' id='block_1_5' title="bbox 0 0 1878 6070">
    <p class='ocr_par' dir='ltr' id='par_1_5' title="bbox 0 0 1878 6070">
     <span class='ocr_line' id='line_1_45' title="bbox 0 0 1878 6070; baseline 0 5"><span class='ocrx_word' id='word_1_442' title='bbox 0 0 1878 6070; x_wconf 95' lang='lat' dir='ltr'><strong> </strong></span> 
     </span>
    </p>
   </div>
  </div>
 </body>
</html>
