3758 6072
341 467 402 535 424
832 467 883 518 Dia
900 467 1123 534 philosophiache
1142 468 1270 520 Facultit.

343 649 418 714 stris
445 646 486 713 de
511 647 618 736 longis
645 647 847 733 lectionibus,
874 661 910 718 ut
931 649 1140 739 phisicorum,
1167 651 1353 732 ethicorum,
1378 648 1543 734 Euclidis,
1573 659 1606 718 ct
1627 651 1668 717 de
1689 675 1762 718 con·

342 747 545 814 currentibus
577 759 608 814 at
640 749 810 814 exerciciis
839 750 1064 838 praecedentis
1093 751 1279 818 mutationis
1309 749 1422 816 sabato
1455 761 1531 840 post
1558 750 1702 840 Philippi
1729 763 1763 818 et

340 847 479 932 Iacobi,¹
501 848 559 914 sed
579 871 639 937 pro
661 848 885 916 distribuenda
905 853 1044 939 pecunia
1064 850 1176 918 debita
1196 851 1361 937 magistris
1382 874 1443 939 pro
1462 849 1658 916 lectionibus
1679 851 1763 918 ordi-

342 949 444 1012 nariis
465 946 670 1013 brevioribus
693 947 807 1014 sabato
832 959 906 1038 post
925 949 1170 1038 Margarcthae3
1200 952 1235 1016 in
1262 950 1366 1016 hieme
1389 959 1497 1016 autem
1523 973 1585 1038 pro
1611 950 1762 1038 longiori·

301 1057 317 1112 5
343 1047 404 1114 bus
425 1045 617 1114 lectionibus
647 1057 678 1112 et
705 1051 874 1115 exerciciis
897 1059 929 1115 et
956 1049 1219 1116 concurrentibus
1240 1048 1355 1116 sabato
1377 1059 1451 1138 post
1473 1051 1617 1116 omnium
1639 1060 1762 1116 sanma-

342 1169 424 1229 rum,
446 1169 505 1234 pro
526 1146 730 1213 brevioribus
755 1157 861 1214 autem
882 1149 1072 1216 lectionibus
1096 1151 1270 1217 ordinariis
1291 1149 1403 1216 sabato
1424 1160 1499 1238 post
1520 1149 1764 1216 conversionem

342 1245 445 1311 Pauli.
484 1247 537 1312 De
560 1269 625 1335 qua
644 1249 876 1313 convocatione
899 1248 995 1315 debet
1022 1249 1158 1339 quilibet
1182 1251 1410 1336 magistrorum
1440 1247 1480 1314 de
1508 1249 1645 1315 consilio
1666 1247 1764 1314 facul-

343 1347 419 1412 tatis
441 1344 562 1411 habere
576 1369 675 1411 unum
696 1361 735 1431 95.
756 1369 876 1413 novum
897 1347 938 1414 de
958 1348 1120 1414 facultate.
1159 1349 1255 1430 Quod
1277 1351 1305 1415 si
1326 1347 1478 1431 decanus,
1498 1347 1587 1414 nullo
1608 1347 1764 1435 legittimo

342 1444 573 1532 impedimento
595 1445 780 1532 impeditus,
808 1447 857 1513 his
881 1450 1009 1513 statutis
1031 1447 1145 1514 diebus
1165 1473 1231 1514 non
1256 1449 1382 1531 feccrit,
1411 1446 1451 1512 de
1477 1447 1624 1536 qualibet
1648 1470 1761 1513 convo·

304 1554 335 1610 1⁰
346 1546 477 1610 cacione
496 1545 728 1633 praetermissa
749 1545 854 1612 solvat
875 1571 934 1635 pro
956 1571 1062 1636 poena
1084 1547 1250 1613 dimidium
1273 1547 1429 1612 florenum
1451 1547 1504 1612 vel
1531 1549 1573 1612 sit
1600 1557 1676 1634 post
1693 1547 1764 1612 fun·

344 1654 429 1710 ctum
450 1667 543 1709 suum
565 1643 705 1710 officium
727 1647 798 1732 ipso
818 1647 902 1712 facto
926 1670 1111 1734 suspensus,
1131 1669 1296 1735 quousque
1320 1645 1451 1711 solverit
1472 1669 1545 1711 cum
1568 1645 1695 1712 effectu.

700 1819 746 1879 17.
768 1829 815 1878 Du
837 1830 937 1879 MODO
958 1831 1207 1880 DISTBIBUENDI
1227 1831 1410 1880 aucum.

423 1943 582 2029 Magister
604 1955 716 2031 petens
738 1948 911 2032 pecuniam
941 1944 1037 2011 debet
1062 1945 1208 2012 facultati
1237 1956 1447 2033 praesentare
1478 1969 1570 2011 suam
1600 1945 1763 2012 scedulam

342 2042 523 2109 auditorum
545 2065 684 2128 suorum,
707 2045 881 2110 secundum
903 2044 1047 2111 ordinem
1069 2044 1235 2134 alphabeti
1257 2043 1489 2129 ordinatorum,
1509 2049 1631 2134 inqua,
1655 2067 1763 2110 secun·

303 2151 333 2207 15
343 2141 419 2208 dum
441 2140 527 2231 quod
546 2143 681 2209 inferius
703 2147 861 2220 statuitur,
887 2143 1107 2231 negligencias
1129 2153 1161 2211 et
1186 2145 1328 2210 defectus
1355 2155 1388 2210 et
1413 2155 1542 2233 tempus
1562 2145 1763 2210 visitacionis

343 2243 557 2327 consignavit,
579 2251 610 2308 et
629 2243 776 2310 similiter
797 2244 946 2309 visitator
968 2267 1076 2328 suam3
1106 2255 1138 2310 ct
1166 2245 1281 2312 ambae
1309 2242 1428 2310 debent
1454 2244 1534 2329 legi,
1564 2255 1600 2309 ut
1627 2243 1764 2310 facultas

343 2341 505 2428 intelligat
525 2340 732 2429 diligenciam
747 2353 966 2432 utrorumque.
989 2343 1024 2409 Si
1045 2353 1122 2410 tunc
1141 2341 1435 2432 irreprehensibilis
1456 2344 1649 2426 invenietur,
1671 2341 1765 2407 debet

345 2442 408 2508 sibi
430 2442 570 2530 pecunia
592 2464 651 2507 sua
675 2443 763 2525 dari,
791 2442 937 2508 deuecta
961 2452 1040 2509 taxa
1071 2453 1103 2508 et
1130 2452 1259 2508 servato
1288 2440 1421 2508 denario
1449 2464 1535 2508 novo
1562 2465 1623 2530 pro
1652 2443 1763 2507 inscri-

342 2539 456 2608 bendo.
497 2539 532 2606 Si
555 2550 662 2606 autem
682 2540 946 2628 reprehensibilis
969 2538 1053 2630 [W]
1076 2543 1270 2624 invenietur,
1290 2541 1343 2607 vel
1364 2552 1477 2630 petens
1498 2544 1674 2630 pecuniam
1696 2543 1764 2606 sive

301 2643 502 2723 tttvisitator,
522 2649 656 2728 uterque
677 2663 738 2728 pro
759 2640 914 2729 qualitate
935 2664 1087 2707 excessus
1108 2643 1270 2729 puniatur.

849 2813 895 2876 18.
915 2826 962 2874 ua
984 2825 1257 2876 v1s1raromnus.

426 2939 620 3004 Visitatorcs
642 2937 761 3005 debent
787 2942 897 3006 statim
921 2950 996 3028 post
1019 2942 1153 3007 terciam
1179 2941 1348 3008 lectionem
1375 2941 1444 3005 sive
1471 2941 1665 3006 exercitium
1694 2963 1764 3007 esse

344 3039 486 3106 asstricti
507 3037 551 3102 ad
569 3037 768 3105 visitandum
788 3041 947 3106 inavisate
969 3063 1078 3106 omnes
1106 3041 1249 3128 legantes
1274 3051 1307 3106 et
1327 3054 1517 3106 exercentes
1540 3039 1692 3106 adminus
1714 3041 1762 3106 bis

343 3141 378 3204 in
398 3136 612 3221 hebdomada,
635 3149 667 3202 et
694 3139 740 3205 ibi
767 3139 939 3226 diligenter
966 3141 1080 3206 rimari
1107 3143 1337 3228 magistrorum
1365 3149 1397 3204 et
1424 3138 1600 3204 scolarium
1628 3139 1762 3226 diligen·

302 3240 441 3320 ttciam,
463 3247 496 3302 et
517 3246 594 3302 tunc
614 3261 743 3326 semper
762 3239 870 3306 facere
889 3241 1063 3326 registrum
1083 3238 1164 3326 legi3
1191 3249 1222 3305 et
1243 3241 1271 3306 si
1292 3240 1347 3327 qui
1369 3239 1492 3325 reperti
1511 3238 1634 3304 fiterint
1653 3239 1764 3304 absen-

342 3348 402 3422 tes,
428 3337 502 3404 illos
524 3337 645 3404 debent
663 3338 801 3404 fideliter
825 3341 964 3424 signare,
986 3361 1051 3405 non
1069 3348 1195 3404 tantum
1216 3340 1254 3420 is,
1276 3339 1331 3425 qui
1354 3339 1473 3420 visitat,
1494 3337 1553 3402 sed
1575 3341 1679 3404 eciam
1700 3338 1763 3420 ille,

343 3440 397 3526 qui
419 3436 498 3523 legit
518 3436 570 3503 vel
597 3446 742 3520 exercet,
769 3437 904 3523 quilibet
922 3441 957 3502 in
978 3461 1037 3504 sua
1057 3438 1198 3520 scedula,
1227 3446 1372 3523 tempore
1393 3437 1632 3503 distributionis
1655 3437 1762 3502 salarii

342 3535 488 3602 facultati
518 3536 763 3623 praesentanda
805 3537 960 3604 Similiter
988 3549 1123 3626 uterque
1153 3559 1262 3602 eorum
1292 3535 1389 3602 debet
1415 3539 1449 3602 in
1482 3536 1580 3602 dorso
1613 3536 1762 3602 scedulae

343 3636 429 3702 diem
449 3645 482 3701 et
502 3635 615 3701 horam
636 3636 831 3700 visitationis
852 3637 1040 3720 inscribere,
1068 3635 1165 3702 debet
1191 3644 1299 3702 autem
1327 3659 1388 3722 pro
1415 3635 1527 3702 labore
1556 3658 1615 3703 suo
1644 3635 1762 3702 hahere

301 3734 480 3822 toquilibet
499 3735 649 3800 visitator
670 3734 710 3800 de
730 3733 874 3822 qualibet
895 3759 959 3801 una
984 3747 1053 3802 tota
1074 3737 1271 3819 visitacione,
1301 3757 1412 3800 eorum
1436 3735 1587 3800 videlicet
1612 3737 1760 3818 omnium,

345 3836 400 3920 qui
420 3856 480 3920 per
502 3855 575 3898 eum
594 3833 749 3898 visitandi
770 3845 853 3916 sunt,
876 3857 897 3899 a
917 3835 1070 3902 facultate
1090 3859 1188 3902 unum
1216 3857 1365 3922 grossum
1386 3856 1516 3900 novum.
1555 3834 1593 3900 Si
1616 3837 1687 3924 quis
1708 3858 1758 3900 au·

343 3943 408 3998 tem
430 3934 500 3998 sine
520 3931 676 4018 legittimo
698 3933 926 4020 impedimento
948 3935 1144 4024 aliquociens
1159 3937 1292 4001 visitare
1313 3933 1502 4022 neglexerit,
1525 3935 1567 4000 sit
1586 3935 1659 4022 ipso
1676 3935 1758 4000 facto

344 4032 386 4098 ab
407 4030 533 4098 actibus
556 4031 735 4099 scolasticis
763 4057 947 4122 suspensus,
976 4035 1077 4101 donec
1103 4044 1136 4101 et
1163 4057 1328 4123 quousque
1355 4036 1477 4100 tociens
1506 4033 1655 4100 facultati
1682 4033 1758 4099 duos

342 4153 473 4218 grossos
496 4155 596 4198 novos
624 4133 831 4220 persolverit,
860 4135 1012 4223 quociens
1034 4135 1175 4223 aliquem
1201 4136 1388 4222 peripsum
1409 4131 1608 4199 visitandum
1630 4135 1757 4200 visitem
1866 4147 1867 4170 ¹

302 4229 532 4317 35neglexerit.
573 4231 609 4298 Si
639 4235 709 4320 quis
743 4245 850 4298 autem
876 4234 1034 4321 legittimo
1061 4234 1292 4323 impedimento
1321 4232 1497 4320 impeditus
1524 4233 1638 4318 fuerit,
1668 4232 1758 4298 debet

342 4327 566 4396 nichilominus
587 4332 681 4397 alteri
703 4331 742 4398 de
764 4332 896 4399 consilio
917 4333 1081 4400 facultatis
1104 4334 1311 4400 committere.
1338 4333 1418 4398 Item
1435 4334 1633 4416 visitatores,
1654 4355 1756 4418 recep-

344 4431 385 4496 tis
413 4428 553 4495 scedulis
579 4453 600 4494 a
624 4433 790 4518 magistris
816 4431 998 4520 legentibus
1025 4443 1057 4498 et
1081 4430 1322 4515 exercentibus,
1351 4441 1487 4520 possunt
1514 4433 1599 4498 inter
1629 4455 1664 4498 se
1688 4453 1756 4496 con·
1866 4467 1867 4528 ἐ

343 4529 478 4598 cordare
507 4536 539 4592 et
566 4528 713 4595 scedulas
740 4533 859 4619 aptiori
888 4532 985 4598 modo
1012 4533 1095 4596 inter
1125 4553 1160 4596 se
1192 4531 1353 4614 dividere,
1388 4533 1436 4597 sic
1464 4529 1550 4617 quod
1579 4555 1662 4598 unus
1688 4529 1755 4596 illos
1866 4529 1867 4544 ¹

342 4631 466 4712 visitet,
488 4625 571 4693 alter
592 4624 682 4693 alios.

427 4817 438 4868 l
457 4809 622 4879 Philippi
640 4813 673 4864 et
689 4809 815 4866 Iacobi
834 4813 871 4866 ist
886 4811 936 4868 der
957 4815 977 4866 t.
997 4809 1063 4880 Mai,
1081 4809 1331 4882 Margaretbae
1348 4812 1397 4867 der
1412 4817 1448 4868 12
1462 4813 1528 4868 oder
1546 4817 1585 4870 ta.
1600 4813 1659 4869 Juli
1672 4811 1754 4884 (aller-
1866 4771 1867 4810 t

340 4898 422 4970 dings
439 4895 506 4951 wird
524 4894 583 4948 dies
600 4893 666 4947 Fert
683 4891 728 4950 hie
745 4896 801 4951 und
817 4895 855 4950 da
872 4895 944 4951 auch
962 4911 1006 4950 am
1027 4901 1064 4950 15.
1082 4895 1138 4950 und
1162 4893 1248 4950 selbst
1270 4911 1315 4950 am
1340 4901 1380 4953 20.
1397 4897 1456 4952 Juli
1480 4896 1612 4968 gafaiert3
1637 4897 1700 4953 aber
1713 4895 1754 4950 die

342 4980 522 5050 Aufzahlung
538 4977 588 5032 der
603 4977 686 5032 Festo
704 4979 753 5034 der
776 4977 1017 5049 philosophischeu
1034 4979 1182 5046 Facultttt,
1200 4979 1336 5036 Urkuudl
1357 4981 1473 5046 Quellen
1492 4981 1519 5038 S.
1538 4985 1595 5050 784,
1616 4985 1699 5037 neunt
1713 4979 1754 5034 dis

343 5063 394 5120 auf
413 5059 602 5122 conraudi
627 5059 746 5118 fallenda
768 5063 866 5118 divisio
885 5064 1073 5133 apostolorum
1096 5062 1188 5118 nach
1211 5063 1430 5138 Margarethaa),
1453 5064 1601 5121 omnium
1623 5069 1752 5120 sancto·
1866 5089 1867 5104 ,

342 5167 414 5205 rum
430 5150 479 5207 der
498 5154 523 5205 1.
540 5145 703 5215 November,
719 5147 898 5206 conversio
916 5147 1020 5203 Pauli
1037 5147 1086 5203 der
1105 5152 1145 5202 25.
1163 5147 1279 5204 danuar.
