3794 6066
660 445 779 510 tutata·
798 447 958 510 formularlt
1469 448 1527 528 145

90 631 281 704 studiorum
312 653 442 704 cursam
471 658 588 725 urgere
617 661 656 704 ao
686 639 747 706 deo
769 641 919 728 propicio
939 639 1096 726 perficere
1118 641 1216 706 etiam
1239 638 1395 708 foeliciter
1417 644 1530 729 possit,

91 736 179 821 quod
200 747 235 802 et
258 759 432 826 speramus
453 734 703 804 illustrissimam
730 741 871 826 gratiam
892 749 1035 804 vestram
1058 761 1118 827 pro
1139 741 1254 805 innata
1272 741 1307 804 in
1328 759 1442 806 omnes
1464 749 1530 806 stu·

92 835 204 903 diosus
225 835 403 902 clementia
424 837 567 922 gratiose
588 838 757 922 lacunam,
778 849 810 904 et
830 861 890 905 nos
912 859 1039 925 quoque
1058 838 1140 904 illud
1162 837 1313 926 precibus
1335 840 1465 921 nostris,
1489 839 1532 906 ad

92 933 189 1000 deum
211 945 284 1022 opt.
315 958 402 1002 max.
431 958 490 1022 pro
512 946 642 1002 vestrae
672 937 873 1004 celsitudinis
894 938 1004 1004 foeliei
1033 960 1073 1003 ac
1093 938 1244 1004 diuturno
1272 939 1411 1024 imperio
1438 939 1531 1020 fissis,

94 1056 133 1098 ac
155 1056 292 1122 semper
315 1046 348 1101 et
368 1036 486 1120 ubique
506 1037 724 1124 paratissimis
745 1035 910 1124 obsequiis
931 1039 1112 1124 promereri
1139 1036 1349 1102 studebimus.
1393 1037 1559 1105 Censet-5

94 1143 148 1198 vet
175 1133 439 1200 illustrissimam
465 1137 605 1222 gratiam
625 1148 769 1202 vestram
797 1135 949 1203 dominus
974 1159 1034 1223 pro
1063 1135 1300 1223 tranquillitate
1324 1134 1410 1223 [73¹³]
1433 1137 1532 1204 eccle-

94 1235 162 1298 siae
190 1233 378 1300 catholicae
403 1245 435 1298 et
462 1234 660 1301 eruditorum
691 1235 836 1300 omnium
862 1235 1028 1322 praesidio
1054 1259 1115 1323 per
1144 1235 1245 1301 multa
1275 1235 1383 1300 secuda
1410 1236 1532 1302 incolu-

94 1355 189 1414 mem,
212 1335 269 1398 cui
293 1355 356 1398 nos
378 1334 475 1398 etiam
496 1343 529 1398 et
548 1337 657 1400 omnia
677 1343 790 1400 nostra
811 1333 976 1400 humiliter
998 1335 1269 1402 commendamus.
1303 1334 1450 1421 Lypsiae
1471 1345 1533 1400 etc.

219 1431 533 1498 Reverendissimae
555 1455 594 1498 ao
616 1431 855 1499 illustrissimae
876 1436 1004 1519 gratiae
1024 1444 1153 1500 vestrae

815 1533 952 1599 humiles
973 1535 1113 1600 ministri
1136 1534 1231 1599 etad
1251 1535 1387 1622 quaevis
1541 1543 1573 1600 tu

815 1632 923 1699 officia
945 1656 985 1699 ac
1005 1633 1161 1721 obsequia
1180 1634 1381 1720 paratissimi

1023 1742 1141 1816 rector,
1162 1755 1259 1819 mag,
1281 1732 1366 1798 doct.

979 1833 1203 1898 universitatis
1223 1831 1414 1919 Lypsensia.

631 1986 698 2048 131.
731 1996 1051 2047 counanusrmnn.

181 2112 251 2178 Sal.
275 2114 312 2178 in
334 2111 473 2177 domino.
500 2110 600 2177 Venit
620 2109 664 2174 ad
691 2132 760 2194 uos,
784 2113 837 2176 vir
865 2113 994 2193 eximie,
1022 2121 1097 2176 ante
1125 2110 1194 2178 dies
1223 2134 1345 2199 paucos
1371 2112 1534 2178 studiosus
1544 2123 1577 2178 15

97 2213 307 2295 adolescens,
335 2210 475 2276 Ioannes
505 2209 604 2294 Gela,
634 2212 854 2296 praesentium
883 2209 983 2294 lator,
1014 2231 1112 2276 orans
1140 2219 1237 2298 atque
1268 2209 1460 2294 obsecrans,
1488 2221 1535 2294 ut,

99 2313 252 2400 quoniam
279 2313 355 2398 ipse
383 2331 442 2396 per
472 2308 642 2376 facultates
671 2317 703 2373 ct
731 2309 876 2396 inopiam
903 2309 957 2376 bic
984 2307 1072 2395 apud
1100 2331 1162 2374 nos
1181 2311 1216 2374 iu
1238 2308 1343 2374 studio
1365 2308 1534 2376 literarum

98 2411 282 2498 perdurare
303 2431 369 2474 non
393 2405 479 2495 [74⁸]
502 2419 623 2495 posset,
644 2409 710 2474 nisi
734 2431 835 2495 opera
857 2407 1016 2474 bonorum
1035 2410 1181 2474 virorum
1202 2420 1235 2473 et
1256 2417 1388 2495 sumptu
1410 2419 1535 2474 susten·

99 2521 233 2592 teretur,
264 2507 356 2595 apud
385 2508 538 2573 eximiam
559 2509 793 2596 praestantiam
813 2517 958 2574 vestram
986 2531 1045 2596 pro
1066 2510 1138 2595 ipso
1160 2506 1443 2592 intercederemus,
1470 2530 1534 2595 quo

103 2607 302 2696 stipendium
331 2605 422 2690 illud,
451 2609 601 2696 quoiam
623 2604 825 2694 aliquamdiu
847 2616 897 2670 est
917 2630 1004 2690 usus,
1031 2609 1098 2696 ipsi
1119 2606 1225 2672 adhuc
1247 2606 1482 2693 aliquantisper
1503 2605 1579 2673 etto

102 2709 144 2774 ad
164 2709 263 2773 unius
283 2715 408 2772 tantum
432 2708 508 2774 anni
537 2707 684 2794 spacium
711 2727 733 2772 a
758 2705 959 2792 benignitate
980 2717 1090 2772 vestra
1116 2705 1357 2788 concederetur,
1384 2729 1448 2794 quo
1468 2715 1534 2772 stu—

103 2807 229 2872 diorum
259 2828 392 2871 suorum
421 2828 551 2871 cursum
581 2807 630 2870 sic
656 2815 754 2893 queat
780 2805 958 2888 instituere,
988 2817 1040 2888 ut,
1071 2816 1246 2894 antequam
1275 2804 1352 2870 binc
1380 2803 1536 2890 discedat,

101 2905 338 2972 baccalaureus
359 2906 393 2970 in
415 2905 539 2970 artibus
560 2903 751 2970 liberalibus
772 2904 842 2970 fieri
871 2903 1039 2971 commode
1059 2906 1174 2992 possit
1215 2903 1283 2968 Nos
1309 2904 1419 2990 itaque
1445 2905 1537 2972 intel·

102 3005 239 3092 ligentes
278 3025 394 3090 preces
427 3005 530 3091 ipsius
562 3005 665 3069 iustas
698 3026 778 3088 esse,
810 3027 941 3071 oramus
974 3027 1035 3071 vos
1067 3005 1164 3069 etiam
1196 3011 1294 3090 atque
1326 3003 1439 3088 etiam,
1472 3028 1535 3090 quo

106 3105 292 3192 benignitas
312 3113 424 3168 vestra
444 3102 548 3168 cidem
569 3103 649 3169 velit
671 3105 769 3168 etiam
790 3111 902 3168 nostm
928 3113 1079 3191 respectu
1104 3103 1140 3167 in
1165 3099 1229 3166 hae
1250 3104 1441 3168 necessitate
1462 3111 1575 3169 suc-2⁵

106 3225 244 3270 currere.
291 3199 457 3285 Quodsi,
486 3212 522 3268 ut
551 3225 735 3292 speramus,
760 3203 874 3268 fecerit
901 3203 1103 3289 praestantia
1122 3209 1232 3266 vestra
1239 3248 1248 3283 ,
1275 3201 1420 3265 vicissim
1440 3201 1536 3268 vobis

110 3302 251 3368 studium
284 3312 318 3368 et
350 3323 486 3390 operam
515 3312 660 3368 nostram
692 3303 727 3366 iu
756 3300 852 3366 rebus
884 3300 1033 3367 omuibus
1063 3299 1265 3387 pollicemur.
1306 3298 1395 3365 Bene
1421 3299 1537 3367 valete.

107 3401 263 3490 Lypsiae‚
282 3423 368 3466 anno
392 3401 560 3468 restitutae
582 3401 695 3467 salutis
713 3399 960 3482 MDXXXlllI,
981 3399 1048 3466 XII
1069 3400 1163 3466 Iunii.

205 3589 274 3652 1³2.
298 3577 382 3670 [74¹¹]
405 3599 572 3650 rosarum
593 3601 795 3650 rnsrmonn
816 3601 956 3650 suomet
973 3601 1023 3648 us
1045 3599 1293 3648 consummas
1316 3599 1481 3650 ramnum

188 3717 363 3783 Universis
384 3736 425 3780 ao
449 3715 593 3802 singulis,
621 3727 810 3804 praesentes
836 3717 962 3783 litteras
985 3726 1115 3784 nostras
1134 3716 1264 3799 visuris,
1285 3716 1418 3783 lecturis
1438 3725 1577 3804 atquetti

109 3817 277 3899 audituris,
305 3837 366 3880 noa
395 3813 585 3882 Fridericus
609 3816 743 3902 Peypus
764 3816 988 3900 Forchemius,
1015 3818 1134 3884 artium
1162 3815 1345 3883 liberalium
1372 3837 1412 3882 ac
1433 3814 1536 3904 philo·

111 3915 242 4003 sophiae
266 3936 363 4000 mag,
392 3913 534 4001 inclytae
561 3917 782 3980 universitatis
809 3915 909 3980 studii
935 3916 1106 4004 Lipsensis
1134 3924 1250 3998 rector,
1282 3914 1419 3981 salutem
1446 3925 1536 4002 opta-

110 4037 177 4080 mus
198 4016 233 4080 in
253 4013 385 4080 domino
406 4015 646 4101 sempiternam.
680 4013 888 4079 Venerabiles
911 4038 951 4081 ao
971 4014 1196 4082 humanissimi
1218 4014 1292 4096 viri,
1313 4013 1534 4100 significamus

112 4115 199 4180 vobis
231 4123 266 4178 et
294 4114 450 4178 ceruores
471 4134 531 4178 vos
557 4111 724 4178 reddimus
744 4112 796 4178 bis
821 4112 938 4180 litteris
960 4117 1092 4196 nestris,
1112 4112 1200 4200 quod
1223 4123 1297 4178 ante
1323 4112 1392 4178 dies
1414 4134 1537 4200 paucos

113 4212 274 4278 studiosus
301 4233 342 4278 ac
367 4209 486 4278 nobilis
514 4211 713 4296 adolescens,
737 4212 876 4278 Ioannes
896 4211 1093 4296 Marnholth,
1113 4211 1269 4277 ecclesiae
1289 4211 1581 4278 Haberemus-ss

115 4313 156 4378 sis
177 4313 311 4378 maioris
332 4311 518 4394 canonicus,
546 4310 590 4376 ad
609 4333 669 4376 uos
691 4313 818 4378 venerit
837 4333 934 4377 orans
956 4321 1053 4397 atque
1073 4309 1259 4393 obsecrans,
1286 4321 1322 4375 ut
1349 4311 1405 4398 qui
1424 4311 1459 4375 in
1477 4310 1540 4375 bac
1631 4311 1634 4318 '

116 4421 222 4478 noema
251 4411 465 4476 universitate
484 4409 550 4474 iam
572 4411 712 4476 triennio
733 4419 884 4476 versatus
906 4418 992 4476 esset
1011 4419 1044 4474 et
1071 4407 1165 4474 bonis
1189 4407 1305 4474 studiis
1332 4431 1372 4474 ac
1395 4407 1541 4474 moribus

118 4509 255 4576 dedisset
276 4531 413 4598 operam
436 4519 469 4574 et
488 4510 555 4574 iam
575 4532 596 4574 a
617 4512 684 4576 suis
704 4511 737 4574 in
759 4510 902 4597 patriam
922 4517 1142 4589 revocaretur,
1172 4530 1236 4596 quo
1265 4517 1434 4574 anteactae
1454 4509 1542 4572 vitae

119 4619 148 4674 et
165 4612 315 4676 meritum
337 4608 521 4674 studiorum
543 4631 674 4676 suorum
701 4611 921 4675 testimonium
948 4630 970 4673 a
995 4607 1090 4674 nobis
1121 4608 1294 4695 acciperet,
1320 4607 1357 4672 id
1382 4605 1469 4696 quod
1493 4603 1542 4670 illi

120 4729 234 4795 negare
253 4708 491 4774 nulla‘ratione
514 4703 600 4796 [75⁸]
622 4711 796 4794 potuimus,
817 4709 1012 4796 praesertim
1033 4729 1106 4770 cum
1127 4708 1195 4772 eius
1219 4709 1268 4772 rei
1289 4717 1387 4774 testes
1410 4705 1586 4770 idoneosto

122 4829 153 4872 se
171 4807 263 4874 nobis
287 4807 441 4874 daturum
461 4808 680 4892 promitteret:
714 4807 802 4896 quod
825 4816 858 4872 et
877 4807 962 4871 fecit
1004 4805 1088 4870 Nam
1109 4803 1263 4870 besterna
1284 4805 1337 4872 die
1359 4806 1441 4872 hora
1472 4810 1547 4890 post

19 4985 20 4996 ἵ
123 4905 283 4972 meridiem
306 4904 499 4972 duodecima
518 4905 721 4972 venerabiles
743 4907 833 4972 viros
856 4929 896 4971 ac
917 4904 1064 4971 dominos
1085 4907 1260 4991 magistros
1277 4915 1376 4970 testes
1398 4901 1547 4983 adduxit,

122 5001 474 5088 illocalitatem,
502 5004 562 5071 aub
585 5005 676 5069 cuius
697 5027 777 5070 cura
797 5005 851 5069 hic
870 5005 956 5070 vixit
975 5003 1130 5090 Lypsiae,
1155 5003 1200 5068 M.
1224 5005 1272 5070 lo.
1293 5003 1397 5083 Frita,
1420 4999 1549 5084 collegii

122 5105 245 5170 maioris
272 5103 489 5190 collegmtum,
519 5113 550 5170 et
577 5102 620 5168 M.
651 5102 772 5189 Georg.
795 5101 986 5188 Muslerum,
1014 5103 1069 5189 qui
1097 5125 1210 5168 omues
1239 5115 1271 5169 et
1299 5097 1419 5188 singuli
1440 5119 1552 5164 coram

190 5219 408 5258 ssssllssflflllcfl
426 5219 484 5256 BER
500 5220 575 5259 ΠΙΠ.
591 5219 713 5260 ΒΙΙΡΙῙΟ.
1343 5207 1380 5272 10
