3768 6072
334 443 394 504 212
901 441 956 490 Du
976 453 1069 502 grossa
1088 439 1193 503 Colleg.

270 702 273 708 ἱ
332 631 496 704 tamquam
518 619 553 682 in
574 618 742 704 cyclopum
772 629 865 684 coetu
892 617 1066 684 barbarica
1088 619 1229 706 quadam
1258 617 1439 704 petulantia
1469 617 1616 704 degatur.
1660 617 1762 700 Quem

334 727 452 783 statum
480 717 665 782 diutinuum
687 741 759 782 esse
781 740 877 804 posse
898 740 962 782 non
983 727 1032 782 est
1053 717 1305 782 existimandum
1327 726 1359 781 et
1382 739 1445 804 quo
1473 716 1593 783 diutius
1614 740 1761 804 perman-

335 819 428 900 serit,
452 840 489 880 co
511 818 679 902 graviores
701 817 814 881 ruinae
837 825 910 880 sunt
931 816 1217 902 pertimescendas.

419 915 509 996 Quas
531 914 573 981 ob
596 937 647 979 res
670 937 742 978 cum
764 915 983 980 honestissimi
1005 913 1133 1001 collegii
1162 917 1195 979 in
1218 915 1421 980 scholasticis
1444 913 1581 979 aedibus
1603 916 1762 1000 principis

290 1027 306 1080 5
332 1013 510 1080 maioribus
532 1016 665 1100 antiqua
685 1015 844 1079 institutio
868 1013 919 1078 his
941 1013 1142 1100 temporibus
1163 1036 1228 1080 non
1246 1013 1343 1078 nullis
1370 1015 1404 1078 in
1432 1012 1580 1100 partibus
1609 1012 1779 1078 observa·

333 1116 437 1180 tiones
461 1123 585 1179 veteres
607 1115 747 1177 retinere
768 1136 832 1179 uon
855 1123 974 1200 posset,
995 1126 1026 1177 ct
1050 1112 1247 1200 quibusdam
1267 1111 1547 1192 intercidentibus,
1568 1109 1761 1197 quibusdam

333 1211 581 1278 succedentibus
603 1212 744 1293 fortuito,
765 1215 863 1277 totius
885 1214 933 1276 rei
953 1211 1194 1276 administratio
1217 1210 1409 1277 labefactari
1431 1213 1598 1298 inciperet,
1620 1211 1762 1276 officium

333 1335 404 1378 esse
425 1334 517 1376 suum
537 1310 681 1396 collegae
703 1321 874 1396 putarunt,
902 1318 938 1376 ut
958 1310 999 1374 dc
1021 1309 1170 1376 omnibus
1192 1310 1365 1396 diligenter
1386 1309 1606 1375 consultarent
1627 1320 1661 1374 et
1689 1318 1763 1397 post

331 1421 489 1476 maturam
518 1409 783 1474 deliberationem
812 1408 990 1495 legitimam
1019 1409 1182 1496 quandam
1211 1410 1369 1474 rationem
1398 1417 1550 1474 curarent
1577 1408 1762 1474 describen-

290 1510 417 1592 10dam,
440 1533 537 1598 quam
561 1508 707 1595 sibiipsi
728 1508 880 1595 deinceps
903 1519 935 1573 et
957 1530 1077 1590 omnes,
1100 1509 1155 1595 qui
1176 1509 1210 1572 in
1232 1508 1492 1573 honestissimum
1506 1508 1567 1572 hoc
1590 1507 1761 1593 collegium

330 1617 568 1694 cooptarentur,
599 1605 796 1694 sequendam
819 1629 889 1671 esse
911 1608 1039 1672 scirent.
1082 1607 1225 1672 Tantum
1254 1606 1347 1671 abest
1374 1617 1411 1671 ut
1440 1607 1676 1670 institutionem
1706 1629 1762 1670 seu

330 1707 551 1772 fundationem
585 1705 631 1770 illi
663 1705 906 1771 convellendam
935 1705 1102 1787 duxerint,
1131 1716 1167 1770 nt
1194 1705 1238 1770 ad
1270 1728 1341 1770 eam
1371 1704 1566 1770 fulciendam
1597 1705 1760 1770 stabilien-

329 1806 469 1891 damque
491 1827 585 1870 omne
607 1804 749 1869 studium
769 1827 862 1869 suum
884 1803 1088 1868 contulerint.
1128 1803 1241 1891 Itaque
1270 1805 1303 1868 in
1334 1802 1396 1868 hac
1425 1803 1628 1870 ordinatione
1656 1803 1760 1891 plera·

330 1928 393 1992 que
429 1904 627 1968 translatitia
658 1905 787 1968 inerunt
819 1913 851 1967 et
884 1905 1039 1967 innovata
1071 1903 1306 1968 institutionem
1337 1925 1402 1967 non
1433 1903 1671 1990 oppugnabunt
1703 1900 1759 1968 sed

291 2003 514 2068 t5defendent.

416 2101 512 2182 Quod
533 2103 632 2188 igitur
654 2101 739 2166 filius
761 2099 812 2166 dei
835 2102 968 2183 aeterni,
991 2097 1035 2188 [4]
1057 2100 1206 2166 dominus
1233 2111 1344 2165 noster
1365 2101 1456 2164 lesus
1480 2099 1642 2182 Christus,
1667 2111 1759 2165 autor

331 2203 443 2267 salutis
471 2203 583 2286 generi
611 2201 752 2265 humano
779 2209 811 2264 et
838 2208 945 2263 custos
976 2199 1132 2263 ecclesiae
1162 2219 1249 2281 suae,
1278 2209 1385 2263 ratum
1406 2199 1598 2285 firmumque
1620 2198 1759 2284 benigne

330 2323 401 2366 esse
422 2309 454 2364 ct
475 2301 636 2387 pertinere
657 2297 738 2363 velit
757 2297 799 2361 ad
822 2299 1019 2362 sanctissimi
1038 2297 1178 2362 nominis
1201 2297 1250 2362 sni
1270 2297 1417 2383 gloriam,
1439 2299 1639 2362 fructuosum
1660 2296 1758 2362 eccle-

330 2402 398 2464 siae
419 2423 512 2463 usum
536 2409 568 2462 et
588 2396 788 2485 reipublicae
809 2398 906 2460 totius
934 2395 1112 2460 commoda.
1154 2395 1236 2462 Cum
1261 2395 1355 2461 huius
1382 2395 1602 2461 honestissimi
1630 2395 1758 2481 collegii

287 2501 364 2564 boin
395 2498 530 2563 aedibus
564 2497 722 2583 principis
753 2493 931 2560 maioribus
964 2516 1135 2558 numerum
1164 2494 1347 2582 compleant
1378 2495 1521 2580 collegae
1551 2515 1590 2577 x,
1620 2495 1690 2560 bini
1718 2518 1758 2559 ex

330 2595 465 2682 singulis
492 2594 677 2661 nationibus
706 2597 752 2672 (in
774 2615 856 2677 quas
878 2595 1072 2658 universitas
1096 2593 1289 2658 scholastica
1313 2594 1347 2657 in
1374 2592 1436 2676 hac
1457 2592 1538 2658 urbe
1560 2593 1602 2658 ab
1626 2596 1757 2679 antiquo

330 2694 505 2759 distributa
527 2703 590 2772 est)
612 2695 644 2756 in
665 2693 735 2773 hoc,
759 2694 805 2756 ita
827 2701 862 2756 ut
883 2715 944 2778 par
962 2702 1015 2756 est
1035 2713 1074 2756 ac
1097 2691 1198 2774 decet,
1223 2693 1377 2777 cooptati,
1400 2703 1432 2757 ct
1453 2691 1516 2757 duo
1538 2692 1590 2758 his
1614 2693 1756 2758 adiuncti

328 2794 474 2859 medicae
495 2794 575 2858 artis
598 2791 758 2872 doctores,
788 2813 830 2855 ex
851 2790 968 2875 quibus
989 2813 1082 2872 unus,
1106 2789 1379 2856 administrationi
1398 2793 1571 2856 universae
1592 2793 1757 2879 praeposi-

328 2905 390 2976 tus,
420 2893 480 2957 hoc
506 2893 635 2957 nomine
664 2888 844 2978 appelletur
873 2898 905 2953 et
938 2913 1081 2954 annuum
1108 2911 1224 2953 munus
1253 2887 1341 2954 istud
1373 2899 1481 2974 gerat:
1514 2889 1681 2956 decretum
1710 2901 1758 2955 cst

285 2993 487 3058 2⁵communi
510 2991 669 3057 sententia
690 2989 895 3074 collegarum,
918 2988 1072 3074 deinceps
1095 2987 1135 3052 de
1157 2985 1207 3053 his
1227 3011 1298 3053 csse
1316 2989 1486 3070 servanda,
1502 3011 1586 3076 quac
1602 2989 1755 3054 subiectis

325 3090 486 3179 capitibus
509 3100 725 3177 exponuntur.

622 3263 648 3321 l.
670 3273 717 3320 DE
738 3271 943 3320 PRAEPOSITI
964 3269 1222 3318 DESIGNATIONE
1243 3272 1288 3319 ΕΤ
1310 3271 1463 3319 mineus.

408 3390 593 3475 Praepositi
615 3410 731 3452 munus
753 3407 894 3451 annuum
917 3394 975 3449 est.
1010 3385 1075 3448 Hic
1096 3383 1323 3470 designabitur
1349 3387 1477 3451 circiter·
1508 3384 1594 3450 diem
1619 3384 1754 3470 Georgii

325 3498 357 3553 et
377 3489 476 3553 inibit
494 3489 719 3573 magistratum
737 3484 789 3549 die
809 3483 906 3548 Galli.
938 3483 1046 3569 Atque
1066 3495 1143 3548 tunc
1165 3484 1284 3570 prioris
1305 3486 1382 3548 anni
1405 3487 1594 3572 praeposito
1614 3484 1754 3566 iubente,

283 3589 494 3674 30promittet
515 3589 639 3651 iuratus
662 3608 697 3650 se
718 3583 880 3648 facturum
904 3581 1053 3663 officium,
1075 3590 1111 3646 ut
1133 3584 1286 3669 sequitur.

410 3685 503 3771 „Ego
526 3685 572 3748 .N.
592 3687 672 3764 iuro,
695 3681 776 3746 vellc
797 3703 848 3745 me
870 3679 1011 3745 officium
1033 3703 1138 3745 mcum
1162 3676 1378 3768 praestal5lre
1397 3681 1569 3769 diligenter
1591 3695 1623 3747 et
1643 3683 1752 3748 sedulo

324 3785 416 3868 fungi
444 3782 597 3847 mandato
619 3803 760 3862 munere,
788 3781 943 3866 pecunias
968 3777 1111 3865 collegii,
1141 3801 1224 3866 quae
1253 3779 1332 3844 mibi
1358 3780 1498 3846 traditae
1527 3782 1663 3864 luerint,
1690 3783 1751 3847 dis-

325 3905 463 3969 pensare
485 3879 633 3961 fideliter,
663 3889 694 3943 et
721 3901 805 3962 qnae
838 3877 989 3942 distribui
1019 3877 1198 3962 debebunt,
1230 3881 1263 3944 in
1290 3881 1332 3944 iis
1362 3881 1589 3967 aequalitatem
1621 3903 1752 3946 servare

324 4004 428 4069 neque
450 3978 547 4045 ullius
568 4002 610 4043 ex
632 3977 764 4062 collegis
788 3999 959 4063 personam
980 3977 1041 4041 hac
1063 3979 1096 4040 in
1118 3987 1212 4063 parte
1237 4001 1396 4064 personae
1425 3977 1558 4045 alterius
1585 3983 1750 4066 praeferre

280 4092 378 4146 ttaut
400 4101 599 4144 communem
627 4077 938 4142 administrationem
967 4075 1009 4140 ad
1039 4075 1136 4140 ullius
1159 4079 1321 4162 privatam
1344 4077 1515 4142 utilitatem
1547 4089 1750 4145 convertere:

322 4183 349 4244 si
371 4179 442 4264 quis
466 4180 564 4242 etiam
587 4200 628 4241 ex
650 4175 783 4261 collegis
805 4175 1017 4261 postulaverit
1038 4177 1212 4240 convocari
1237 4175 1418 4263 collegium,
1440 4177 1526 4242 ultra
1545 4177 1633 4243 diem
1654 4201 1749 4244 unum

321 4302 391 4344 rem
413 4299 483 4340 eam
508 4275 654 4340 consulto
677 4297 741 4339 non
764 4273 921 4339 differam.
964 4274 1002 4339 In
1024 4274 1074 4339 bis
1096 4285 1205 4339 tamen
1225 4276 1374 4342 omnibus
1400 4276 1482 4341 levis
1504 4276 1601 4364 culpa
1629 4289 1661 4343 et
1687 4279 1749 4343 for·

320 4380 403 4441 tuita
423 4374 620 4460 negligentia
647 4374 754 4440 fraudi
782 4372 862 4438 mihi
892 4397 963 4439 csse
991 4396 1055 4437 non
1085 4373 1225 4440 debebit.
1267 4375 1318 4440 Ita
1346 4397 1397 4440 me
1424 4375 1504 4440 deus
1532 4375 1667 4443 adiuvet
1694 4401 1750 4465 per

320 4487 465 4540 sanctum
488 4474 691 4559 evangelium
714 4475 853 4539 suum.“¹

277 4586 311 4641 to
402 4575 439 4639 ln
465 4572 668 4658 designando
696 4573 882 4660 praeposito
911 4573 973 4638 hoc
1003 4571 1195 4655 servabitur,
1222 4582 1258 4638 ut
1284 4576 1367 4639 serie
1394 4575 1608 4662 cooptationis
1633 4597 1747 4640 munus

321 4675 383 4739 hoc
402 4673 574 4737 mandetur
594 4674 650 4753 ita,
679 4694 699 4736 a
719 4673 824 4758 primo
847 4681 882 4736 ut
903 4673 1033 4736 initium
1053 4671 1111 4734 fiat
1131 4681 1164 4735 et
1184 4671 1260 4736 inde
1280 4673 1394 4740 ordine
1412 4673 1620 4762 procedatur,
1648 4674 1747 4740 donec

320 4795 378 4860 per
399 4774 569 4836 universos
598 4771 720 4836 functio
746 4771 890 4835 muneris
919 4769 1014 4833 huius
1042 4780 1195 4837 transeat.
1240 4771 1275 4836 Si
1305 4781 1413 4838 tamen
1442 4773 1602 4858 evenerit,
1631 4783 1668 4839 ut
1695 4773 1747 4839 de

396 4993 408 5044 1
439 4988 499 5042 Der
520 4987 633 5042 letztere
652 4984 717 5040 Sata
742 4985 779 5039 ist
803 5001 857 5039 von
882 4984 1006 5051 anderen,
1029 4982 1102 5040 doch
1125 4984 1340 5060 gleichzeitiger,
1361 4987 1446 5044 Hand
1474 5006 1518 5044 am
1542 4989 1641 5048 Raude
1664 4991 1745 5048 nacb·

317 5081 459 5146 gotragen.
