3794 6066
330 405 389 470 110
793 403 848 454 Des
865 401 1000 456 Ichnusa
1016 403 1097 455 rubri
1113 405 1146 455 ds
1163 403 1278 456 werden

368 589 418 652 tt.
447 601 643 650 marcu
663 601 732 650 suc
755 603 1018 654 urnuussnuno
1039 604 1328 654 ruouunnsrroru
1349 603 1565 664 ecmannus
1585 601 1708 652 monn·

939 704 1152 753 osurnunu.

412 816 549 883 Mandat
588 815 738 882 omnibus
766 827 840 883 ete:
873 829 1030 907 quatenus
1057 842 1129 885 oras
1160 819 1241 886 hors
1268 843 1307 885 n.
1336 821 1370 885 in
1398 817 1536 884 ecelesia
1569 817 1675 882 sancti
1706 815 1752 880 .N.

329 918 523 982 conveniant
550 915 593 981 ad
620 913 816 980 audiendum
846 919 1006 1005 publicari
1035 941 1073 984 aa
1102 919 1302 1006 promulgari
1331 918 1489 1007 quasdam
1515 917 1752 981 sacratissimas

304 1015 548 1102 sindulgentias
569 1039 628 1102 per
647 1016 860 1082 reverendum
883 1018 1049 1083 dominum
1072 1019 1137 1100 .N.,
1165 1018 1446 1104 prothonotarium
1467 1016 1700 1104 apostolicum,
1722 1025 1753 1080 et

328 1117 372 1181 ad
404 1112 658 1182 interessendum
690 1119 905 1200 processioni,
940 1115 1024 1204 [20⁸]
1059 1127 1133 1204 post
1163 1116 1414 1202 publicationem
1447 1115 1670 1182 huiuscemodi
1704 1137 1752 1178 sa-

330 1217 584 1280 cratissimarum
604 1212 877 1299 indulgentiarum
900 1216 1096 1282 sollemniter
1116 1216 1253 1300 fiendae,
1275 1239 1400 1282 necnon
1422 1214 1654 1282 adridendum
1670 1216 1751 1300 erigi

329 1336 459 1379 erucem
490 1315 524 1378 in
556 1313 706 1402 praefata
734 1318 838 1380 sancti
865 1316 914 1381 .N.
942 1316 1089 1382 ecclesia.
1141 1317 1210 1383 Sub
1246 1339 1352 1404 poena
1387 1326 1526 1404 quatuor
1553 1336 1752 1402 grossorum,

333 1413 536 1478 universitati
558 1421 618 1476 etc.

287 1607 320 1662 ιο
364 1602 412 1665 43.
444 1612 639 1661 usmarus
659 1609 728 1660 ruo
750 1613 1011 1664 mrsusssauuo
1034 1615 1186 1664 snuuonr
1206 1615 1282 1664 srva
1305 1612 1517 1664 connsrroru
1540 1611 1717 1663 curusnsu

892 1713 1188 1764 raoruouorsnn.

412 1829 500 1910 Quia
525 1825 720 1893 venerabilis
747 1827 895 1894 dominus
917 1829 983 1912 .N.,
1015 1854 1128 1898 sacrae
1153 1830 1336 1917 theologiae
1363 1829 1568 1896 baccalsrius
1595 1829 1750 1895 formatus

329 1928 634 2013 commissariusque
655 1926 825 1992 reverendi
845 1930 960 2014 patris,
984 1929 1106 1996 domini
1128 1931 1312 2018 Rayrnundi
1334 1929 1485 2013 Peraudi,
1507 1939 1641 1996 sanctae
1664 1927 1750 1992 sedis

328 2027 528 2117 apostolicae
548 2024 785 2113 prothonotarii
805 2049 931 2092 necnon
952 2029 1108 2094 eeclesiae
1129 2031 1370 2094 xanctonensis
1392 2029 1525 2112 decani,
1552 2027 1650 2094 hodie
1679 2051 1752 2116 per·

290 2141 321 2195 15
331 2139 403 2195 acto
431 2126 571 2215 prandio
599 2127 632 2190 in
659 2125 792 2192 lectorio
813 2126 1052 2194 ordinariorum
1074 2129 1329 2217 disputationum
1353 2127 1481 2216 collegii
1501 2129 1684 2215 praesentis
1707 2129 1751 2191 fa·

328 2239 438 2294 cturus
465 2224 698 2311 habiturusque
723 2235 773 2289 est
803 2248 983 2292 sermonem
1011 2251 1068 2293 seu
1095 2228 1353 2295 collatiunculam
1374 2227 1417 2292 ad
1439 2227 1577 2309 clerum,
1607 2225 1681 2292 ideo
1704 2227 1750 2292 .N.

327 2337 433 2393 rector
454 2325 603 2390 hortatur
623 2345 733 2389 omnes
756 2333 788 2388 et
809 2325 954 2411 singulos
973 2331 1158 2414 magistros,
1188 2328 1346 2410 doctores,
1367 2327 1551 2392 licentiatos
1574 2337 1650 2391 eto:
1674 2349 1750 2414 qua-

327 2439 420 2492 tenus
449 2423 544 2488 hodie
569 2423 641 2488 loco
671 2433 704 2488 et
730 2433 876 2509 ternpore
903 2429 1170 2511 praememoratis
1197 2429 1391 2492 conveniant
1418 2427 1461 2492 ad
1491 2425 1748 2492 interessendum

328 2523 514 2591 huiusmodi
535 2524 675 2587 sermoni
695 2545 753 2586 seu
774 2522 1033 2608 cohstiunculse,
1054 2538 1193 2612 protunc
1213 2528 1282 2602 (uti
1302 2527 1538 2613 praemittitur)
1560 2523 1603 2590 ad
1627 2525 1747 2592 clerum

288 2624 436 2690 20fiend0
459 2621 511 2688 vel
532 2621 669 2686 fiendae.
709 2621 834 2687 Datum
857 2631 916 2689 etc.

670 2809 720 2870 tt.
751 2821 945 2872 munerun
965 2823 1034 2872 ruo
1056 2824 1189 2874 suasus
1210 2825 1406 2876 resinous.

411 2938 466 3004 Ex
507 2938 733 3003 commissione
779 2937 975 3024 specialique
1017 2939 1171 3005 mandato
1209 2942 1378 3008 reverendi
1418 2939 1503 3030 [tob]
1545 2943 1579 3006 in
1618 2940 1749 3006 Christo

329 3041 431 3129 patris
453 3049 485 3104 et
506 3038 643 3120 domini,
669 3035 791 3101 domini
814 3037 954 3120 Tilonis,
980 3041 1117 3126 insignis
1138 3039 1416 3128 Meraeburgensis
1439 3041 1596 3106 eudesius
1617 3063 1752 3128 praesu-

329 3142 385 3224 lis,
406 3139 500 3204 hnius
523 3137 628 3202 almae
648 3139 868 3202 universitatis
890 3138 1074 3203 cancellarii
1095 3141 1182 3204 unici
1202 3149 1235 3204 et
1255 3140 1452 3228 dignissimi,
1477 3141 1523 3206 .N.
1546 3140 1587 3205 de
1608 3140 1657 3206 .N.
1679 3149 1749 3220 etc,
1805 3149 1809 3156 '

287 3241 437 3308 25dictae
456 3239 678 3304 universitatis
699 3246 821 3320 rector,
852 3236 985 3302 mandat
1014 3238 1162 3305 omnibus
1187 3249 1220 3304 et
1244 3240 1380 3327 singulis
1402 3261 1668 3328 quorumeunque
1689 3239 1750 3304 ool·

328 3341 486 3428 legiorum
513 3339 582 3402 sive
610 3359 873 3424 quarumcunque
902 3336 1076 3404 bursarum
1102 3340 1358 3427 approbatarum
1381 3339 1632 3406 conventoribus
1655 3349 1751 3426 atque

330 3439 516 3529 suppositis,
536 3435 617 3502 inibi
638 3437 765 3501 ratione
787 3438 924 3502 stantiae
946 3437 988 3503 ad
1008 3439 1080 3502 irus
1102 3438 1279 3504 bursalium
1303 3441 1454 3524 astrictis,
1476 3447 1637 3525 quatenus
1652 3461 1747 3504 unus·

328 3544 462 3630 quisque
491 3539 525 3602 in
553 3559 592 3602 eo
620 3535 755 3621 collegio
782 3545 837 3599 aut
864 3558 903 3600 ea
929 3535 1043 3618 bursa,
1073 3536 1128 3602 ubi
1157 3542 1307 3604 stantiam
1335 3537 1499 3622 habuerit,
1526 3539 1671 3604 crastina
1699 3537 1751 3603 die

329 3643 462 3708 bursam
494 3639 588 3700 iuxta
622 3633 860 3700 ordinationem
885 3639 1135 3723 praememorati
1166 3639 1288 3704 domini
1319 3637 1599 3725 Merseburgensis
1626 3661 1750 3704 necnon

286 3741 534 3808 todominorum
563 3745 788 3817 executorum,
820 3756 879 3820 per
906 3735 1148 3800 universitatem
1180 3736 1424 3824 deputatorum,
1459 3761 1581 3824 ponere
1606 3739 1750 3826 incipiat

329 3839 397 3906 Sub
419 3857 526 3924 poena
545 3835 639 3900 unius
660 3833 785 3914 floreni,
807 3833 1011 3899 universitati
1030 3837 1296 3902 irremissibiliter
1316 3837 1535 3924 persolvendi.
1575 3839 1671 3904 Etsi
1694 3839 1748 3904 ali-

330 3938 416 4028 quod
444 3935 649 4021 suppositum
675 3933 710 3996 in
737 3931 872 4018 collegio
903 3943 959 3998 aut
987 3932 1086 3998 bursa
1114 3957 1173 4021 per
1199 3939 1442 4003 universitatem
1473 3937 1658 4025 approbata
1687 3961 1749 4004 non

330 4037 469 4118 steterit,
496 4057 573 4099 mox
600 4055 670 4098 sese
697 4032 741 4097 ad
765 4030 951 4098 huiusmodi
976 4031 1082 4098 locum
1107 4037 1263 4123 recipiat,
1292 4059 1397 4123 poena
1419 4036 1479 4102 sub
1501 4041 1684 4125 praemissa
1704 4047 1750 4103 tc-

329 4140 433 4220 ciens,
463 4136 610 4222 quotiens
638 4131 837 4198 scunarium
866 4131 997 4216 fecerit,
1026 4131 1289 4200 hebdomadatim
1317 4137 1522 4204 universitati
1545 4137 1751 4204 irremissibi-

286 4238 402 4306 satur
423 4233 647 4323 persolvenda
689 4231 813 4298 Datum
833 4241 1014 4298 rectoratus
1035 4241 1094 4300 etc.

409 4442 459 4500 45.
493 4451 686 4500 usunsruu
707 4447 776 4498 rao
799 4447 995 4498 sonurlonn
1017 4450 1164 4498 nuouuu
1186 4451 1393 4501 cnossonuu
1413 4453 1461 4501 sn
1484 4453 1664 4506 emanas

936 4549 1140 4598 nsunonuu.

409 4665 546 4734 Mandat
571 4666 720 4732 omuibus
750 4675 781 4730 et
802 4665 951 4752 singulis,
980 4675 1047 4730 tam
1074 4664 1243 4751 graduatis
1266 4687 1362 4752 quam
1383 4691 1449 4736 non
1469 4670 1658 4755 graduatio,
1684 4673 1751 4738 uni·

326 4770 491 4836 versitatis
504 4766 647 4834 eiusdem
661 4767 836 4853 suppositis
848 4767 987 4832 nationis
1002 4787 1055 4830 ‚uz
1080 4775 1240 4851 quatenus
1254 4765 1421 4852 quodlibet
1432 4770 1578 4856 ipsorum
1587 4773 1751 4856 praesenti

285 4868 503 4936 werhibitori
525 4867 577 4932 vel
597 4864 833 4930 exhibitoribus
857 4862 943 4951 [21⁸]
967 4865 1049 4928 duos
1071 4886 1204 4948 grossos
1227 4887 1330 4930 novos
1352 4891 1412 4954 pro
1443 4871 1673 4938 reformatione
1697 4895 1751 4938 seu

329 4970 536 5034 innovatione
564 4964 773 5030 candelarum
799 4963 905 5030 dictae
926 4963 1083 5044 nationis,
1113 4963 1156 5028 sd
1178 4963 1331 5030 honorem
1353 4966 1406 5032 dei
1429 4967 1676 5056 deputatarum,
1709 4969 1751 5058 (si

330 5067 444 5132 saltem
473 5069 563 5154 prius
589 5087 653 5129 non
681 5063 821 5152 dederit)
851 5063 935 5128 infra
963 5060 1121 5145 triduum,
1149 5063 1280 5128 edatis
1310 5068 1537 5152 praesentibus
1563 5081 1750 5160 computan-
