<?xml version="1.0" encoding="UTF-8"?>
<!DOCTYPE html PUBLIC "-//W3C//DTD XHTML 1.0 Transitional//EN"
    "http://www.w3.org/TR/xhtml1/DTD/xhtml1-transitional.dtd">
<html xmlns="http://www.w3.org/1999/xhtml" xml:lang="en" lang="en">
 <head>
  <title>
</title>
<meta http-equiv="Content-Type" content="text/html;charset=utf-8" />
  <meta name='ocr-system' content='tesseract 3.04.00' />
  <meta name='ocr-capabilities' content='ocr_page ocr_carea ocr_par ocr_line ocrx_word'/>
</head>
<body>
  <div class='ocr_page' id='page_1' title='image "./diestatutenbche00leipgoog_0249.png"; bbox 0 0 3768 6072; ppageno 0'>
   <div class='ocr_carea' id='block_1_1' title="bbox 378 453 1230 522">
    <p class='ocr_par' dir='ltr' id='par_1_1' title="bbox 378 453 1230 522">
     <span class='ocr_line' id='line_1_1' title="bbox 378 453 1230 522; baseline -0.02 -2"><span class='ocrx_word' id='word_1_1' title='bbox 378 457 438 522; x_wconf 75' lang='lat'>228</span> <span class='ocrx_word' id='word_1_2' title='bbox 945 453 1003 504; x_wconf 76' lang='lat' dir='ltr'>Das</span> <span class='ocrx_word' id='word_1_3' title='bbox 1020 453 1108 504; x_wconf 78' lang='lat' dir='ltr'>klotne</span> <span class='ocrx_word' id='word_1_4' title='bbox 1126 453 1230 518; x_wconf 80' lang='lat' dir='ltr'>colleg.</span> 
     </span>
    </p>
   </div>
   <div class='ocr_carea' id='block_1_2' title="bbox 374 633 1798 823">
    <p class='ocr_par' dir='ltr' id='par_1_2' title="bbox 374 633 1798 823">
     <span class='ocr_line' id='line_1_2' title="bbox 374 633 1798 722; baseline -0.001 -20"><span class='ocrx_word' id='word_1_5' title='bbox 374 649 460 702; x_wconf 88' lang='lat' dir='ltr'>stare</span> <span class='ocrx_word' id='word_1_6' title='bbox 483 637 648 702; x_wconf 78' lang='lat' dir='ltr'>dictamini</span> <span class='ocrx_word' id='word_1_7' title='bbox 673 637 806 702; x_wconf 89' lang='lat' dir='ltr'>maioris</span> <span class='ocrx_word' id='word_1_8' title='bbox 829 646 861 700; x_wconf 89' lang='lat' dir='ltr'>et</span> <span class='ocrx_word' id='word_1_9' title='bbox 888 635 1026 700; x_wconf 86' lang='lat' dir='ltr'>sanioris</span> <span class='ocrx_word' id='word_1_10' title='bbox 1048 636 1151 722; x_wconf 87' lang='lat' dir='ltr'>partis</span> <span class='ocrx_word' id='word_1_11' title='bbox 1179 633 1317 721; x_wconf 83' lang='lat' dir='ltr'>collegii,</span> <span class='ocrx_word' id='word_1_12' title='bbox 1347 635 1407 700; x_wconf 86' lang='lat' dir='ltr'>sub</span> <span class='ocrx_word' id='word_1_13' title='bbox 1429 657 1533 722; x_wconf 87' lang='lat' dir='ltr'>poena</span> <span class='ocrx_word' id='word_1_14' title='bbox 1555 637 1653 700; x_wconf 85' lang='lat' dir='ltr'>unius</span> <span class='ocrx_word' id='word_1_15' title='bbox 1676 635 1798 718; x_wconf 85' lang='grc'><strong>1160661,</strong></span> 
     </span>
     <span class='ocr_line' id='line_1_3' title="bbox 374 734 1572 823; baseline -0.002 -23"><span class='ocrx_word' id='word_1_16' title='bbox 374 740 401 801; x_wconf 88' lang='lat' dir='ltr'>si</span> <span class='ocrx_word' id='word_1_17' title='bbox 423 760 523 802; x_wconf 89' lang='lat' dir='ltr'>causa</span> <span class='ocrx_word' id='word_1_18' title='bbox 544 737 634 823; x_wconf 89' lang='lat' dir='ltr'>prius</span> <span class='ocrx_word' id='word_1_19' title='bbox 657 759 716 823; x_wconf 91' lang='lat' dir='ltr'>per</span> <span class='ocrx_word' id='word_1_20' title='bbox 739 738 959 823; x_wconf 88' lang='lat' dir='ltr'>praepositum</span> <span class='ocrx_word' id='word_1_21' title='bbox 981 734 1092 798; x_wconf 88' lang='lat' dir='ltr'>decisa</span> <span class='ocrx_word' id='word_1_22' title='bbox 1112 743 1144 798; x_wconf 84' lang='lat' dir='ltr'>st</span> <span class='ocrx_word' id='word_1_23' title='bbox 1163 735 1362 800; x_wconf 75' lang='lat' dir='ltr'><strong>concordata</strong></span> <span class='ocrx_word' id='word_1_24' title='bbox 1382 757 1446 800; x_wconf 89' lang='grc'>666</span> <span class='ocrx_word' id='word_1_25' title='bbox 1468 736 1572 801; x_wconf 77' lang='lat' dir='ltr'>morit.</span> 
     </span>
    </p>
   </div>
   <div class='ocr_carea' id='block_1_3' title="bbox 331 1047 1799 1833">
    <p class='ocr_par' dir='ltr' id='par_1_3' title="bbox 331 1047 1799 1833">
     <span class='ocr_line' id='line_1_4' title="bbox 454 1047 1799 1139; baseline -0.003 -23"><span class='ocrx_word' id='word_1_26' title='bbox 454 1053 503 1116; x_wconf 83' lang='lat'>28.</span> <span class='ocrx_word' id='word_1_27' title='bbox 527 1049 586 1138; x_wconf 89' lang='lat' dir='ltr'>[Bl.</span> <span class='ocrx_word' id='word_1_28' title='bbox 610 1049 660 1139; x_wconf 73' lang='lat'>4⁸]</span> <span class='ocrx_word' id='word_1_29' title='bbox 688 1051 782 1116; x_wconf 87' lang='lat' dir='ltr'>Anno</span> <span class='ocrx_word' id='word_1_30' title='bbox 805 1051 927 1116; x_wconf 89' lang='lat' dir='ltr'>domini</span> <span class='ocrx_word' id='word_1_31' title='bbox 948 1049 1118 1116; x_wconf 90' lang='lat' dir='ltr'>millesimo</span> <span class='ocrx_word' id='word_1_32' title='bbox 1141 1049 1459 1135; x_wconf 88' lang='lat' dir='ltr'>quadringentesimo</span> <span class='ocrx_word' id='word_1_33' title='bbox 1482 1054 1522 1118; x_wconf 81' lang='lat'>38</span> <span class='ocrx_word' id='word_1_34' title='bbox 1542 1047 1732 1114; x_wconf 88' lang='lat' dir='ltr'>conclusum</span> <span class='ocrx_word' id='word_1_35' title='bbox 1753 1059 1799 1112; x_wconf 88' lang='lat' dir='ltr'>est</span> 
     </span>
     <span class='ocr_line' id='line_1_5' title="bbox 373 1149 1798 1238; baseline -0.001 -25"><span class='ocrx_word' id='word_1_36' title='bbox 373 1149 582 1235; x_wconf 84' lang='lat' dir='ltr'>collegialiter</span> <span class='ocrx_word' id='word_1_37' title='bbox 602 1173 661 1238; x_wconf 89' lang='lat' dir='ltr'>per</span> <span class='ocrx_word' id='word_1_38' title='bbox 682 1173 792 1215; x_wconf 89' lang='lat' dir='ltr'>omnes</span> <span class='ocrx_word' id='word_1_39' title='bbox 814 1153 989 1236; x_wconf 88' lang='lat' dir='ltr'>magistros</span> <span class='ocrx_word' id='word_1_40' title='bbox 1010 1149 1181 1236; x_wconf 81' lang='lat' dir='ltr'>collegium</span> <span class='ocrx_word' id='word_1_41' title='bbox 1210 1149 1424 1235; x_wconf 80' lang='lat' dir='ltr'>personaliter</span> <span class='ocrx_word' id='word_1_42' title='bbox 1452 1157 1739 1236; x_wconf 80' lang='lat' dir='ltr'>repraesentantes</span> <span class='ocrx_word' id='word_1_43' title='bbox 1759 1183 1798 1193; x_wconf 92' lang='lat'><em>-</em></span> 
     </span>
     <span class='ocr_line' id='line_1_6' title="bbox 331 1248 1798 1337; baseline 0.001 -27"><span class='ocrx_word' id='word_1_44' title='bbox 331 1257 347 1310; x_wconf 99' lang='grc'><strong>5</strong></span> <span class='ocrx_word' id='word_1_45' title='bbox 375 1271 491 1335; x_wconf 85' lang='lat' dir='ltr'>exque</span> <span class='ocrx_word' id='word_1_46' title='bbox 507 1251 599 1314; x_wconf 85' lang='lat' dir='ltr'>iuxta</span> <span class='ocrx_word' id='word_1_47' title='bbox 616 1249 857 1314; x_wconf 84' lang='lat' dir='ltr'>ordinacionem</span> <span class='ocrx_word' id='word_1_48' title='bbox 880 1251 1062 1337; x_wconf 85' lang='lat' dir='ltr'>principum</span> <span class='ocrx_word' id='word_1_49' title='bbox 1085 1248 1210 1313; x_wconf 88' lang='lat' dir='ltr'>duobus</span> <span class='ocrx_word' id='word_1_50' title='bbox 1232 1251 1407 1336; x_wconf 80' lang='lat' dir='ltr'>magistris,</span> <span class='ocrx_word' id='word_1_51' title='bbox 1429 1248 1541 1314; x_wconf 91' lang='lat' dir='ltr'>ultimo</span> <span class='ocrx_word' id='word_1_52' title='bbox 1564 1269 1603 1312; x_wconf 83' lang='lat' dir='ltr'>ac</span> <span class='ocrx_word' id='word_1_53' title='bbox 1624 1249 1798 1312; x_wconf 86' lang='lat' dir='ltr'>novissime</span> 
     </span>
     <span class='ocr_line' id='line_1_7' title="bbox 372 1347 1797 1435; baseline 0 -25"><span class='ocrx_word' id='word_1_54' title='bbox 372 1347 566 1413; x_wconf 84' lang='lat' dir='ltr'>intrantibus</span> <span class='ocrx_word' id='word_1_55' title='bbox 589 1349 768 1434; x_wconf 82' lang='lat' dir='ltr'>collegium,</span> <span class='ocrx_word' id='word_1_56' title='bbox 798 1351 831 1413; x_wconf 92' lang='lat' dir='ltr'>in</span> <span class='ocrx_word' id='word_1_57' title='bbox 861 1351 927 1412; x_wconf 90' lang='lat' dir='ltr'>suis</span> <span class='ocrx_word' id='word_1_58' title='bbox 949 1371 1013 1413; x_wconf 92' lang='lat' dir='ltr'>non</span> <span class='ocrx_word' id='word_1_59' title='bbox 1042 1359 1090 1412; x_wconf 89' lang='lat' dir='ltr'>est</span> <span class='ocrx_word' id='word_1_60' title='bbox 1119 1347 1301 1413; x_wconf 85' lang='lat' dir='ltr'>redditibus</span> <span class='ocrx_word' id='word_1_61' title='bbox 1331 1351 1498 1435; x_wconf 80' lang='lat' dir='ltr'>provisum</span> <span class='ocrx_word' id='word_1_62' title='bbox 1507 1351 1525 1430; x_wconf 88' lang='lat'>¹,</span> <span class='ocrx_word' id='word_1_63' title='bbox 1556 1347 1598 1412; x_wconf 91' lang='lat' dir='ltr'>ad</span> <span class='ocrx_word' id='word_1_64' title='bbox 1628 1347 1797 1412; x_wconf 82' lang='lat' dir='ltr'>utilitatem</span> 
     </span>
     <span class='ocr_line' id='line_1_8' title="bbox 373 1445 1796 1535; baseline 0 -24"><span class='ocrx_word' id='word_1_65' title='bbox 373 1469 493 1530; x_wconf 89' lang='lat' dir='ltr'>eorum,</span> <span class='ocrx_word' id='word_1_66' title='bbox 516 1451 709 1535; x_wconf 89' lang='lat' dir='ltr'>praesertim</span> <span class='ocrx_word' id='word_1_67' title='bbox 730 1450 877 1534; x_wconf 89' lang='lat' dir='ltr'>ipsorum</span> <span class='ocrx_word' id='word_1_68' title='bbox 898 1470 958 1512; x_wconf 91' lang='lat' dir='ltr'>nec</span> <span class='ocrx_word' id='word_1_69' title='bbox 980 1470 1044 1512; x_wconf 92' lang='grc'>666</span> <span class='ocrx_word' id='word_1_70' title='bbox 1064 1445 1192 1533; x_wconf 89' lang='lat' dir='ltr'>collegii</span> <span class='ocrx_word' id='word_1_71' title='bbox 1212 1447 1351 1513; x_wconf 86' lang='lat' dir='ltr'>honores</span> <span class='ocrx_word' id='word_1_72' title='bbox 1371 1485 1412 1494; x_wconf 90' lang='lat'><em>-</em></span> <span class='ocrx_word' id='word_1_73' title='bbox 1433 1445 1519 1535; x_wconf 93' lang='lat' dir='ltr'>quod</span> <span class='ocrx_word' id='word_1_74' title='bbox 1540 1447 1628 1512; x_wconf 90' lang='lat' dir='ltr'>idem</span> <span class='ocrx_word' id='word_1_75' title='bbox 1651 1449 1796 1532; x_wconf 85' lang='lat' dir='ltr'>magistri</span> 
     </span>
     <span class='ocr_line' id='line_1_9' title="bbox 372 1545 1798 1633; baseline 0 -23"><span class='ocrx_word' id='word_1_76' title='bbox 372 1545 504 1612; x_wconf 89' lang='lat' dir='ltr'>bursam</span> <span class='ocrx_word' id='word_1_77' title='bbox 527 1547 653 1633; x_wconf 86' lang='lat' dir='ltr'>collegii</span> <span class='ocrx_word' id='word_1_78' title='bbox 682 1547 825 1612; x_wconf 90' lang='lat' dir='ltr'>eiusdem</span> <span class='ocrx_word' id='word_1_79' title='bbox 851 1556 967 1632; x_wconf 86' lang='lat' dir='ltr'>regant</span> <span class='ocrx_word' id='word_1_80' title='bbox 988 1546 1121 1611; x_wconf 88' lang='lat' dir='ltr'>honeste</span> <span class='ocrx_word' id='word_1_81' title='bbox 1144 1557 1175 1610; x_wconf 92' lang='lat' dir='ltr'>et</span> <span class='ocrx_word' id='word_1_82' title='bbox 1196 1545 1356 1630; x_wconf 85' lang='lat' dir='ltr'>decenter,</span> <span class='ocrx_word' id='word_1_83' title='bbox 1388 1547 1448 1612; x_wconf 92' lang='lat' dir='ltr'>sub</span> <span class='ocrx_word' id='word_1_84' title='bbox 1477 1547 1568 1612; x_wconf 89' lang='lat' dir='ltr'>lucro</span> <span class='ocrx_word' id='word_1_85' title='bbox 1597 1557 1630 1612; x_wconf 90' lang='lat' dir='ltr'>et</span> <span class='ocrx_word' id='word_1_86' title='bbox 1658 1546 1798 1633; x_wconf 91' lang='lat' dir='ltr'>dampno</span> 
     </span>
     <span class='ocr_line' id='line_1_10' title="bbox 371 1645 1799 1733; baseline -0.001 -23"><span class='ocrx_word' id='word_1_87' title='bbox 371 1645 565 1710; x_wconf 85' lang='lat' dir='ltr'>eorundem²</span> <span class='ocrx_word' id='word_1_88' title='bbox 602 1655 634 1710; x_wconf 90' lang='lat' dir='ltr'>et</span> <span class='ocrx_word' id='word_1_89' title='bbox 666 1645 868 1732; x_wconf 86' lang='lat' dir='ltr'>singulorum</span> <span class='ocrx_word' id='word_1_90' title='bbox 906 1647 1135 1732; x_wconf 87' lang='lat' dir='ltr'>magistrorum</span> <span class='ocrx_word' id='word_1_91' title='bbox 1168 1645 1338 1732; x_wconf 85' lang='lat' dir='ltr'>collegium</span> <span class='ocrx_word' id='word_1_92' title='bbox 1370 1647 1694 1733; x_wconf 87' lang='lat' dir='ltr'>repraesentancium</span> <span class='ocrx_word' id='word_1_93' title='bbox 1734 1649 1799 1710; x_wconf 87' lang='lat' dir='ltr'>sine</span> 
     </span>
     <span class='ocr_line' id='line_1_11' title="bbox 332 1745 1486 1833; baseline 0.002 -25"><span class='ocrx_word' id='word_1_94' title='bbox 332 1755 364 1808; x_wconf 89' lang='lat'>10</span> <span class='ocrx_word' id='word_1_95' title='bbox 372 1745 488 1810; x_wconf 88' lang='lat' dir='ltr'>fraude</span> <span class='ocrx_word' id='word_1_96' title='bbox 509 1756 541 1811; x_wconf 88' lang='lat' dir='ltr'>et</span> <span class='ocrx_word' id='word_1_97' title='bbox 563 1745 636 1813; x_wconf 93' lang='lat' dir='ltr'>dolo</span> <span class='ocrx_word' id='word_1_98' title='bbox 656 1746 837 1827; x_wconf 87' lang='lat' dir='ltr'>locandam,</span> <span class='ocrx_word' id='word_1_99' title='bbox 859 1745 962 1812; x_wconf 90' lang='lat' dir='ltr'>donec</span> <span class='ocrx_word' id='word_1_100' title='bbox 984 1745 1153 1832; x_wconf 88' lang='lat' dir='ltr'>collegium</span> <span class='ocrx_word' id='word_1_101' title='bbox 1177 1745 1271 1811; x_wconf 85' lang='lat' dir='ltr'>aliter</span> <span class='ocrx_word' id='word_1_102' title='bbox 1292 1746 1486 1833; x_wconf 73' lang='lat' dir='ltr'>providebit„</span> 
     </span>
    </p>
   </div>
   <div class='ocr_carea' id='block_1_4' title="bbox 332 2061 1800 3246">
    <p class='ocr_par' dir='ltr' id='par_1_4' title="bbox 371 2061 1798 2449">
     <span class='ocr_line' id='line_1_12' title="bbox 454 2061 1797 2150; baseline -0.001 -20"><span class='ocrx_word' id='word_1_103' title='bbox 454 2069 503 2130; x_wconf 78' lang='lat'>29.</span> <span class='ocrx_word' id='word_1_104' title='bbox 524 2063 620 2127; x_wconf 89' lang='lat' dir='ltr'>Anno</span> <span class='ocrx_word' id='word_1_105' title='bbox 636 2063 757 2128; x_wconf 91' lang='lat' dir='ltr'>domini</span> <span class='ocrx_word' id='word_1_106' title='bbox 777 2063 946 2130; x_wconf 90' lang='lat' dir='ltr'>millesimo</span> <span class='ocrx_word' id='word_1_107' title='bbox 962 2061 1280 2150; x_wconf 86' lang='lat' dir='ltr'>quadringentesimo</span> <span class='ocrx_word' id='word_1_108' title='bbox 1295 2062 1557 2150; x_wconf 85' lang='lat' dir='ltr'>quadragesimo,</span> <span class='ocrx_word' id='word_1_109' title='bbox 1578 2064 1663 2128; x_wconf 85' lang='lat' dir='ltr'>feria</span> <span class='ocrx_word' id='word_1_110' title='bbox 1687 2087 1797 2129; x_wconf 86' lang='lat' dir='ltr'>secun-</span> 
     </span>
     <span class='ocr_line' id='line_1_13' title="bbox 371 2161 1798 2250; baseline 0 -24"><span class='ocrx_word' id='word_1_111' title='bbox 371 2162 415 2228; x_wconf 87' lang='lat' dir='ltr'>da</span> <span class='ocrx_word' id='word_1_112' title='bbox 440 2172 515 2226; x_wconf 87' lang='lat' dir='ltr'>ante</span> <span class='ocrx_word' id='word_1_113' title='bbox 538 2163 604 2228; x_wconf 88' lang='lat' dir='ltr'>Viti</span> <span class='ocrx_word' id='word_1_114' title='bbox 631 2171 728 2242; x_wconf 81' lang='grc'><strong>114411</strong></span> <span class='ocrx_word' id='word_1_115' title='bbox 750 2169 778 2226; x_wconf 82' lang='lat' dir='ltr'>d.</span> <span class='ocrx_word' id='word_1_116' title='bbox 805 2171 851 2231; x_wconf 90' lang='grc'>13.</span> <span class='ocrx_word' id='word_1_117' title='bbox 871 2168 972 2243; x_wconf 84' lang='lat' dir='ltr'>Juni),</span> <span class='ocrx_word' id='word_1_118' title='bbox 1001 2161 1211 2248; x_wconf 85' lang='lat' dir='ltr'>collegialiter</span> <span class='ocrx_word' id='word_1_119' title='bbox 1231 2161 1417 2228; x_wconf 90' lang='lat' dir='ltr'>conclusum</span> <span class='ocrx_word' id='word_1_120' title='bbox 1439 2174 1503 2227; x_wconf 90' lang='lat' dir='ltr'>est:</span> <span class='ocrx_word' id='word_1_121' title='bbox 1543 2185 1585 2228; x_wconf 87' lang='lat' dir='ltr'>ex</span> <span class='ocrx_word' id='word_1_122' title='bbox 1615 2186 1679 2250; x_wconf 92' lang='lat' dir='ltr'>quo</span> <span class='ocrx_word' id='word_1_123' title='bbox 1707 2185 1798 2250; x_wconf 87' lang='lat' dir='ltr'>pecu·</span> 
     </span>
     <span class='ocr_line' id='line_1_14' title="bbox 371 2261 1796 2350; baseline 0.001 -24"><span class='ocrx_word' id='word_1_124' title='bbox 371 2263 435 2344; x_wconf 90' lang='lat' dir='ltr'>nia,</span> <span class='ocrx_word' id='word_1_125' title='bbox 456 2285 517 2348; x_wconf 88' lang='lat' dir='ltr'>pro</span> <span class='ocrx_word' id='word_1_126' title='bbox 539 2262 675 2350; x_wconf 88' lang='lat' dir='ltr'>collegio</span> <span class='ocrx_word' id='word_1_127' title='bbox 697 2286 757 2349; x_wconf 91' lang='lat' dir='ltr'>pro</span> <span class='ocrx_word' id='word_1_128' title='bbox 777 2285 840 2328; x_wconf 90' lang='lat' dir='ltr'>uno</span> <span class='ocrx_word' id='word_1_129' title='bbox 862 2261 1032 2346; x_wconf 88' lang='lat' dir='ltr'>collegiato</span> <span class='ocrx_word' id='word_1_130' title='bbox 1054 2273 1129 2326; x_wconf 88' lang='lat' dir='ltr'>tunc</span> <span class='ocrx_word' id='word_1_131' title='bbox 1153 2261 1316 2348; x_wconf 87' lang='lat' dir='ltr'>deputata,</span> <span class='ocrx_word' id='word_1_132' title='bbox 1338 2285 1398 2348; x_wconf 92' lang='lat' dir='ltr'>pro</span> <span class='ocrx_word' id='word_1_133' title='bbox 1420 2285 1483 2328; x_wconf 90' lang='lat' dir='ltr'>uno</span> <span class='ocrx_word' id='word_1_134' title='bbox 1504 2261 1630 2327; x_wconf 91' lang='lat' dir='ltr'>medico</span> <span class='ocrx_word' id='word_1_135' title='bbox 1652 2285 1674 2326; x_wconf 88' lang='lat' dir='ltr'>a</span> <span class='ocrx_word' id='word_1_136' title='bbox 1696 2263 1796 2327; x_wconf 90' lang='lat' dir='ltr'>domi·</span> 
     </span>
     <span class='ocr_line' id='line_1_15' title="bbox 372 2359 1798 2449; baseline 0 -24"><span class='ocrx_word' id='word_1_137' title='bbox 372 2363 423 2425; x_wconf 88' lang='lat' dir='ltr'>nis</span> <span class='ocrx_word' id='word_1_138' title='bbox 444 2371 622 2443; x_wconf 85' lang='lat' dir='ltr'>reservata,</span> <span class='ocrx_word' id='word_1_139' title='bbox 650 2365 705 2449; x_wconf 91' lang='lat' dir='ltr'>qui</span> <span class='ocrx_word' id='word_1_140' title='bbox 733 2361 998 2448; x_wconf 72' lang='grc'>6066011616613</span> <span class='ocrx_word' id='word_1_141' title='bbox 1024 2361 1115 2447; x_wconf 89' lang='lat' dir='ltr'>prius</span> <span class='ocrx_word' id='word_1_142' title='bbox 1137 2383 1202 2426; x_wconf 90' lang='lat' dir='ltr'>non</span> <span class='ocrx_word' id='word_1_143' title='bbox 1228 2375 1299 2426; x_wconf 90' lang='lat' dir='ltr'>erat</span> <span class='ocrx_word' id='word_1_144' title='bbox 1327 2360 1457 2444; x_wconf 87' lang='lat' dir='ltr'>electus,</span> <span class='ocrx_word' id='word_1_145' title='bbox 1482 2359 1526 2426; x_wconf 86' lang='lat' dir='ltr'>ad</span> <span class='ocrx_word' id='word_1_146' title='bbox 1554 2384 1671 2428; x_wconf 84' lang='lat' dir='ltr'>manus</span> <span class='ocrx_word' id='word_1_147' title='bbox 1699 2364 1798 2446; x_wconf 88' lang='lat' dir='ltr'>magi·</span> 
     </span>
    </p>

    <p class='ocr_par' dir='ltr' id='par_1_5' title="bbox 332 2459 1800 2847">
     <span class='ocr_line' id='line_1_16' title="bbox 332 2459 1799 2548; baseline 0 -24"><span class='ocrx_word' id='word_1_148' title='bbox 332 2471 363 2525; x_wconf 87' lang='grc'>15</span> <span class='ocrx_word' id='word_1_149' title='bbox 376 2471 515 2526; x_wconf 91' lang='lat' dir='ltr'>strorum</span> <span class='ocrx_word' id='word_1_150' title='bbox 549 2461 712 2546; x_wconf 86' lang='lat' dir='ltr'>pervenit,</span> <span class='ocrx_word' id='word_1_151' title='bbox 744 2460 865 2547; x_wconf 87' lang='lat' dir='ltr'>placet,</span> <span class='ocrx_word' id='word_1_152' title='bbox 896 2461 982 2548; x_wconf 92' lang='lat' dir='ltr'>quod</span> <span class='ocrx_word' id='word_1_153' title='bbox 1015 2459 1128 2524; x_wconf 86' lang='lat' dir='ltr'>eadem</span> <span class='ocrx_word' id='word_1_154' title='bbox 1160 2463 1298 2547; x_wconf 87' lang='lat' dir='ltr'>pecunia</span> <span class='ocrx_word' id='word_1_155' title='bbox 1329 2461 1372 2524; x_wconf 90' lang='lat' dir='ltr'>ad</span> <span class='ocrx_word' id='word_1_156' title='bbox 1403 2460 1642 2548; x_wconf 88' lang='lat' dir='ltr'>prohibendum</span> <span class='ocrx_word' id='word_1_157' title='bbox 1674 2463 1799 2526; x_wconf 89' lang='lat' dir='ltr'>ruinam</span> 
     </span>
     <span class='ocr_line' id='line_1_17' title="bbox 374 2559 1799 2646; baseline -0.001 -21"><span class='ocrx_word' id='word_1_158' title='bbox 374 2559 501 2646; x_wconf 86' lang='lat' dir='ltr'>collegii</span> <span class='ocrx_word' id='word_1_159' title='bbox 533 2571 565 2625; x_wconf 89' lang='grc'>61</span> <span class='ocrx_word' id='word_1_160' title='bbox 593 2561 627 2624; x_wconf 89' lang='grc'>16</span> <span class='ocrx_word' id='word_1_161' title='bbox 658 2581 728 2625; x_wconf 88' lang='lat' dir='ltr'>esse</span> <span class='ocrx_word' id='word_1_162' title='bbox 758 2560 1017 2626; x_wconf 86' lang='lat' dir='ltr'>conservandum</span> <span class='ocrx_word' id='word_1_163' title='bbox 1045 2583 1105 2646; x_wconf 92' lang='lat' dir='ltr'>pro</span> <span class='ocrx_word' id='word_1_164' title='bbox 1135 2560 1359 2646; x_wconf 86' lang='lat' dir='ltr'>praesentibus</span> <span class='ocrx_word' id='word_1_165' title='bbox 1388 2571 1420 2624; x_wconf 91' lang='lat' dir='ltr'>et</span> <span class='ocrx_word' id='word_1_166' title='bbox 1446 2562 1562 2626; x_wconf 87' lang='lat' dir='ltr'>futuris</span> <span class='ocrx_word' id='word_1_167' title='bbox 1592 2562 1627 2624; x_wconf 91' lang='grc'>16</span> <span class='ocrx_word' id='word_1_168' title='bbox 1656 2560 1799 2626; x_wconf 88' lang='lat' dir='ltr'>eiusdem</span> 
     </span>
     <span class='ocr_line' id='line_1_18' title="bbox 377 2658 1800 2749; baseline 0 -25"><span class='ocrx_word' id='word_1_169' title='bbox 377 2659 549 2724; x_wconf 84' lang='lat' dir='ltr'>utilitatem</span> <span class='ocrx_word' id='word_1_170' title='bbox 572 2671 789 2741; x_wconf 82' lang='lat' dir='ltr'>convertatur,</span> <span class='ocrx_word' id='word_1_171' title='bbox 812 2669 844 2724; x_wconf 87' lang='lat' dir='ltr'>et</span> <span class='ocrx_word' id='word_1_172' title='bbox 865 2661 893 2724; x_wconf 90' lang='lat' dir='ltr'>si</span> <span class='ocrx_word' id='word_1_173' title='bbox 916 2659 1030 2724; x_wconf 87' lang='lat' dir='ltr'>eadem</span> <span class='ocrx_word' id='word_1_174' title='bbox 1051 2661 1190 2746; x_wconf 84' lang='lat' dir='ltr'>repetita</span> <span class='ocrx_word' id='word_1_175' title='bbox 1216 2683 1236 2724; x_wconf 85' lang='lat' dir='ltr'>a</span> <span class='ocrx_word' id='word_1_176' title='bbox 1258 2658 1393 2746; x_wconf 89' lang='lat' dir='ltr'>collegio</span> <span class='ocrx_word' id='word_1_177' title='bbox 1414 2660 1519 2742; x_wconf 81' lang='grc'><strong>1116011,</strong></span> <span class='ocrx_word' id='word_1_178' title='bbox 1542 2659 1631 2747; x_wconf 89' lang='lat' dir='ltr'>quod</span> <span class='ocrx_word' id='word_1_179' title='bbox 1652 2662 1800 2749; x_wconf 80' lang='lat' dir='ltr'>magistri</span> 
     </span>
     <span class='ocr_line' id='line_1_19' title="bbox 374 2758 1753 2847; baseline 0.001 -24"><span class='ocrx_word' id='word_1_180' title='bbox 374 2781 433 2846; x_wconf 88' lang='lat' dir='ltr'>pro</span> <span class='ocrx_word' id='word_1_181' title='bbox 455 2769 612 2846; x_wconf 86' lang='lat' dir='ltr'>tempore,</span> <span class='ocrx_word' id='word_1_182' title='bbox 634 2783 697 2847; x_wconf 90' lang='lat' dir='ltr'>quo</span> <span class='ocrx_word' id='word_1_183' title='bbox 719 2759 859 2846; x_wconf 89' lang='lat' dir='ltr'>repetita</span> <span class='ocrx_word' id='word_1_184' title='bbox 880 2761 987 2841; x_wconf 84' lang='lat' dir='ltr'>suerit,</span> <span class='ocrx_word' id='word_1_185' title='bbox 1009 2758 1177 2845; x_wconf 88' lang='lat' dir='ltr'>collegium</span> <span class='ocrx_word' id='word_1_186' title='bbox 1200 2769 1480 2846; x_wconf 84' lang='lat' dir='ltr'>repraesentantes</span> <span class='ocrx_word' id='word_1_187' title='bbox 1502 2759 1753 2846; x_wconf 77' lang='lat' dir='ltr'>respondebunt</span> 
     </span>
    </p>

    <p class='ocr_par' dir='ltr' id='par_1_6' title="bbox 458 2857 1800 2946">
     <span class='ocr_line' id='line_1_20' title="bbox 458 2857 1800 2946; baseline -0.001 -19"><span class='ocrx_word' id='word_1_188' title='bbox 458 2865 505 2927; x_wconf 84' lang='lat'>30.</span> <span class='ocrx_word' id='word_1_189' title='bbox 526 2859 608 2924; x_wconf 85' lang='lat' dir='ltr'>Item</span> <span class='ocrx_word' id='word_1_190' title='bbox 623 2857 758 2946; x_wconf 86' lang='lat' dir='ltr'>quilibet</span> <span class='ocrx_word' id='word_1_191' title='bbox 778 2862 1018 2946; x_wconf 85' lang='lat' dir='ltr'>magistrorum,</span> <span class='ocrx_word' id='word_1_192' title='bbox 1042 2859 1111 2924; x_wconf 87' lang='lat' dir='ltr'>sive</span> <span class='ocrx_word' id='word_1_193' title='bbox 1132 2881 1287 2945; x_wconf 86' lang='lat' dir='ltr'>praesens</span> <span class='ocrx_word' id='word_1_194' title='bbox 1308 2861 1377 2924; x_wconf 90' lang='lat' dir='ltr'>sive</span> <span class='ocrx_word' id='word_1_195' title='bbox 1397 2859 1525 2943; x_wconf 86' lang='lat' dir='ltr'>absens,</span> <span class='ocrx_word' id='word_1_196' title='bbox 1547 2861 1686 2946; x_wconf 89' lang='lat' dir='ltr'>singulis</span> <span class='ocrx_word' id='word_1_197' title='bbox 1708 2863 1800 2926; x_wconf 87' lang='lat' dir='ltr'>annis</span> 
     </span>
    </p>

    <p class='ocr_par' dir='ltr' id='par_1_7' title="bbox 332 2956 1800 3246">
     <span class='ocr_line' id='line_1_21' title="bbox 332 2956 1800 3047; baseline 0 -23"><span class='ocrx_word' id='word_1_198' title='bbox 332 2959 467 3024; x_wconf 75' lang='lat' dir='ltr'>sedabit</span> <span class='ocrx_word' id='word_1_199' title='bbox 488 2960 674 3045; x_wconf 87' lang='lat' dir='ltr'>praeposito</span> <span class='ocrx_word' id='word_1_200' title='bbox 694 2959 766 3045; x_wconf 89' lang='lat' dir='ltr'>ipso</span> <span class='ocrx_word' id='word_1_201' title='bbox 789 2958 841 3024; x_wconf 90' lang='lat' dir='ltr'>die</span> <span class='ocrx_word' id='word_1_202' title='bbox 864 2959 968 3022; x_wconf 86' lang='lat' dir='ltr'>saneti</span> <span class='ocrx_word' id='word_1_203' title='bbox 991 2956 1079 3022; x_wconf 85' lang='lat' dir='ltr'>Galli</span> <span class='ocrx_word' id='word_1_204' title='bbox 1107 2965 1149 3032; x_wconf 83' lang='lat' dir='ltr'>(d.</span> <span class='ocrx_word' id='word_1_205' title='bbox 1175 2964 1218 3024; x_wconf 88' lang='grc'>16.</span> <span class='ocrx_word' id='word_1_206' title='bbox 1242 2963 1381 3036; x_wconf 79' lang='lat' dir='ltr'>October)</span> <span class='ocrx_word' id='word_1_207' title='bbox 1407 2965 1444 3026; x_wconf 78' lang='lat'>12</span> <span class='ocrx_word' id='word_1_208' title='bbox 1465 2982 1598 3046; x_wconf 87' lang='lat' dir='ltr'>grossos</span> <span class='ocrx_word' id='word_1_209' title='bbox 1621 2983 1681 3047; x_wconf 89' lang='lat' dir='ltr'>pro</span> <span class='ocrx_word' id='word_1_210' title='bbox 1704 2960 1800 3046; x_wconf 86' lang='lat' dir='ltr'>lignis</span> 
     </span>
     <span class='ocr_line' id='line_1_22' title="bbox 374 3057 1799 3147; baseline 0 -23"><span class='ocrx_word' id='word_1_211' title='bbox 374 3057 602 3146; x_wconf 86' lang='lat' dir='ltr'>comparandis</span> <span class='ocrx_word' id='word_1_212' title='bbox 632 3057 675 3123; x_wconf 91' lang='lat' dir='ltr'>ad</span> <span class='ocrx_word' id='word_1_213' title='bbox 702 3057 955 3139; x_wconf 88' lang='lat' dir='ltr'>calefactionem,</span> <span class='ocrx_word' id='word_1_214' title='bbox 983 3079 1118 3142; x_wconf 78' lang='lat' dir='ltr'>querimr</span> <span class='ocrx_word' id='word_1_215' title='bbox 1147 3057 1211 3124; x_wconf 92' lang='lat' dir='ltr'>duo</span> <span class='ocrx_word' id='word_1_216' title='bbox 1240 3060 1347 3143; x_wconf 86' lang='lat' dir='ltr'>grossi</span> <span class='ocrx_word' id='word_1_217' title='bbox 1378 3058 1494 3124; x_wconf 88' lang='lat' dir='ltr'>cedant</span> <span class='ocrx_word' id='word_1_218' title='bbox 1524 3059 1714 3126; x_wconf 85' lang='lat' dir='ltr'>calefactori</span> <span class='ocrx_word' id='word_1_219' title='bbox 1739 3081 1799 3147; x_wconf 92' lang='lat' dir='ltr'>pro</span> 
     </span>
     <span class='ocr_line' id='line_1_23' title="bbox 373 3157 846 3246; baseline -0.002 -23"><span class='ocrx_word' id='word_1_220' title='bbox 373 3157 493 3242; x_wconf 89' lang='lat' dir='ltr'>labore,</span> <span class='ocrx_word' id='word_1_221' title='bbox 514 3159 638 3224; x_wconf 88' lang='lat' dir='ltr'>residui</span> <span class='ocrx_word' id='word_1_222' title='bbox 659 3181 718 3246; x_wconf 93' lang='lat' dir='ltr'>pro</span> <span class='ocrx_word' id='word_1_223' title='bbox 740 3157 846 3243; x_wconf 81' lang='lat' dir='ltr'>lignis</span> 
     </span>
    </p>
   </div>
   <div class='ocr_carea' id='block_1_5' title="bbox 335 3311 1803 3690">
    <p class='ocr_par' dir='ltr' id='par_1_8' title="bbox 454 3311 1802 3390">
     <span class='ocr_line' id='line_1_24' title="bbox 454 3311 1802 3390; baseline 0 -18"><span class='ocrx_word' id='word_1_224' title='bbox 454 3314 611 3373; x_wconf 74' lang='lat' dir='ltr'>Hiernaclr</span> <span class='ocrx_word' id='word_1_225' title='bbox 641 3333 745 3371; x_wconf 82' lang='lat' dir='ltr'>waren</span> <span class='ocrx_word' id='word_1_226' title='bbox 773 3313 821 3372; x_wconf 80' lang='grc' dir='ltr'>ΒΖ.</span> <span class='ocrx_word' id='word_1_227' title='bbox 844 3311 885 3374; x_wconf 68' lang='grc'>41)</span> <span class='ocrx_word' id='word_1_228' title='bbox 909 3314 972 3370; x_wconf 84' lang='lat' dir='ltr'>und</span> <span class='ocrx_word' id='word_1_229' title='bbox 998 3313 1045 3370; x_wconf 82' lang='lat' dir='ltr'>Bt.</span> <span class='ocrx_word' id='word_1_230' title='bbox 1073 3315 1091 3372; x_wconf 87' lang='lat'>5</span> <span class='ocrx_word' id='word_1_231' title='bbox 1121 3313 1182 3370; x_wconf 77' lang='lat' dir='ltr'>laer</span> <span class='ocrx_word' id='word_1_232' title='bbox 1206 3311 1365 3386; x_wconf 74' lang='lat' dir='ltr'>pellicien,</span> <span class='ocrx_word' id='word_1_233' title='bbox 1395 3313 1478 3370; x_wconf 82' lang='lat' dir='ltr'>douo</span> <span class='ocrx_word' id='word_1_234' title='bbox 1507 3313 1662 3390; x_wconf 72' lang='lat' dir='ltr'>bayonnam</span> <span class='ocrx_word' id='word_1_235' title='bbox 1689 3315 1736 3374; x_wconf 89' lang='lat' dir='ltr'>Bl.</span> <span class='ocrx_word' id='word_1_236' title='bbox 1759 3317 1802 3378; x_wconf 78' lang='lat'>6⁸</span> 
     </span>
    </p>

    <p class='ocr_par' dir='ltr' id='par_1_9' title="bbox 371 3406 1800 3496">
     <span class='ocr_line' id='line_1_25' title="bbox 371 3406 1800 3496; baseline -0.003 -22"><span class='ocrx_word' id='word_1_237' title='bbox 371 3409 585 3476; x_wconf 85' lang='lat' dir='ltr'>Memoranda</span> <span class='ocrx_word' id='word_1_238' title='bbox 606 3407 767 3496; x_wconf 87' lang='lat' dir='ltr'>quaedam</span> <span class='ocrx_word' id='word_1_239' title='bbox 788 3417 917 3472; x_wconf 84' lang='lat' dir='ltr'>vetusta</span> <span class='ocrx_word' id='word_1_240' title='bbox 939 3406 1067 3492; x_wconf 87' lang='lat' dir='ltr'>collegii</span> <span class='ocrx_word' id='word_1_241' title='bbox 1088 3406 1129 3470; x_wconf 87' lang='lat' dir='ltr'>ab</span> <span class='ocrx_word' id='word_1_242' title='bbox 1153 3427 1238 3470; x_wconf 85' lang='lat' dir='ltr'>anno</span> <span class='ocrx_word' id='word_1_243' title='bbox 1264 3412 1351 3488; x_wconf 87' lang='grc'><strong>1440,</strong></span> <span class='ocrx_word' id='word_1_244' title='bbox 1378 3411 1425 3469; x_wconf 81' lang='lat' dir='ltr'>die</span> <span class='ocrx_word' id='word_1_245' title='bbox 1451 3412 1532 3470; x_wconf 75' lang='lat' dir='ltr'>uicit</span> <span class='ocrx_word' id='word_1_246' title='bbox 1560 3412 1592 3470; x_wconf 80' lang='lat' dir='ltr'>iu</span> <span class='ocrx_word' id='word_1_247' title='bbox 1620 3415 1678 3472; x_wconf 77' lang='lat' dir='ltr'>das</span> <span class='ocrx_word' id='word_1_248' title='bbox 1700 3413 1800 3472; x_wconf 73' lang='grc'><strong>81616-</strong></span> 
     </span>
    </p>

    <p class='ocr_par' dir='ltr' id='par_1_10' title="bbox 335 3509 1803 3690">
     <span class='ocr_line' id='line_1_26' title="bbox 335 3509 1803 3588; baseline -0.003 -13"><span class='ocrx_word' id='word_1_249' title='bbox 335 3513 508 3586; x_wconf 75' lang='grc'><strong>2516616616,</strong></span> <span class='ocrx_word' id='word_1_250' title='bbox 537 3509 1308 3588; x_wconf 73' lang='grc'><strong>0661600616(166(1160196611101906011011110106</strong></span> <span class='ocrx_word' id='word_1_251' title='bbox 1334 3509 1459 3576; x_wconf 75' lang='grc'><strong>11661166</strong></span> <span class='ocrx_word' id='word_1_252' title='bbox 1481 3513 1692 3572; x_wconf 76' lang='lat' dir='ltr'>eatbaltendcu</span> <span class='ocrx_word' id='word_1_253' title='bbox 1711 3515 1803 3571; x_wconf 81' lang='lat' dir='ltr'>Band</span> 
     </span>
     <span class='ocr_line' id='line_1_27' title="bbox 369 3615 508 3690; baseline 0.007 -19"><span class='ocrx_word' id='word_1_254' title='bbox 369 3615 508 3690; x_wconf 77' lang='grc'><strong>96111066.</strong></span> 
     </span>
    </p>
   </div>
   <div class='ocr_carea' id='block_1_6' title="bbox 408 4133 1756 4312">
    <p class='ocr_par' dir='ltr' id='par_1_11' title="bbox 408 4133 1756 4312">
     <span class='ocr_line' id='line_1_28' title="bbox 408 4133 1756 4208; baseline 0.001 -15"><span class='ocrx_word' id='word_1_255' title='bbox 408 4144 432 4193; x_wconf 82' lang='lat'>2.</span> <span class='ocrx_word' id='word_1_256' title='bbox 452 4143 514 4193; x_wconf 72' lang='lat'><strong>011⁴:</strong></span> <span class='ocrx_word' id='word_1_257' title='bbox 534 4143 726 4192; x_wconf 76' lang='lat' dir='ltr'><strong>STATUTEN</strong></span> <span class='ocrx_word' id='word_1_258' title='bbox 746 4142 823 4192; x_wconf 82' lang='lat' dir='ltr'>VOM</span> <span class='ocrx_word' id='word_1_259' title='bbox 842 4143 958 4193; x_wconf 73' lang='lat' dir='ltr'><strong>JAHRE</strong></span> <span class='ocrx_word' id='word_1_260' title='bbox 980 4145 1075 4208; x_wconf 63' lang='lat' dir='ltr'>lueto.</span> <span class='ocrx_word' id='word_1_261' title='bbox 1094 4145 1160 4194; x_wconf 88' lang='lat' dir='ltr'>MlT</span> <span class='ocrx_word' id='word_1_262' title='bbox 1179 4133 1364 4192; x_wconf 76' lang='lat' dir='ltr'>ZUSllTZEN</span> <span class='ocrx_word' id='word_1_263' title='bbox 1383 4142 1439 4192; x_wconf 86' lang='lat' dir='ltr'>BIS</span> <span class='ocrx_word' id='word_1_264' title='bbox 1458 4141 1532 4194; x_wconf 85' lang='lat' dir='ltr'>ZUM</span> <span class='ocrx_word' id='word_1_265' title='bbox 1548 4143 1667 4195; x_wconf 80' lang='lat' dir='ltr'><strong>JAHBE</strong></span> <span class='ocrx_word' id='word_1_266' title='bbox 1687 4144 1756 4196; x_wconf 79' lang='lat'><strong>1537.</strong></span> 
     </span>
     <span class='ocr_line' id='line_1_29' title="bbox 755 4256 1418 4312; baseline 0 0"><span class='ocrx_word' id='word_1_267' title='bbox 755 4256 911 4312; x_wconf 83' lang='lat' dir='ltr'>Redaction</span> <span class='ocrx_word' id='word_1_268' title='bbox 928 4258 977 4312; x_wconf 86' lang='lat' dir='ltr'>des</span> <span class='ocrx_word' id='word_1_269' title='bbox 995 4256 1103 4312; x_wconf 86' lang='lat' dir='ltr'>Iohaun</span> <span class='ocrx_word' id='word_1_270' title='bbox 1120 4256 1205 4312; x_wconf 82' lang='lat' dir='ltr'>Fabri</span> <span class='ocrx_word' id='word_1_271' title='bbox 1222 4257 1258 4312; x_wconf 90' lang='lat' dir='ltr'>de</span> <span class='ocrx_word' id='word_1_272' title='bbox 1276 4256 1418 4312; x_wconf 70' lang='lat' dir='ltr'>Werdem</span> 
     </span>
    </p>
   </div>
   <div class='ocr_carea' id='block_1_7' title="bbox 332 4391 1799 4581">
    <p class='ocr_par' dir='ltr' id='par_1_12' title="bbox 332 4391 1799 4581">
     <span class='ocr_line' id='line_1_30' title="bbox 455 4391 1797 4480; baseline 0 -22"><span class='ocrx_word' id='word_1_273' title='bbox 455 4392 576 4458; x_wconf 87' lang='lat' dir='ltr'>Liber</span> <span class='ocrx_word' id='word_1_274' title='bbox 605 4402 859 4458; x_wconf 88' lang='lat' dir='ltr'>statutorum</span> <span class='ocrx_word' id='word_1_275' title='bbox 888 4391 1056 4480; x_wconf 90' lang='lat' dir='ltr'>collegii</span> <span class='ocrx_word' id='word_1_276' title='bbox 1084 4395 1307 4480; x_wconf 88' lang='lat' dir='ltr'>principis,</span> <span class='ocrx_word' id='word_1_277' title='bbox 1335 4415 1378 4458; x_wconf 89' lang='lat' dir='ltr'>ex</span> <span class='ocrx_word' id='word_1_278' title='bbox 1406 4393 1634 4459; x_wconf 88' lang='lat' dir='ltr'>commissione</span> <span class='ocrx_word' id='word_1_279' title='bbox 1655 4393 1797 4460; x_wconf 88' lang='lat' dir='ltr'>domino·</span> 
     </span>
     <span class='ocr_line' id='line_1_31' title="bbox 332 4491 1799 4581; baseline 0 -23"><span class='ocrx_word' id='word_1_280' title='bbox 332 4503 444 4559; x_wconf 84' lang='lat' dir='ltr'>30rum</span> <span class='ocrx_word' id='word_1_281' title='bbox 471 4494 699 4577; x_wconf 88' lang='lat' dir='ltr'>magistrorum</span> <span class='ocrx_word' id='word_1_282' title='bbox 727 4491 971 4578; x_wconf 87' lang='lat' dir='ltr'>collegiatorum</span> <span class='ocrx_word' id='word_1_283' title='bbox 999 4491 1143 4558; x_wconf 88' lang='lat' dir='ltr'>eiusdem</span> <span class='ocrx_word' id='word_1_284' title='bbox 1171 4491 1299 4579; x_wconf 87' lang='lat' dir='ltr'>collegii</span> <span class='ocrx_word' id='word_1_285' title='bbox 1328 4513 1388 4581; x_wconf 89' lang='lat' dir='ltr'>per</span> <span class='ocrx_word' id='word_1_286' title='bbox 1417 4491 1643 4559; x_wconf 90' lang='lat' dir='ltr'>Iohannem</span> <span class='ocrx_word' id='word_1_287' title='bbox 1672 4493 1799 4560; x_wconf 85' lang='lat' dir='ltr'>Fabri</span> 
     </span>
    </p>
   </div>
   <div class='ocr_carea' id='block_1_8' title="bbox 372 4725 1800 5222">
    <p class='ocr_par' dir='ltr' id='par_1_13' title="bbox 452 4725 1115 4800">
     <span class='ocr_line' id='line_1_32' title="bbox 452 4725 1115 4800; baseline -0.006 -17"><span class='ocrx_word' id='word_1_288' title='bbox 452 4735 461 4783; x_wconf 89' lang='lat'>1</span> <span class='ocrx_word' id='word_1_289' title='bbox 481 4726 547 4800; x_wconf 88' lang='lat' dir='ltr'>Vgl.</span> <span class='ocrx_word' id='word_1_290' title='bbox 565 4726 637 4783; x_wconf 87' lang='lat' dir='ltr'>oben</span> <span class='ocrx_word' id='word_1_291' title='bbox 655 4733 679 4796; x_wconf 84' lang='grc'>1,</span> <span class='ocrx_word' id='word_1_292' title='bbox 696 4731 729 4782; x_wconf 82' lang='grc'>25</span> <span class='ocrx_word' id='word_1_293' title='bbox 740 4725 777 4797; x_wconf 81' lang='lat' dir='ltr'>fg.</span> <span class='ocrx_word' id='word_1_294' title='bbox 796 4731 828 4781; x_wconf 76' lang='lat' dir='ltr'>ts</span> <span class='ocrx_word' id='word_1_295' title='bbox 840 4725 879 4797; x_wconf 80' lang='lat' dir='ltr'>fg.</span> <span class='ocrx_word' id='word_1_296' title='bbox 946 4727 1115 4782; x_wconf 72' lang='grc'><strong>2661610661</strong></span> 
     </span>
    </p>

    <p class='ocr_par' dir='ltr' id='par_1_14' title="bbox 372 4809 1800 5222">
     <span class='ocr_line' id='line_1_33' title="bbox 447 4809 1800 4934; baseline -0.002 -64"><span class='ocrx_word' id='word_1_297' title='bbox 447 4819 462 4870; x_wconf 87' lang='grc'>3</span> <span class='ocrx_word' id='word_1_298' title='bbox 480 4813 588 4910; x_wconf 59' lang='lat' dir='ltr'>amant</span> <span class='ocrx_word' id='word_1_299' title='bbox 606 4811 662 4934; x_wconf 63' lang='lat' dir='ltr'>und</span> <span class='ocrx_word' id='word_1_300' title='bbox 680 4811 760 4865; x_wconf 86' lang='lat' dir='ltr'>sollte</span> <span class='ocrx_word' id='word_1_301' title='bbox 779 4809 825 4866; x_wconf 82' lang='lat' dir='ltr'>fur</span> <span class='ocrx_word' id='word_1_302' title='bbox 839 4813 1002 4882; x_wconf 74' lang='lat' dir='ltr'>procedam</span> <span class='ocrx_word' id='word_1_303' title='bbox 1019 4816 1090 4866; x_wconf 84' lang='lat' dir='ltr'>etwa</span> <span class='ocrx_word' id='word_1_304' title='bbox 1106 4827 1141 4865; x_wconf 85' lang='lat' dir='ltr'>au</span> <span class='ocrx_word' id='word_1_305' title='bbox 1158 4811 1233 4867; x_wconf 86' lang='lat' dir='ltr'>lesen</span> <span class='ocrx_word' id='word_1_306' title='bbox 1252 4811 1311 4866; x_wconf 86' lang='lat' dir='ltr'>sein</span> <span class='ocrx_word' id='word_1_307' title='bbox 1325 4827 1383 4882; x_wconf 84' lang='lat' dir='ltr'>pro</span> <span class='ocrx_word' id='word_1_308' title='bbox 1400 4811 1494 4864; x_wconf 74' lang='lat' dir='ltr'>eadem</span> <span class='ocrx_word' id='word_1_309' title='bbox 1511 4809 1649 4886; x_wconf 68' lang='lat' dir='ltr'>[pmio]</span> <span class='ocrx_word' id='word_1_310' title='bbox 1668 4811 1733 4867; x_wconf 88' lang='lat' dir='ltr'>oder</span> <span class='ocrx_word' id='word_1_311' title='bbox 1747 4827 1800 4882; x_wconf 76' lang='lat' dir='ltr'>per</span> 
     </span>
     <span class='ocr_line' id='line_1_34' title="bbox 372 4899 1794 5052; baseline -0.003 -14"><span class='ocrx_word' id='word_1_312' title='bbox 372 4899 675 5052; x_wconf 46' lang='lat' dir='ltr'>midellliiiomoiigiiral</span> <span class='ocrx_word' id='word_1_313' title='bbox 699 4976 831 5047; x_wconf 85' lang='lat' dir='ltr'>erhalten,</span> <span class='ocrx_word' id='word_1_314' title='bbox 851 4996 906 5034; x_wconf 87' lang='lat' dir='ltr'>von</span> <span class='ocrx_word' id='word_1_315' title='bbox 926 4977 986 5034; x_wconf 77' lang='lat' dir='ltr'>Iolu</span> <span class='ocrx_word' id='word_1_316' title='bbox 1005 4978 1091 5034; x_wconf 82' lang='lat' dir='ltr'>Fabri</span> <span class='ocrx_word' id='word_1_317' title='bbox 1114 4977 1201 5036; x_wconf 78' lang='lat' dir='ltr'>solbat</span> <span class='ocrx_word' id='word_1_318' title='bbox 1222 4977 1419 5051; x_wconf 81' lang='lat' dir='ltr'>gesohrieben3</span> <span class='ocrx_word' id='word_1_319' title='bbox 1445 4980 1500 5051; x_wconf 83' lang='lat' dir='ltr'>vgl.</span> <span class='ocrx_word' id='word_1_320' title='bbox 1522 4979 1660 5038; x_wconf 84' lang='lat' dir='ltr'>Urkundl.</span> <span class='ocrx_word' id='word_1_321' title='bbox 1679 4977 1794 5046; x_wconf 74' lang='lat' dir='ltr'>Quellm</span> 
     </span>
     <span class='ocr_line' id='line_1_35' title="bbox 373 5061 1793 5136; baseline -0.001 -15"><span class='ocrx_word' id='word_1_322' title='bbox 373 5065 400 5121; x_wconf 79' lang='lat' dir='ltr'>S.</span> <span class='ocrx_word' id='word_1_323' title='bbox 417 5071 467 5121; x_wconf 87' lang='grc'>155</span> <span class='ocrx_word' id='word_1_324' title='bbox 484 5065 532 5136; x_wconf 75' lang='lat' dir='ltr'>fg,</span> <span class='ocrx_word' id='word_1_325' title='bbox 556 5082 597 5119; x_wconf 85' lang='lat' dir='ltr'>wo</span> <span class='ocrx_word' id='word_1_326' title='bbox 617 5063 689 5119; x_wconf 88' lang='lat' dir='ltr'>auch</span> <span class='ocrx_word' id='word_1_327' title='bbox 709 5063 759 5117; x_wconf 87' lang='lat' dir='ltr'>das</span> <span class='ocrx_word' id='word_1_328' title='bbox 776 5061 1030 5134; x_wconf 84' lang='lat' dir='ltr'>Entstehungsjahr</span> <span class='ocrx_word' id='word_1_329' title='bbox 1047 5062 1137 5118; x_wconf 87' lang='lat' dir='ltr'>dieser</span> <span class='ocrx_word' id='word_1_330' title='bbox 1154 5061 1284 5120; x_wconf 81' lang='lat' dir='ltr'>Statuten</span> <span class='ocrx_word' id='word_1_331' title='bbox 1304 5062 1512 5135; x_wconf 78' lang='lat' dir='ltr'>uaohgewiesen</span> <span class='ocrx_word' id='word_1_332' title='bbox 1536 5065 1581 5121; x_wconf 84' lang='lat' dir='ltr'>ist.</span> <span class='ocrx_word' id='word_1_333' title='bbox 1611 5063 1666 5120; x_wconf 86' lang='lat' dir='ltr'>Dia</span> <span class='ocrx_word' id='word_1_334' title='bbox 1679 5061 1793 5119; x_wconf 73' lang='lat' dir='ltr'>Bexiffe</span> 
     </span>
     <span class='ocr_line' id='line_1_36' title="bbox 374 5147 753 5222; baseline -0.008 -15"><span class='ocrx_word' id='word_1_335' title='bbox 374 5169 444 5222; x_wconf 77' lang='lat' dir='ltr'>rung</span> <span class='ocrx_word' id='word_1_336' title='bbox 460 5149 540 5206; x_wconf 82' lang='lat' dir='ltr'>rithrt</span> <span class='ocrx_word' id='word_1_337' title='bbox 556 5167 610 5205; x_wconf 87' lang='lat' dir='ltr'>von</span> <span class='ocrx_word' id='word_1_338' title='bbox 628 5148 680 5204; x_wconf 90' lang='lat' dir='ltr'>mir</span> <span class='ocrx_word' id='word_1_339' title='bbox 696 5147 753 5204; x_wconf 88' lang='lat' dir='ltr'>her.</span> 
     </span>
    </p>
   </div>
   <div class='ocr_carea' id='block_1_9' title="bbox 0 0 1893 6072">
    <p class='ocr_par' dir='ltr' id='par_1_15' title="bbox 0 0 1893 6072">
     <span class='ocr_line' id='line_1_37' title="bbox 0 0 1893 6072; baseline 0 0"><span class='ocrx_word' id='word_1_340' title='bbox 0 0 1893 6072; x_wconf 95' lang='lat' dir='ltr'> </span> 
     </span>
    </p>
   </div>
  </div>
 </body>
</html>
