3788 6078
627 541 679 596 Dia
696 539 814 593 Statotsn
831 555 892 592 rom
910 541 992 594 Jshre
1012 539 1082 592 1543.
1202 581 1204 590 .

679 779 726 828 DE
747 776 1040 829 PROMOTIONIBUS.

775 901 885 966 Caput
902 899 948 950 VI.

231 1015 333 1082 Nemo
368 1013 557 1082 admittatur
589 1014 632 1082 ad
671 1015 811 1103 gradm
843 1013 1043 1092 doctoratus,
1081 1010 1144 1075 nisi
1181 1007 1399 1097 quinquennio
1431 1003 1571 1071 audierit

148 1116 368 1180 enarrationes
389 1116 570 1202 scripturae
587 1115 796 1204 propheticae
818 1127 850 1181 et
870 1113 1066 1202 apostolicae
1092 1133 1112 1176 a
1133 1107 1330 1189 doctoribus,
1352 1103 1515 1172 ordinarie
1536 1104 1570 1168 in

148 1213 259 1280 schola
286 1213 558 1301 praelegentibus,
587 1217 656 1280 sive
681 1215 736 1280 hic
758 1217 826 1281 sive
848 1214 928 1280 alibi
953 1214 986 1278 in
1015 1209 1185 1299 gymnasio
1213 1206 1426 1294 amplectente
1453 1225 1569 1291 puram
1595 1211 1611 1264 5

147 1313 328 1378 doctrinam
349 1312 519 1400 evangelii.
560 1315 673 1380 Placet
694 1326 726 1380 et
752 1338 812 1403 per
833 1312 1013 1395 intervalla,
1041 1312 1069 1376 si
1095 1331 1160 1375 non
1181 1306 1289 1372 obstat
1309 1307 1429 1370 iniuria
1448 1313 1570 1389 tempo·

147 1437 228 1496 rum,
252 1436 292 1479 ac
312 1437 377 1480 non
397 1413 598 1480 transsultim
617 1414 739 1501 gradus
761 1414 910 1480 conferri.

232 1512 419 1600 Tyronibus
441 1513 614 1600 adsignato
635 1513 775 1597 biennio,
803 1535 866 1600 qno
896 1509 1065 1577 audiendis
1092 1505 1372 1597 praelectionibus,
1400 1523 1571 1590 argumen-

147 1612 255 1694 tando,
284 1613 487 1701 excipiendis
508 1615 706 1700 argumentis
726 1623 759 1678 et
778 1610 1015 1701 respondendo,
1043 1611 1120 1674 dum
1139 1608 1223 1672 iussi
1242 1605 1375 1686 fuerint,
1403 1603 1445 1668 ad
1471 1623 1571 1690 usqne

146 1711 428 1778 baccalaureatum
457 1712 556 1778 studii
584 1715 633 1778 sui
666 1715 830 1802 specimen
851 1711 1037 1800 praebeant.
1077 1711 1146 1774 Nec
1167 1705 1316 1771 volumus
1337 1701 1569 1770 baccalaureos
1582 1709 1613 1764 10

147 1813 218 1877 fieri
240 1811 432 1898 theologiae,
452 1813 518 1878 nisi
536 1815 710 1898 magistros
731 1814 850 1878 artium
871 1821 927 1878 aut
946 1810 1085 1876 aliarum
1105 1806 1294 1872 facultatum
1315 1802 1494 1869 licentiatos
1516 1811 1571 1865 aut

147 1911 307 1977 doctores.

228 2008 282 2074 Ad
305 2009 507 2076 doctoratum
528 2021 565 2076 ut
586 2011 794 2098 designentur
817 2009 1012 2088 (licentiatos
1033 2017 1176 2090 vocant),
1197 2007 1370 2072 triennium
1394 2004 1519 2084 damus,
1536 2001 1571 2064 in

146 2134 210 2198 quo
233 2133 298 2175 non
326 2109 462 2175 audiant
486 2111 582 2176 modo
608 2122 640 2176 et
668 2110 923 2198 argumentando
954 2107 1243 2195 respondendoqne
1272 2104 1375 2170 seduli
1405 2105 1484 2185 sint,
1515 2100 1572 2166 sed

147 2211 246 2274 etiam
274 2209 405 2275 biennio
427 2219 506 2291 toto,
534 2211 688 2296 quicquid
710 2210 750 2276 de
770 2209 890 2275 iudicio
911 2208 1073 2274 facultatis
1097 2229 1155 2295 pro
1176 2217 1322 2293 tempore
1340 2204 1420 2269 iussi
1441 2201 1612 2282 fiterint,15

146 2311 180 2374 in
202 2331 287 2374 novo
308 2319 499 2374 testamento
522 2311 672 2397 primum,
693 2309 809 2376 dehinc
830 2311 864 2374 in
878 2309 980 2374 veteri
999 2306 1128 2395 publice
1148 2306 1273 2392 legant3
1295 2313 1327 2368 et
1347 2325 1406 2390 per
1427 2297 1571 2387 singulos

148 2431 251 2474 annos
274 2410 308 2472 in
330 2408 487 2494 canicula,
510 2408 586 2475 dum
608 2411 765 2476 feriantur
787 2408 944 2490 doctores,
966 2408 1030 2494 ipsi
1053 2429 1111 2494 pcr
1133 2405 1279 2472 ordinem
1302 2401 1478 2489 disputent

233 2504 294 2595 [Bl.
315 2506 369 2594 gs]
391 2507 460 2574 Nec
482 2511 588 2575 minus
609 2511 643 2574 in
664 2519 802 2596 quatuor
824 2520 1003 2594 temporum
1025 2503 1233 2572 conventibus
1257 2503 1359 2568 sacris
1378 2500 1478 2566 latine
1498 2520 1572 2562 con·

147 2608 320 2688 tionentnr,
343 2629 363 2672 a
384 2630 450 2696 qua
470 2632 506 2674 re
526 2632 567 2674 ne
587 2609 768 2674 licentiatos
792 2606 931 2695 quidem,
955 2607 982 2672 si
1001 2628 1054 2670 res
1077 2606 1209 2691 exigere
1231 2600 1404 2684 videbitur,
1427 2597 1574 2664 exortes¹

146 2705 397 2772 essevolumus.
1581 2702 1615 2762 20

694 2843 801 2892 RATIO
823 2840 1034 2891 DOCTRINAE.

766 2961 875 3025 Caput
891 2958 960 3010 VII.

230 3075 372 3147 Necesse
402 3084 509 3139 autem
539 3077 649 3140 estin
677 3075 832 3141 discendo
859 3073 980 3154 videre,
1010 3073 1066 3158 qni
1095 3073 1159 3137 sint
1187 3072 1356 3159 praecipui
1386 3068 1458 3150 loci,
1490 3087 1572 3152 quae

148 3176 255 3256 initia,
283 3195 366 3260 quae
396 3176 641 3260 progressiones
663 3184 696 3239 et
716 3185 820 3240 metae
842 3174 911 3238 eius
933 3171 1110 3252 doctrinae,
1138 3194 1234 3258 qnam
1256 3171 1419 3255 sequimur
1443 3178 1474 3231 et
1494 3168 1574 3231 inte·

146 3297 243 3361 gram
266 3273 436 3360 percipere
457 3274 612 3360 cupimus.
640 3273 710 3338 Hos
732 3273 820 3339 locos
841 3281 874 3336 et
894 3271 954 3336 has
975 3280 1076 3335 metas
1098 3292 1219 3356 magna
1240 3279 1394 3356 exparte
1415 3273 1615 3332 monstratas

147 3372 290 3462 epistola
320 3371 364 3437 ad
393 3371 565 3438 Romanos.
606 3373 676 3437 Imo
708 3374 734 3437 si
766 3371 868 3437 addes
888 3369 1069 3436 doctrinam
1098 3369 1139 3434 de
1166 3371 1309 3434 trinitate
1336 3391 1378 3434 ex
1405 3365 1573 3452 evangelio

147 3472 292 3552 loannis,
314 3472 475 3557 integrum
496 3493 612 3559 corpus
635 3471 736 3537 habes
757 3471 923 3536 doctrinae
945 3469 1192 3535 ecclesiasticae.

233 3569 322 3637 Olim
343 3579 414 3635 erat
435 3569 632 3636 consuetudo
653 3571 762 3657 legere
778 3568 1041 3656 Longobardum,
1066 3568 1124 3634 sed
1144 3569 1221 3656 quia
1242 3567 1402 3654 quaedam
1423 3568 1457 3630 in
1478 3567 1573 3632 tertio

147 3671 188 3737 de
208 3669 445 3752 iustificatione,
468 3669 571 3735 multa
592 3671 627 3734 in
644 3679 760 3756 quarto
783 3668 823 3734 de
844 3670 1053 3735 sacramentis
1076 3668 1270 3734 dissentiunt
1290 3690 1311 3732 a
1329 3689 1412 3754 pura
1426 3665 1574 3731 doctrina

146 3769 318 3856 evangelii,
340 3791 436 3859 quam
461 3768 651 3854 profitentur
673 3768 828 3834 ecclesiae
849 3779 989 3851 nostrae,
1010 3767 1095 3850 ideo,
1115 3777 1271 3855 percepta
1290 3772 1341 3847 (ut
1361 3765 1485 3832 dictum
1505 3772 1613 3842 est)³0

147 3892 273 3935 summa
302 3868 470 3934 doctrinae
497 3889 539 3932 ex
558 3867 671 3951 Paulo,
697 3891 784 3934 nunc
812 3868 900 3955 legat
926 3870 1153 3934 sententiarius
1181 3867 1221 3932 de
1248 3866 1368 3932 iudicio
1395 3865 1511 3931 decani
1537 3875 1569 3930 et

148 3969 287 4035 senioris
307 3965 473 4033 facultatis
493 3965 695 4054 theologicae
717 3967 843 4055 aliquos
866 3966 1009 4055 psalmos
1031 3978 1087 4033 aut
1107 3966 1231 4053 aliquid
1252 3989 1293 4031 ex
1315 3965 1489 4053 prophetis.

783 4151 947 4198 Examina

760 4269 864 4332 Caput
881 4268 969 4322 VIIl.

233 4384 280 4450 Ut
299 4407 377 4450 vero
400 4393 432 4448 et
451 4383 551 4450 titulis
573 4386 676 4450 maior
699 4383 877 4450 authoritas
899 4383 1049 4466 accedat,
1076 4405 1137 4448 nec
1159 4382 1274 4450 horum
1301 4386 1410 4471 specie
1435 4383 1613 4451 homini-se

149 4487 210 4554 bus
232 4487 416 4572 inponatur,
438 4482 613 4569 adigantur
633 4485 730 4549 etiam
752 4483 795 4548 ad
814 4483 960 4549 discendi
982 4507 1093 4550 curam
1114 4485 1260 4550 exactius
1283 4483 1428 4566 studiosi,
1453 4482 1573 4548 exami-

149 4585 249 4652 nibus
279 4583 396 4650 dehinc
426 4582 589 4670 agendum
621 4605 788 4649 censemus
818 4585 874 4666 sic,
905 4594 941 4648 ut
970 4583 1212 4665 baccalaureus,
1244 4585 1435 4671 praestituto
1466 4582 1575 4668 aliquo

149 4685 339 4752 testamenti
368 4685 446 4750 novi
474 4682 568 4766 libro,
598 4705 661 4748 uno
689 4705 843 4749 consessu
870 4682 1089 4771 designandus
1117 4684 1150 4748 in
1176 4685 1279 4748 veteri
1306 4705 1453 4769 novoque
1478 4690 1573 4746 testa·

151 4793 262 4851 mento
284 4806 343 4871 per
364 4793 467 4849 totum
489 4782 660 4870 collegium
682 4782 869 4868 exploretur
890 4792 922 4848 et
946 4783 989 4848 ad
1014 4784 1214 4868 interrogata
1238 4781 1374 4870 singulis
1402 4804 1460 4869 per
1488 4779 1572 4846 ordi-

148 4905 223 4950 nem
244 4882 450 4969 respondeat
493 4881 567 4966 Qna
594 4884 627 4947 in
648 4905 683 4948 re
704 4877 876 4960 ἐπιεικῶς,
907 4885 1037 4948 minime
1058 4904 1135 4946 vero
1158 4883 1331 4970 sophistice
1359 4890 1416 4946 aut
1445 4889 1613 4945 amaru-40

147 4986 263 5065 lenter,
285 4981 344 5046 sed
361 4982 426 5069 pie,
447 4982 591 5048 modeste
614 5005 654 5049 ac
674 4986 820 5069 graviter
840 4981 1053 5048 incedendum
1074 4980 1278 5047 arbitramur.

237 5220 248 5271 1
268 5214 337 5272 Atro
353 5233 428 5272 musa
444 5231 474 5272 es
491 5215 569 5284 oben,
586 5213 615 5272 S.
626 5221 684 5286 299,
700 5220 742 5282 28,
760 5213 839 5272 nicht
855 5222 970 5274 amator
987 5213 1106 5272 sondern
1122 5213 1257 5272 cbenfalls
1273 5217 1378 5269 morter
1394 5209 1510 5268 baiesen
