<?xml version="1.0" encoding="UTF-8"?>
<!DOCTYPE html PUBLIC "-//W3C//DTD XHTML 1.0 Transitional//EN"
    "http://www.w3.org/TR/xhtml1/DTD/xhtml1-transitional.dtd">
<html xmlns="http://www.w3.org/1999/xhtml" xml:lang="en" lang="en">
 <head>
  <title>
</title>
<meta http-equiv="Content-Type" content="text/html;charset=utf-8" />
  <meta name='ocr-system' content='tesseract 3.04.00' />
  <meta name='ocr-capabilities' content='ocr_page ocr_carea ocr_par ocr_line ocrx_word'/>
</head>
<body>
  <div class='ocr_page' id='page_1' title='image "./diestatutenbche00leipgoog_0442.png"; bbox 0 0 3758 6072; ppageno 0'>
   <div class='ocr_carea' id='block_1_1' title="bbox 487 544 1142 610">
    <p class='ocr_par' dir='ltr' id='par_1_1' title="bbox 487 544 1142 610">
     <span class='ocr_line' id='line_1_1' title="bbox 487 544 1142 610; baseline 0.009 -14"><span class='ocrx_word' id='word_1_1' title='bbox 487 545 571 596; x_wconf 82' lang='lat' dir='ltr'>Drttts</span> <span class='ocrx_word' id='word_1_2' title='bbox 589 544 852 610; x_wconf 71' lang='lat' dir='ltr'>sacramentarios,</span> <span class='ocrx_word' id='word_1_3' title='bbox 870 563 924 600; x_wconf 80' lang='lat' dir='ltr'>von</span> <span class='ocrx_word' id='word_1_4' title='bbox 942 547 1142 604; x_wconf 69' lang='lat' dir='ltr'>totth-1490.</span> 
     </span>
    </p>
   </div>
   <div class='ocr_carea' id='block_1_2' title="bbox 372 765 1281 836">
    <p class='ocr_par' dir='ltr' id='par_1_2' title="bbox 372 765 1281 836">
     <span class='ocr_line' id='line_1_2' title="bbox 372 765 1281 836; baseline 0.01 -10"><span class='ocrx_word' id='word_1_5' title='bbox 372 765 400 826; x_wconf 82' lang='lat'>7.</span> <span class='ocrx_word' id='word_1_6' title='bbox 420 779 468 827; x_wconf 83' lang='lat' dir='ltr'>na</span> <span class='ocrx_word' id='word_1_7' title='bbox 490 779 590 828; x_wconf 84' lang='lat' dir='ltr'>nono</span> <span class='ocrx_word' id='word_1_8' title='bbox 612 779 788 830; x_wconf 79' lang='lat' dir='ltr'>usrrsrmr</span> <span class='ocrx_word' id='word_1_9' title='bbox 808 781 1000 836; x_wconf 73' lang='lat' dir='ltr'>anemonas</span> <span class='ocrx_word' id='word_1_10' title='bbox 1021 783 1067 832; x_wconf 84' lang='lat' dir='ltr'>ur</span> <span class='ocrx_word' id='word_1_11' title='bbox 1088 785 1281 836; x_wconf 77' lang='lat' dir='ltr'>axaucrcm</span> 
     </span>
    </p>
   </div>
   <div class='ocr_carea' id='block_1_3' title="bbox 108 907 1578 1582">
    <p class='ocr_par' dir='ltr' id='par_1_3' title="bbox 108 907 1578 1582">
     <span class='ocr_line' id='line_1_3' title="bbox 193 907 1537 1005; baseline 0.009 -31"><span class='ocrx_word' id='word_1_12' title='bbox 193 907 337 992; x_wconf 80' lang='lat' dir='ltr'><strong>Placuit,</strong></span> <span class='ocrx_word' id='word_1_13' title='bbox 359 911 446 998; x_wconf 90' lang='lat' dir='ltr'>quod</span> <span class='ocrx_word' id='word_1_14' title='bbox 468 911 616 978; x_wconf 88' lang='lat' dir='ltr'>decatero</span> <span class='ocrx_word' id='word_1_15' title='bbox 643 911 751 979; x_wconf 89' lang='lat' dir='ltr'>nullus</span> <span class='ocrx_word' id='word_1_16' title='bbox 777 914 923 1002; x_wconf 78' lang='lat' dir='ltr'><strong>negligat</strong></span> <span class='ocrx_word' id='word_1_17' title='bbox 946 925 1013 982; x_wconf 86' lang='lat' dir='ltr'>tres</span> <span class='ocrx_word' id='word_1_18' title='bbox 1040 919 1211 985; x_wconf 88' lang='lat' dir='ltr'>continuas</span> <span class='ocrx_word' id='word_1_19' title='bbox 1237 919 1415 1005; x_wconf 80' lang='lat' dir='ltr'>laesiones,</span> <span class='ocrx_word' id='word_1_20' title='bbox 1443 921 1537 988; x_wconf 88' lang='lat' dir='ltr'>iuxta</span> 
     </span>
     <span class='ocr_line' id='line_1_4' title="bbox 109 1011 1536 1107; baseline 0.01 -34"><span class='ocrx_word' id='word_1_21' title='bbox 109 1017 257 1075; x_wconf 86' lang='lat' dir='ltr'>tenorem</span> <span class='ocrx_word' id='word_1_22' title='bbox 275 1011 400 1095; x_wconf 80' lang='lat' dir='ltr'><strong>antiqui</strong></span> <span class='ocrx_word' id='word_1_23' title='bbox 422 1013 550 1096; x_wconf 73' lang='lat' dir='ltr'>stetisti,</span> <span class='ocrx_word' id='word_1_24' title='bbox 572 1024 604 1078; x_wconf 90' lang='lat' dir='ltr'>et</span> <span class='ocrx_word' id='word_1_25' title='bbox 623 1012 745 1078; x_wconf 90' lang='lat' dir='ltr'>nullum</span> <span class='ocrx_word' id='word_1_26' title='bbox 764 1012 884 1080; x_wconf 91' lang='lat' dir='ltr'>librum</span> <span class='ocrx_word' id='word_1_27' title='bbox 907 1016 1039 1082; x_wconf 88' lang='lat' dir='ltr'>totalem</span> <span class='ocrx_word' id='word_1_28' title='bbox 1059 1017 1113 1083; x_wconf 85' lang='lat' dir='ltr'>vel</span> <span class='ocrx_word' id='word_1_29' title='bbox 1133 1019 1327 1106; x_wconf 87' lang='lat' dir='ltr'>parcialem,</span> <span class='ocrx_word' id='word_1_30' title='bbox 1350 1020 1410 1086; x_wconf 90' lang='lat' dir='ltr'>sub</span> <span class='ocrx_word' id='word_1_31' title='bbox 1430 1041 1536 1107; x_wconf 88' lang='lat' dir='ltr'>poena</span> 
     </span>
     <span class='ocr_line' id='line_1_5' title="bbox 108 1107 1535 1204; baseline 0.008 -32"><span class='ocrx_word' id='word_1_32' title='bbox 108 1130 175 1172; x_wconf 91' lang='lat' dir='ltr'>non</span> <span class='ocrx_word' id='word_1_33' title='bbox 197 1107 406 1174; x_wconf 76' lang='lat' dir='ltr'>admissionis</span> <span class='ocrx_word' id='word_1_34' title='bbox 427 1120 573 1198; x_wconf 87' lang='lat' dir='ltr'>tempore</span> <span class='ocrx_word' id='word_1_35' title='bbox 594 1133 668 1194; x_wconf 87' lang='lat' dir='ltr'>suo;</span> <span class='ocrx_word' id='word_1_36' title='bbox 697 1121 728 1176; x_wconf 92' lang='lat' dir='ltr'>et</span> <span class='ocrx_word' id='word_1_37' title='bbox 749 1112 836 1199; x_wconf 91' lang='lat' dir='ltr'>quod</span> <span class='ocrx_word' id='word_1_38' title='bbox 853 1117 1076 1204; x_wconf 86' lang='lat' dir='ltr'>unusquisque</span> <span class='ocrx_word' id='word_1_39' title='bbox 1098 1119 1140 1182; x_wconf 92' lang='lat' dir='ltr'>sit</span> <span class='ocrx_word' id='word_1_40' title='bbox 1160 1121 1312 1185; x_wconf 90' lang='lat' dir='ltr'>astrictus</span> <span class='ocrx_word' id='word_1_41' title='bbox 1333 1119 1378 1186; x_wconf 88' lang='lat' dir='ltr'>ad</span> <span class='ocrx_word' id='word_1_42' title='bbox 1400 1120 1535 1185; x_wconf 87' lang='lat' dir='ltr'>visitan-</span> 
     </span>
     <span class='ocr_line' id='line_1_6' title="bbox 109 1204 1578 1306; baseline 0.007 -34"><span class='ocrx_word' id='word_1_43' title='bbox 109 1204 188 1272; x_wconf 88' lang='lat' dir='ltr'>dum</span> <span class='ocrx_word' id='word_1_44' title='bbox 208 1209 372 1274; x_wconf 86' lang='lat' dir='ltr'>exercicia</span> <span class='ocrx_word' id='word_1_45' title='bbox 392 1209 529 1296; x_wconf 90' lang='lat' dir='ltr'>singulis</span> <span class='ocrx_word' id='word_1_46' title='bbox 550 1210 665 1277; x_wconf 92' lang='lat' dir='ltr'>diebus</span> <span class='ocrx_word' id='word_1_47' title='bbox 686 1211 948 1298; x_wconf 90' lang='lat' dir='ltr'>disputabilibus,</span> <span class='ocrx_word' id='word_1_48' title='bbox 968 1237 1051 1303; x_wconf 90' lang='lat' dir='ltr'>quae</span> <span class='ocrx_word' id='word_1_49' title='bbox 1071 1215 1190 1282; x_wconf 90' lang='lat' dir='ltr'>debent</span> <span class='ocrx_word' id='word_1_50' title='bbox 1217 1219 1288 1284; x_wconf 88' lang='lat' dir='ltr'>lieri</span> <span class='ocrx_word' id='word_1_51' title='bbox 1316 1241 1375 1306; x_wconf 93' lang='lat' dir='ltr'>per</span> <span class='ocrx_word' id='word_1_52' title='bbox 1402 1217 1533 1286; x_wconf 91' lang='lat' dir='ltr'>modum</span> <span class='ocrx_word' id='word_1_53' title='bbox 1563 1227 1578 1283; x_wconf 84' lang='lat'><strong>5</strong></span> 
     </span>
     <span class='ocr_line' id='line_1_7' title="bbox 110 1307 1536 1404; baseline 0.008 -32"><span class='ocrx_word' id='word_1_54' title='bbox 110 1307 272 1374; x_wconf 75' lang='lat' dir='ltr'>examinis</span> <span class='ocrx_word' id='word_1_55' title='bbox 293 1308 328 1372; x_wconf 91' lang='lat' dir='ltr'>in</span> <span class='ocrx_word' id='word_1_56' title='bbox 348 1308 419 1374; x_wconf 91' lang='lat' dir='ltr'>loco</span> <span class='ocrx_word' id='word_1_57' title='bbox 440 1309 571 1396; x_wconf 85' lang='lat' dir='ltr'>publico</span> <span class='ocrx_word' id='word_1_58' title='bbox 593 1309 781 1396; x_wconf 78' lang='lat' dir='ltr'>diligenter,</span> <span class='ocrx_word' id='word_1_59' title='bbox 799 1311 960 1398; x_wconf 89' lang='lat' dir='ltr'>legittima</span> <span class='ocrx_word' id='word_1_60' title='bbox 981 1338 1047 1380; x_wconf 91' lang='lat' dir='ltr'>non</span> <span class='ocrx_word' id='word_1_61' title='bbox 1073 1316 1272 1404; x_wconf 86' lang='lat' dir='ltr'>impediente</span> <span class='ocrx_word' id='word_1_62' title='bbox 1302 1342 1411 1402; x_wconf 89' lang='lat' dir='ltr'>eausa,</span> <span class='ocrx_word' id='word_1_63' title='bbox 1432 1329 1468 1384; x_wconf 94' lang='lat' dir='ltr'>ut</span> <span class='ocrx_word' id='word_1_64' title='bbox 1488 1319 1536 1382; x_wconf 90' lang='lat' dir='ltr'>in·</span> 
     </span>
     <span class='ocr_line' id='line_1_8' title="bbox 109 1405 1534 1502; baseline 0.008 -31"><span class='ocrx_word' id='word_1_65' title='bbox 109 1405 265 1473; x_wconf 87' lang='lat' dir='ltr'>firmitate</span> <span class='ocrx_word' id='word_1_66' title='bbox 286 1407 338 1473; x_wconf 89' lang='lat' dir='ltr'>vel</span> <span class='ocrx_word' id='word_1_67' title='bbox 359 1407 423 1475; x_wconf 87' lang='lat' dir='ltr'>loci</span> <span class='ocrx_word' id='word_1_68' title='bbox 444 1407 613 1492; x_wconf 88' lang='lat' dir='ltr'>absencia,</span> <span class='ocrx_word' id='word_1_69' title='bbox 636 1408 697 1475; x_wconf 90' lang='lat' dir='ltr'>sub</span> <span class='ocrx_word' id='word_1_70' title='bbox 720 1411 890 1497; x_wconf 87' lang='lat' dir='ltr'>praedicta</span> <span class='ocrx_word' id='word_1_71' title='bbox 910 1436 1023 1501; x_wconf 88' lang='lat' dir='ltr'>poena</span> <span class='ocrx_word' id='word_1_72' title='bbox 1064 1414 1110 1480; x_wconf 83' lang='lat' dir='ltr'>Et</span> <span class='ocrx_word' id='word_1_73' title='bbox 1129 1417 1216 1502; x_wconf 92' lang='lat' dir='ltr'>quod</span> <span class='ocrx_word' id='word_1_74' title='bbox 1235 1419 1282 1483; x_wconf 88' lang='lat' dir='ltr'>ita</span> <span class='ocrx_word' id='word_1_75' title='bbox 1299 1418 1370 1501; x_wconf 86' lang='lat' dir='ltr'>liat,</span> <span class='ocrx_word' id='word_1_76' title='bbox 1392 1417 1534 1483; x_wconf 84' lang='lat' dir='ltr'>decanus</span> 
     </span>
     <span class='ocr_line' id='line_1_9' title="bbox 112 1507 1300 1582; baseline 0.008 -10"><span class='ocrx_word' id='word_1_77' title='bbox 112 1529 187 1572; x_wconf 92' lang='lat' dir='ltr'>cum</span> <span class='ocrx_word' id='word_1_78' title='bbox 209 1507 276 1572; x_wconf 90' lang='lat' dir='ltr'>suis</span> <span class='ocrx_word' id='word_1_79' title='bbox 298 1508 527 1575; x_wconf 83' lang='lat' dir='ltr'>executoribus</span> <span class='ocrx_word' id='word_1_80' title='bbox 547 1508 707 1576; x_wconf 88' lang='lat' dir='ltr'>lecciones</span> <span class='ocrx_word' id='word_1_81' title='bbox 729 1519 762 1576; x_wconf 90' lang='lat' dir='ltr'>et</span> <span class='ocrx_word' id='word_1_82' title='bbox 783 1513 945 1578; x_wconf 88' lang='lat' dir='ltr'>exercicia</span> <span class='ocrx_word' id='word_1_83' title='bbox 964 1515 1124 1580; x_wconf 83' lang='lat' dir='ltr'>inavisate</span> <span class='ocrx_word' id='word_1_84' title='bbox 1145 1515 1300 1582; x_wconf 82' lang='lat' dir='ltr'>visitabit</span> 
     </span>
    </p>
   </div>
   <div class='ocr_carea' id='block_1_4' title="bbox 556 1679 1100 1748">
    <p class='ocr_par' dir='ltr' id='par_1_4' title="bbox 556 1679 1100 1748">
     <span class='ocr_line' id='line_1_10' title="bbox 556 1679 1100 1748; baseline 0.006 -5"><span class='ocrx_word' id='word_1_85' title='bbox 556 1679 590 1748; x_wconf 64' lang='lat'>8,</span> <span class='ocrx_word' id='word_1_86' title='bbox 616 1693 662 1741; x_wconf 84' lang='lat' dir='ltr'>na</span> <span class='ocrx_word' id='word_1_87' title='bbox 685 1693 784 1742; x_wconf 82' lang='lat' dir='ltr'>nono</span> <span class='ocrx_word' id='word_1_88' title='bbox 807 1681 1100 1745; x_wconf 63' lang='grc' dir='ltr'>ιιιιιιιιιιιιιιιιιιι.1</span> 
     </span>
    </p>
   </div>
   <div class='ocr_carea' id='block_1_5' title="bbox 32 1806 1579 2794">
    <p class='ocr_par' dir='ltr' id='par_1_5' title="bbox 109 1806 1579 2698">
     <span class='ocr_line' id='line_1_11' title="bbox 194 1806 1579 1901; baseline 0.004 -29"><span class='ocrx_word' id='word_1_89' title='bbox 194 1807 339 1891; x_wconf 80' lang='lat' dir='ltr'>Placuit,</span> <span class='ocrx_word' id='word_1_90' title='bbox 366 1806 453 1894; x_wconf 92' lang='lat' dir='ltr'>quod</span> <span class='ocrx_word' id='word_1_91' title='bbox 483 1808 631 1874; x_wconf 87' lang='lat' dir='ltr'>decatero</span> <span class='ocrx_word' id='word_1_92' title='bbox 661 1811 770 1875; x_wconf 91' lang='lat' dir='ltr'>omnia</span> <span class='ocrx_word' id='word_1_93' title='bbox 803 1812 992 1900; x_wconf 88' lang='lat' dir='ltr'>supposita,</span> <span class='ocrx_word' id='word_1_94' title='bbox 1022 1811 1182 1878; x_wconf 90' lang='lat' dir='ltr'>lecciones</span> <span class='ocrx_word' id='word_1_95' title='bbox 1208 1824 1264 1879; x_wconf 89' lang='lat' dir='ltr'>aut</span> <span class='ocrx_word' id='word_1_96' title='bbox 1293 1814 1455 1880; x_wconf 85' lang='lat' dir='ltr'>exercicia</span> <span class='ocrx_word' id='word_1_97' title='bbox 1474 1836 1535 1901; x_wconf 94' lang='lat' dir='ltr'>pro</span> <span class='ocrx_word' id='word_1_98' title='bbox 1547 1822 1579 1878; x_wconf 85' lang='lat'>10</span> 
     </span>
     <span class='ocr_line' id='line_1_12' title="bbox 111 1905 1536 1996; baseline 0.006 -26"><span class='ocrx_word' id='word_1_99' title='bbox 111 1905 333 1994; x_wconf 89' lang='lat' dir='ltr'>complecione</span> <span class='ocrx_word' id='word_1_100' title='bbox 347 1906 517 1991; x_wconf 88' lang='lat' dir='ltr'>habencia,</span> <span class='ocrx_word' id='word_1_101' title='bbox 539 1919 615 1996; x_wconf 89' lang='lat' dir='ltr'>post</span> <span class='ocrx_word' id='word_1_102' title='bbox 629 1909 765 1974; x_wconf 84' lang='lat' dir='ltr'>terciam</span> <span class='ocrx_word' id='word_1_103' title='bbox 781 1908 957 1976; x_wconf 77' lang='lat' dir='ltr'>laesionem</span> <span class='ocrx_word' id='word_1_104' title='bbox 978 1911 1030 1976; x_wconf 89' lang='lat' dir='ltr'>vel</span> <span class='ocrx_word' id='word_1_105' title='bbox 1052 1913 1189 1978; x_wconf 88' lang='lat' dir='ltr'>tercium</span> <span class='ocrx_word' id='word_1_106' title='bbox 1209 1915 1406 1979; x_wconf 79' lang='lat' dir='ltr'>exercicium</span> <span class='ocrx_word' id='word_1_107' title='bbox 1427 1935 1536 1980; x_wconf 87' lang='lat' dir='ltr'>eoram</span> 
     </span>
     <span class='ocr_line' id='line_1_13' title="bbox 110 2004 1538 2098; baseline 0.004 -27"><span class='ocrx_word' id='word_1_108' title='bbox 110 2004 243 2071; x_wconf 91' lang='lat' dir='ltr'>domino</span> <span class='ocrx_word' id='word_1_109' title='bbox 278 2006 402 2073; x_wconf 86' lang='lat' dir='ltr'>decano</span> <span class='ocrx_word' id='word_1_110' title='bbox 436 2017 468 2071; x_wconf 88' lang='lat' dir='ltr'>et</span> <span class='ocrx_word' id='word_1_111' title='bbox 498 2006 702 2073; x_wconf 86' lang='lat' dir='ltr'>taxatoribus</span> <span class='ocrx_word' id='word_1_112' title='bbox 734 2019 946 2096; x_wconf 87' lang='lat' dir='ltr'>compareant</span> <span class='ocrx_word' id='word_1_113' title='bbox 976 2021 1007 2075; x_wconf 88' lang='lat' dir='ltr'>et</span> <span class='ocrx_word' id='word_1_114' title='bbox 1038 2033 1099 2098; x_wconf 89' lang='lat' dir='ltr'>pro</span> <span class='ocrx_word' id='word_1_115' title='bbox 1133 2011 1255 2078; x_wconf 90' lang='lat' dir='ltr'>eisdem</span> <span class='ocrx_word' id='word_1_116' title='bbox 1285 2011 1483 2080; x_wconf 85' lang='lat' dir='ltr'>leccionibus</span> <span class='ocrx_word' id='word_1_117' title='bbox 1505 2022 1538 2077; x_wconf 89' lang='lat' dir='ltr'>et</span> 
     </span>
     <span class='ocr_line' id='line_1_14' title="bbox 112 2105 1536 2202; baseline 0.006 -32"><span class='ocrx_word' id='word_1_118' title='bbox 112 2105 287 2171; x_wconf 86' lang='lat' dir='ltr'>exerciciis</span> <span class='ocrx_word' id='word_1_119' title='bbox 301 2105 423 2172; x_wconf 88' lang='lat' dir='ltr'>ibidem</span> <span class='ocrx_word' id='word_1_120' title='bbox 436 2107 567 2174; x_wconf 88' lang='lat' dir='ltr'>realiter</span> <span class='ocrx_word' id='word_1_121' title='bbox 582 2119 613 2174; x_wconf 89' lang='lat' dir='ltr'>et</span> <span class='ocrx_word' id='word_1_122' title='bbox 631 2132 706 2175; x_wconf 92' lang='lat' dir='ltr'>eum</span> <span class='ocrx_word' id='word_1_123' title='bbox 728 2108 843 2174; x_wconf 88' lang='lat' dir='ltr'>effectu</span> <span class='ocrx_word' id='word_1_124' title='bbox 865 2110 1077 2186; x_wconf 88' lang='lat' dir='ltr'>satisfaciant,</span> <span class='ocrx_word' id='word_1_125' title='bbox 1101 2134 1198 2201; x_wconf 88' lang='lat' dir='ltr'>seque</span> <span class='ocrx_word' id='word_1_126' title='bbox 1219 2114 1364 2202; x_wconf 92' lang='lat' dir='ltr'>propriis</span> <span class='ocrx_word' id='word_1_127' title='bbox 1385 2110 1536 2178; x_wconf 89' lang='lat' dir='ltr'>manibus</span> 
     </span>
     <span class='ocr_line' id='line_1_15' title="bbox 110 2205 1536 2300; baseline 0.004 -30"><span class='ocrx_word' id='word_1_128' title='bbox 110 2205 311 2270; x_wconf 82' lang='lat' dir='ltr'>satisfecisse</span> <span class='ocrx_word' id='word_1_129' title='bbox 338 2206 529 2272; x_wconf 88' lang='lat' dir='ltr'>inscribant.</span> <span class='ocrx_word' id='word_1_130' title='bbox 573 2207 668 2290; x_wconf 76' lang='lat' dir='ltr'>Quod</span> <span class='ocrx_word' id='word_1_131' title='bbox 690 2210 718 2274; x_wconf 94' lang='lat' dir='ltr'>si</span> <span class='ocrx_word' id='word_1_132' title='bbox 740 2211 812 2297; x_wconf 89' lang='lat' dir='ltr'>quis</span> <span class='ocrx_word' id='word_1_133' title='bbox 833 2209 940 2276; x_wconf 88' lang='lat' dir='ltr'>faeere</span> <span class='ocrx_word' id='word_1_134' title='bbox 962 2212 1168 2276; x_wconf 90' lang='lat' dir='ltr'>contemserit</span> <span class='ocrx_word' id='word_1_135' title='bbox 1195 2223 1251 2278; x_wconf 91' lang='lat' dir='ltr'>aut</span> <span class='ocrx_word' id='word_1_136' title='bbox 1274 2211 1471 2300; x_wconf 86' lang='lat' dir='ltr'>neglexerit,</span> <span class='ocrx_word' id='word_1_137' title='bbox 1494 2209 1536 2277; x_wconf 86' lang='lat' dir='ltr'>ad</span> 
     </span>
     <span class='ocr_line' id='line_1_16' title="bbox 110 2304 1578 2397; baseline 0.004 -27"><span class='ocrx_word' id='word_1_138' title='bbox 110 2327 250 2370; x_wconf 87' lang='lat' dir='ltr'>examen</span> <span class='ocrx_word' id='word_1_139' title='bbox 275 2304 458 2371; x_wconf 87' lang='lat' dir='ltr'>nullatenus</span> <span class='ocrx_word' id='word_1_140' title='bbox 488 2307 687 2392; x_wconf 84' lang='lat' dir='ltr'>admittatur,</span> <span class='ocrx_word' id='word_1_141' title='bbox 717 2309 781 2373; x_wconf 92' lang='lat' dir='ltr'>nisi</span> <span class='ocrx_word' id='word_1_142' title='bbox 806 2309 898 2396; x_wconf 88' lang='lat' dir='ltr'>prius</span> <span class='ocrx_word' id='word_1_143' title='bbox 926 2309 1058 2397; x_wconf 89' lang='lat' dir='ltr'>duplum</span> <span class='ocrx_word' id='word_1_144' title='bbox 1086 2310 1235 2394; x_wconf 86' lang='lat' dir='ltr'>solverit,</span> <span class='ocrx_word' id='word_1_145' title='bbox 1259 2313 1350 2378; x_wconf 88' lang='lat' dir='ltr'>cuius</span> <span class='ocrx_word' id='word_1_146' title='bbox 1378 2310 1535 2376; x_wconf 87' lang='lat' dir='ltr'>medietas</span> <span class='ocrx_word' id='word_1_147' title='bbox 1547 2319 1578 2376; x_wconf 83' lang='lat'>15</span> 
     </span>
     <span class='ocr_line' id='line_1_17' title="bbox 112 2403 1538 2497; baseline 0.004 -27"><span class='ocrx_word' id='word_1_148' title='bbox 112 2403 210 2470; x_wconf 87' lang='lat' dir='ltr'>cedat</span> <span class='ocrx_word' id='word_1_149' title='bbox 225 2407 384 2490; x_wconf 91' lang='lat' dir='ltr'>magistro</span> <span class='ocrx_word' id='word_1_150' title='bbox 402 2403 454 2470; x_wconf 88' lang='lat' dir='ltr'>vel</span> <span class='ocrx_word' id='word_1_151' title='bbox 475 2409 651 2494; x_wconf 81' lang='lat' dir='ltr'>magistris,</span> <span class='ocrx_word' id='word_1_152' title='bbox 674 2409 726 2473; x_wconf 90' lang='lat' dir='ltr'>eui</span> <span class='ocrx_word' id='word_1_153' title='bbox 747 2408 800 2474; x_wconf 88' lang='lat' dir='ltr'>vel</span> <span class='ocrx_word' id='word_1_154' title='bbox 820 2408 939 2497; x_wconf 90' lang='lat' dir='ltr'>quibus</span> <span class='ocrx_word' id='word_1_155' title='bbox 960 2411 1149 2476; x_wconf 84' lang='lat' dir='ltr'>satisfacere</span> <span class='ocrx_word' id='word_1_156' title='bbox 1168 2410 1322 2496; x_wconf 82' lang='lat' dir='ltr'>neglexit,</span> <span class='ocrx_word' id='word_1_157' title='bbox 1342 2411 1408 2477; x_wconf 88' lang='lat' dir='ltr'>alia</span> <span class='ocrx_word' id='word_1_158' title='bbox 1428 2421 1538 2476; x_wconf 91' lang='lat' dir='ltr'>autem</span> 
     </span>
     <span class='ocr_line' id='line_1_18' title="bbox 109 2504 1537 2596; baseline 0.005 -27"><span class='ocrx_word' id='word_1_159' title='bbox 109 2504 271 2570; x_wconf 84' lang='lat' dir='ltr'>medietas</span> <span class='ocrx_word' id='word_1_160' title='bbox 305 2504 400 2570; x_wconf 87' lang='lat' dir='ltr'>cedat</span> <span class='ocrx_word' id='word_1_161' title='bbox 424 2505 580 2572; x_wconf 84' lang='lat' dir='ltr'>facultati.</span> <span class='ocrx_word' id='word_1_162' title='bbox 623 2507 668 2572; x_wconf 87' lang='lat' dir='ltr'>Et</span> <span class='ocrx_word' id='word_1_163' title='bbox 693 2505 836 2574; x_wconf 88' lang='lat' dir='ltr'>decanus</span> <span class='ocrx_word' id='word_1_164' title='bbox 862 2519 1006 2595; x_wconf 88' lang='lat' dir='ltr'>tempore</span> <span class='ocrx_word' id='word_1_165' title='bbox 1034 2510 1291 2596; x_wconf 86' lang='lat' dir='ltr'>dispensaciouis</span> <span class='ocrx_word' id='word_1_166' title='bbox 1317 2520 1445 2576; x_wconf 87' lang='lat' dir='ltr'>tenetur</span> <span class='ocrx_word' id='word_1_167' title='bbox 1471 2532 1537 2576; x_wconf 91' lang='lat' dir='ltr'>non</span> 
     </span>
     <span class='ocr_line' id='line_1_19' title="bbox 110 2604 1537 2698; baseline 0.004 -28"><span class='ocrx_word' id='word_1_168' title='bbox 110 2604 215 2670; x_wconf 90' lang='lat' dir='ltr'>solum</span> <span class='ocrx_word' id='word_1_169' title='bbox 244 2604 287 2670; x_wconf 89' lang='lat' dir='ltr'>ad</span> <span class='ocrx_word' id='word_1_170' title='bbox 314 2605 565 2694; x_wconf 88' lang='lat' dir='ltr'>uniuscuiusque</span> <span class='ocrx_word' id='word_1_171' title='bbox 597 2607 846 2695; x_wconf 89' lang='lat' dir='ltr'>requisioionem</span> <span class='ocrx_word' id='word_1_172' title='bbox 876 2607 934 2674; x_wconf 89' lang='lat' dir='ltr'>sed</span> <span class='ocrx_word' id='word_1_173' title='bbox 968 2609 1038 2673; x_wconf 90' lang='lat' dir='ltr'>sine</span> <span class='ocrx_word' id='word_1_174' title='bbox 1066 2609 1153 2674; x_wconf 90' lang='lat' dir='ltr'>omni</span> <span class='ocrx_word' id='word_1_175' title='bbox 1183 2611 1399 2698; x_wconf 85' lang='lat' dir='ltr'>requisioione</span> <span class='ocrx_word' id='word_1_176' title='bbox 1426 2632 1537 2676; x_wconf 89' lang='lat' dir='ltr'>unum·</span> 
     </span>
    </p>

    <p class='ocr_par' dir='ltr' id='par_1_6' title="bbox 32 2705 882 2794">
     <span class='ocr_line' id='line_1_20' title="bbox 32 2705 882 2794; baseline 0.004 -25"><span class='ocrx_word' id='word_1_177' title='bbox 32 2717 33 2726; x_wconf 77' lang='grc'>’</span> <span class='ocrx_word' id='word_1_178' title='bbox 110 2726 271 2793; x_wconf 90' lang='lat' dir='ltr'>quemque</span> <span class='ocrx_word' id='word_1_179' title='bbox 291 2705 326 2768; x_wconf 89' lang='lat' dir='ltr'>in</span> <span class='ocrx_word' id='word_1_180' title='bbox 347 2705 487 2792; x_wconf 90' lang='lat' dir='ltr'>registro</span> <span class='ocrx_word' id='word_1_181' title='bbox 510 2716 696 2772; x_wconf 88' lang='lat' dir='ltr'>taxatorum</span> <span class='ocrx_word' id='word_1_182' title='bbox 717 2729 882 2794; x_wconf 81' lang='lat' dir='ltr'>quaerere.</span> 
     </span>
    </p>
   </div>
   <div class='ocr_carea' id='block_1_6' title="bbox 516 2885 1579 2975">
    <p class='ocr_par' dir='ltr' id='par_1_7' title="bbox 516 2885 1579 2975">
     <span class='ocr_line' id='line_1_21' title="bbox 516 2885 1579 2975; baseline 0.006 -21"><span class='ocrx_word' id='word_1_183' title='bbox 516 2891 545 2954; x_wconf 87' lang='grc'>9.</span> <span class='ocrx_word' id='word_1_184' title='bbox 568 2885 628 2975; x_wconf 87' lang='lat' dir='ltr'>[Bl.</span> <span class='ocrx_word' id='word_1_185' title='bbox 650 2887 724 2974; x_wconf 76' lang='lat'>22¹²]</span> <span class='ocrx_word' id='word_1_186' title='bbox 753 2906 801 2955; x_wconf 83' lang='lat' dir='ltr'>na</span> <span class='ocrx_word' id='word_1_187' title='bbox 823 2907 1128 2958; x_wconf 77' lang='lat' dir='ltr'>ansrousrorrmus.</span> <span class='ocrx_word' id='word_1_188' title='bbox 1544 2901 1579 2960; x_wconf 80' lang='lat'>20</span> 
     </span>
    </p>
   </div>
   <div class='ocr_carea' id='block_1_7' title="bbox 109 3016 1578 4006">
    <p class='ocr_par' dir='ltr' id='par_1_8' title="bbox 109 3016 1578 4006">
     <span class='ocr_line' id='line_1_22' title="bbox 193 3016 1537 3109; baseline 0.004 -24"><span class='ocrx_word' id='word_1_189' title='bbox 193 3019 278 3085; x_wconf 87' lang='lat' dir='ltr'>Item</span> <span class='ocrx_word' id='word_1_190' title='bbox 299 3016 437 3106; x_wconf 87' lang='lat' dir='ltr'>placuit,</span> <span class='ocrx_word' id='word_1_191' title='bbox 458 3021 543 3106; x_wconf 91' lang='lat' dir='ltr'>quod</span> <span class='ocrx_word' id='word_1_192' title='bbox 563 3021 741 3087; x_wconf 85' lang='lat' dir='ltr'>baccalarii</span> <span class='ocrx_word' id='word_1_193' title='bbox 761 3020 994 3108; x_wconf 87' lang='lat' dir='ltr'>respondentes</span> <span class='ocrx_word' id='word_1_194' title='bbox 1015 3045 1076 3109; x_wconf 93' lang='lat' dir='ltr'>pro</span> <span class='ocrx_word' id='word_1_195' title='bbox 1098 3023 1286 3109; x_wconf 86' lang='lat' dir='ltr'>magisterio</span> <span class='ocrx_word' id='word_1_196' title='bbox 1316 3024 1423 3090; x_wconf 87' lang='lat' dir='ltr'>sexies</span> <span class='ocrx_word' id='word_1_197' title='bbox 1451 3025 1537 3090; x_wconf 91' lang='lat' dir='ltr'>ordi·</span> 
     </span>
     <span class='ocr_line' id='line_1_23' title="bbox 110 3119 1537 3210; baseline 0.004 -26"><span class='ocrx_word' id='word_1_198' title='bbox 110 3121 202 3185; x_wconf 91' lang='lat' dir='ltr'>narie</span> <span class='ocrx_word' id='word_1_199' title='bbox 234 3129 266 3183; x_wconf 90' lang='lat' dir='ltr'>et</span> <span class='ocrx_word' id='word_1_200' title='bbox 299 3130 413 3205; x_wconf 88' lang='lat' dir='ltr'>quater</span> <span class='ocrx_word' id='word_1_201' title='bbox 448 3122 710 3187; x_wconf 85' lang='lat' dir='ltr'>extraordinarie</span> <span class='ocrx_word' id='word_1_202' title='bbox 740 3119 967 3207; x_wconf 88' lang='lat' dir='ltr'>respondeant.</span> <span class='ocrx_word' id='word_1_203' title='bbox 1022 3121 1066 3186; x_wconf 86' lang='lat' dir='ltr'>Et</span> <span class='ocrx_word' id='word_1_204' title='bbox 1095 3122 1170 3187; x_wconf 91' lang='lat' dir='ltr'>illae</span> <span class='ocrx_word' id='word_1_205' title='bbox 1200 3125 1429 3210; x_wconf 88' lang='lat' dir='ltr'>responsiones</span> <span class='ocrx_word' id='word_1_206' title='bbox 1463 3147 1537 3190; x_wconf 90' lang='lat' dir='ltr'>eum</span> 
     </span>
     <span class='ocr_line' id='line_1_24' title="bbox 109 3218 1533 3308; baseline 0.003 -24"><span class='ocrx_word' id='word_1_207' title='bbox 109 3218 296 3285; x_wconf 91' lang='lat' dir='ltr'>nominibus</span> <span class='ocrx_word' id='word_1_208' title='bbox 318 3241 428 3285; x_wconf 90' lang='lat' dir='ltr'>eorum</span> <span class='ocrx_word' id='word_1_209' title='bbox 450 3218 568 3285; x_wconf 89' lang='lat' dir='ltr'>debant</span> <span class='ocrx_word' id='word_1_210' title='bbox 589 3219 744 3302; x_wconf 88' lang='lat' dir='ltr'>inscribi,</span> <span class='ocrx_word' id='word_1_211' title='bbox 766 3220 861 3284; x_wconf 92' lang='lat' dir='ltr'>sicuti</span> <span class='ocrx_word' id='word_1_212' title='bbox 890 3220 1050 3286; x_wconf 87' lang='lat' dir='ltr'>sessiones</span> <span class='ocrx_word' id='word_1_213' title='bbox 1077 3223 1308 3308; x_wconf 86' lang='lat' dir='ltr'>magistrorum</span> <span class='ocrx_word' id='word_1_214' title='bbox 1335 3221 1378 3287; x_wconf 90' lang='lat' dir='ltr'>ad</span> <span class='ocrx_word' id='word_1_215' title='bbox 1399 3222 1533 3288; x_wconf 86' lang='lat' dir='ltr'>faculta-</span> 
     </span>
     <span class='ocr_line' id='line_1_25' title="bbox 110 3316 1535 3410; baseline 0.003 -26"><span class='ocrx_word' id='word_1_216' title='bbox 110 3328 177 3384; x_wconf 89' lang='lat' dir='ltr'>tem</span> <span class='ocrx_word' id='word_1_217' title='bbox 200 3316 434 3406; x_wconf 87' lang='lat' dir='ltr'>eomplenoium</span> <span class='ocrx_word' id='word_1_218' title='bbox 456 3329 699 3385; x_wconf 75' lang='lat' dir='ltr'>consueverunt</span> <span class='ocrx_word' id='word_1_219' title='bbox 725 3341 786 3406; x_wconf 88' lang='lat' dir='ltr'>per</span> <span class='ocrx_word' id='word_1_220' title='bbox 812 3317 967 3384; x_wconf 86' lang='lat' dir='ltr'>famulum</span> <span class='ocrx_word' id='word_1_221' title='bbox 994 3318 1138 3385; x_wconf 88' lang='lat' dir='ltr'>inscribi</span> <span class='ocrx_word' id='word_1_222' title='bbox 1179 3320 1257 3386; x_wconf 90' lang='lat' dir='ltr'>Illas</span> <span class='ocrx_word' id='word_1_223' title='bbox 1279 3322 1384 3386; x_wconf 88' lang='lat' dir='ltr'>eciam</span> <span class='ocrx_word' id='word_1_224' title='bbox 1403 3344 1535 3410; x_wconf 89' lang='lat' dir='ltr'>respou-</span> 
     </span>
     <span class='ocr_line' id='line_1_26' title="bbox 111 3417 1576 3507; baseline 0.003 -25"><span class='ocrx_word' id='word_1_225' title='bbox 111 3419 220 3483; x_wconf 90' lang='lat' dir='ltr'>siones</span> <span class='ocrx_word' id='word_1_226' title='bbox 249 3439 322 3482; x_wconf 90' lang='lat' dir='ltr'>cum</span> <span class='ocrx_word' id='word_1_227' title='bbox 351 3420 535 3505; x_wconf 87' lang='lat' dir='ltr'>magistris,</span> <span class='ocrx_word' id='word_1_228' title='bbox 565 3417 683 3507; x_wconf 89' lang='lat' dir='ltr'>quibus</span> <span class='ocrx_word' id='word_1_229' title='bbox 710 3417 963 3506; x_wconf 74' lang='lat' dir='ltr'>responderumt,</span> <span class='ocrx_word' id='word_1_230' title='bbox 993 3417 1112 3484; x_wconf 89' lang='lat' dir='ltr'>debent</span> <span class='ocrx_word' id='word_1_231' title='bbox 1144 3418 1323 3486; x_wconf 86' lang='lat' dir='ltr'>baccalarii</span> <span class='ocrx_word' id='word_1_232' title='bbox 1355 3420 1576 3488; x_wconf 70' lang='lat' dir='ltr'>inscriberelt</span> 
     </span>
     <span class='ocr_line' id='line_1_27' title="bbox 111 3516 1537 3604; baseline 0.003 -22"><span class='ocrx_word' id='word_1_233' title='bbox 111 3540 190 3582; x_wconf 86' lang='lat' dir='ltr'>suae</span> <span class='ocrx_word' id='word_1_234' title='bbox 218 3516 448 3604; x_wconf 89' lang='lat' dir='ltr'>complecionis</span> <span class='ocrx_word' id='word_1_235' title='bbox 481 3517 650 3600; x_wconf 90' lang='lat' dir='ltr'>scedulae,</span> <span class='ocrx_word' id='word_1_236' title='bbox 683 3541 754 3583; x_wconf 90' lang='lat' dir='ltr'>cum</span> <span class='ocrx_word' id='word_1_237' title='bbox 783 3517 986 3604; x_wconf 89' lang='lat' dir='ltr'>temptamini</span> <span class='ocrx_word' id='word_1_238' title='bbox 1020 3541 1055 3584; x_wconf 88' lang='lat' dir='ltr'>se</span> <span class='ocrx_word' id='word_1_239' title='bbox 1084 3517 1272 3586; x_wconf 89' lang='lat' dir='ltr'>submittere</span> <span class='ocrx_word' id='word_1_240' title='bbox 1302 3517 1463 3586; x_wconf 86' lang='lat' dir='ltr'>voluerint</span> <span class='ocrx_word' id='word_1_241' title='bbox 1483 3521 1537 3586; x_wconf 82' lang='lat' dir='ltr'>vel</span> 
     </span>
     <span class='ocr_line' id='line_1_28' title="bbox 111 3616 1537 3704; baseline 0.002 -22"><span class='ocrx_word' id='word_1_242' title='bbox 111 3618 271 3700; x_wconf 87' lang='lat' dir='ltr'>examini,</span> <span class='ocrx_word' id='word_1_243' title='bbox 293 3616 352 3682; x_wconf 90' lang='lat' dir='ltr'>sub</span> <span class='ocrx_word' id='word_1_244' title='bbox 379 3640 484 3704; x_wconf 90' lang='lat' dir='ltr'>poena</span> <span class='ocrx_word' id='word_1_245' title='bbox 504 3640 569 3683; x_wconf 91' lang='lat' dir='ltr'>non</span> <span class='ocrx_word' id='word_1_246' title='bbox 598 3617 804 3683; x_wconf 88' lang='lat' dir='ltr'>admissionis</span> <span class='ocrx_word' id='word_1_247' title='bbox 833 3626 979 3703; x_wconf 89' lang='lat' dir='ltr'>tempore</span> <span class='ocrx_word' id='word_1_248' title='bbox 1011 3639 1078 3682; x_wconf 87' lang='lat' dir='ltr'>suo.</span> <span class='ocrx_word' id='word_1_249' title='bbox 1131 3617 1175 3684; x_wconf 86' lang='lat' dir='ltr'>Et</span> <span class='ocrx_word' id='word_1_250' title='bbox 1205 3619 1268 3686; x_wconf 88' lang='lat' dir='ltr'>hoe</span> <span class='ocrx_word' id='word_1_251' title='bbox 1297 3618 1384 3685; x_wconf 88' lang='lat' dir='ltr'>idem</span> <span class='ocrx_word' id='word_1_252' title='bbox 1418 3617 1537 3685; x_wconf 89' lang='lat' dir='ltr'>debent</span> 
     </span>
     <span class='ocr_line' id='line_1_29' title="bbox 110 3714 1537 3806; baseline 0.004 -26"><span class='ocrx_word' id='word_1_253' title='bbox 110 3716 220 3781; x_wconf 88' lang='lat' dir='ltr'>facere</span> <span class='ocrx_word' id='word_1_254' title='bbox 241 3714 484 3782; x_wconf 87' lang='lat' dir='ltr'>baccalariandi</span> <span class='ocrx_word' id='word_1_255' title='bbox 505 3727 650 3804; x_wconf 88' lang='lat' dir='ltr'>tempore</span> <span class='ocrx_word' id='word_1_256' title='bbox 672 3718 821 3782; x_wconf 81' lang='lat' dir='ltr'>introitus</span> <span class='ocrx_word' id='word_1_257' title='bbox 849 3717 919 3799; x_wconf 92' lang='lat' dir='ltr'>sui,</span> <span class='ocrx_word' id='word_1_258' title='bbox 945 3716 1178 3783; x_wconf 83' lang='lat' dir='ltr'>conscribendo</span> <span class='ocrx_word' id='word_1_259' title='bbox 1204 3719 1429 3806; x_wconf 87' lang='lat' dir='ltr'>responsiones</span> <span class='ocrx_word' id='word_1_260' title='bbox 1460 3742 1537 3786; x_wconf 87' lang='lat' dir='ltr'>suas</span> 
     </span>
     <span class='ocr_line' id='line_1_30' title="bbox 110 3814 1535 3908; baseline 0.004 -28"><span class='ocrx_word' id='word_1_261' title='bbox 110 3815 296 3881; x_wconf 84' lang='lat' dir='ltr'>ordinarias</span> <span class='ocrx_word' id='word_1_262' title='bbox 318 3826 350 3881; x_wconf 91' lang='lat' dir='ltr'>et</span> <span class='ocrx_word' id='word_1_263' title='bbox 369 3815 646 3884; x_wconf 88' lang='lat' dir='ltr'>extraordinarias</span> <span class='ocrx_word' id='word_1_264' title='bbox 675 3840 748 3883; x_wconf 90' lang='lat' dir='ltr'>eum</span> <span class='ocrx_word' id='word_1_265' title='bbox 775 3814 960 3882; x_wconf 91' lang='lat' dir='ltr'>nominibus</span> <span class='ocrx_word' id='word_1_266' title='bbox 982 3818 1231 3904; x_wconf 89' lang='lat' dir='ltr'>magistrorum,</span> <span class='ocrx_word' id='word_1_267' title='bbox 1254 3817 1371 3907; x_wconf 89' lang='lat' dir='ltr'>quibus</span> <span class='ocrx_word' id='word_1_268' title='bbox 1402 3842 1535 3908; x_wconf 92' lang='lat' dir='ltr'>respon·</span> 
     </span>
     <span class='ocr_line' id='line_1_31' title="bbox 111 3913 1578 4006; baseline 0.003 -25"><span class='ocrx_word' id='word_1_269' title='bbox 111 3913 244 3999; x_wconf 87' lang='lat' dir='ltr'>derunt,</span> <span class='ocrx_word' id='word_1_270' title='bbox 267 3915 311 3980; x_wconf 91' lang='lat' dir='ltr'>ad</span> <span class='ocrx_word' id='word_1_271' title='bbox 333 3916 480 3982; x_wconf 89' lang='lat' dir='ltr'>scedulas</span> <span class='ocrx_word' id='word_1_272' title='bbox 501 3940 579 3983; x_wconf 88' lang='lat' dir='ltr'>suae</span> <span class='ocrx_word' id='word_1_273' title='bbox 599 3916 846 4006; x_wconf 85' lang='lat' dir='ltr'>complecionis,</span> <span class='ocrx_word' id='word_1_274' title='bbox 869 3914 929 3981; x_wconf 89' lang='lat' dir='ltr'>sub</span> <span class='ocrx_word' id='word_1_275' title='bbox 949 3916 1062 3982; x_wconf 88' lang='lat' dir='ltr'>eadem</span> <span class='ocrx_word' id='word_1_276' title='bbox 1084 3938 1199 4004; x_wconf 87' lang='lat' dir='ltr'>poena.</span> <span class='ocrx_word' id='word_1_277' title='bbox 1544 3927 1578 3986; x_wconf 77' lang='lat'>30</span> 
     </span>
    </p>
   </div>
   <div class='ocr_carea' id='block_1_8' title="bbox 106 4203 1576 5081">
    <p class='ocr_par' dir='ltr' id='par_1_9' title="bbox 106 4203 1576 5081">
     <span class='ocr_line' id='line_1_32' title="bbox 195 4203 1538 4282; baseline 0.003 -20"><span class='ocrx_word' id='word_1_278' title='bbox 195 4203 263 4262; x_wconf 82' lang='lat' dir='ltr'>Der</span> <span class='ocrx_word' id='word_1_279' title='bbox 286 4221 381 4279; x_wconf 68' lang='lat' dir='ltr'>panae</span> <span class='ocrx_word' id='word_1_280' title='bbox 402 4203 505 4281; x_wconf 66' lang='lat' dir='ltr'>arripe</span> <span class='ocrx_word' id='word_1_281' title='bbox 531 4205 616 4266; x_wconf 77' lang='lat' dir='ltr'>Tieil</span> <span class='ocrx_word' id='word_1_282' title='bbox 640 4207 695 4264; x_wconf 82' lang='lat' dir='ltr'>der</span> <span class='ocrx_word' id='word_1_283' title='bbox 715 4203 808 4276; x_wconf 80' lang='lat' dir='ltr'>Seite,</span> <span class='ocrx_word' id='word_1_284' title='bbox 839 4205 894 4262; x_wconf 84' lang='lat' dir='ltr'>der</span> <span class='ocrx_word' id='word_1_285' title='bbox 923 4207 1057 4280; x_wconf 75' lang='lat' dir='ltr'>ansoupr</span> <span class='ocrx_word' id='word_1_286' title='bbox 1087 4204 1164 4263; x_wconf 82' lang='lat' dir='ltr'>auct</span> <span class='ocrx_word' id='word_1_287' title='bbox 1195 4203 1381 4266; x_wconf 75' lang='lat' dir='ltr'>beaetrieben</span> <span class='ocrx_word' id='word_1_288' title='bbox 1404 4225 1538 4282; x_wconf 73' lang='lat' dir='ltr'>peruersa</span> 
     </span>
     <span class='ocr_line' id='line_1_33' title="bbox 110 4301 1535 4382; baseline 0.002 -21"><span class='ocrx_word' id='word_1_289' title='bbox 110 4323 187 4377; x_wconf 86' lang='lat' dir='ltr'>war,</span> <span class='ocrx_word' id='word_1_290' title='bbox 218 4302 260 4360; x_wconf 80' lang='lat' dir='ltr'>ist</span> <span class='ocrx_word' id='word_1_291' title='bbox 286 4301 397 4361; x_wconf 84' lang='lat' dir='ltr'>wieder</span> <span class='ocrx_word' id='word_1_292' title='bbox 424 4305 624 4382; x_wconf 75' lang='lat' dir='ltr'>auopekratzt.</span> <span class='ocrx_word' id='word_1_293' title='bbox 667 4303 727 4363; x_wconf 86' lang='lat' dir='ltr'>Die</span> <span class='ocrx_word' id='word_1_294' title='bbox 748 4304 861 4376; x_wconf 83' lang='lat' dir='ltr'>Haud,</span> <span class='ocrx_word' id='word_1_295' title='bbox 887 4303 993 4361; x_wconf 79' lang='lat' dir='ltr'>welete</span> <span class='ocrx_word' id='word_1_296' title='bbox 1015 4303 1165 4362; x_wconf 74' lang='lat' dir='ltr'>diedone</span> <span class='ocrx_word' id='word_1_297' title='bbox 1184 4305 1350 4380; x_wconf 67' lang='lat' dir='ltr'>folgenden</span> <span class='ocrx_word' id='word_1_298' title='bbox 1377 4305 1535 4364; x_wconf 72' lang='grc' dir='ltr'><strong>Ζιιιαιιὸι-</strong></span> 
     </span>
     <span class='ocr_line' id='line_1_34' title="bbox 111 4401 1535 4480; baseline 0.001 -19"><span class='ocrx_word' id='word_1_299' title='bbox 111 4405 247 4462; x_wconf 66' lang='lat' dir='ltr'>saulem</span> <span class='ocrx_word' id='word_1_300' title='bbox 261 4401 453 4480; x_wconf 69' lang='lat' dir='ltr'>eiupetrupen</span> <span class='ocrx_word' id='word_1_301' title='bbox 474 4406 536 4478; x_wconf 80' lang='lat' dir='ltr'>tut,</span> <span class='ocrx_word' id='word_1_302' title='bbox 557 4405 630 4464; x_wconf 80' lang='lat' dir='ltr'>labe</span> <span class='ocrx_word' id='word_1_303' title='bbox 652 4405 698 4462; x_wconf 84' lang='lat' dir='ltr'>iclr</span> <span class='ocrx_word' id='word_1_304' title='bbox 720 4403 752 4462; x_wconf 83' lang='lat' dir='ltr'>in</span> <span class='ocrx_word' id='word_1_305' title='bbox 774 4405 828 4462; x_wconf 85' lang='lat' dir='ltr'>der</span> <span class='ocrx_word' id='word_1_306' title='bbox 849 4401 996 4460; x_wconf 77' lang='lat' dir='ltr'>Matrrlrel</span> <span class='ocrx_word' id='word_1_307' title='bbox 1015 4402 1096 4461; x_wconf 80' lang='lat' dir='ltr'>aiett</span> <span class='ocrx_word' id='word_1_308' title='bbox 1115 4402 1168 4461; x_wconf 85' lang='lat' dir='ltr'>mit</span> <span class='ocrx_word' id='word_1_309' title='bbox 1191 4401 1356 4463; x_wconf 76' lang='lat' dir='ltr'>Siaterteit</span> <span class='ocrx_word' id='word_1_310' title='bbox 1376 4404 1535 4463; x_wconf 80' lang='lat' dir='ltr'>wiederru-</span> 
     </span>
     <span class='ocr_line' id='line_1_35' title="bbox 111 4502 1535 4578; baseline -0.001 -16"><span class='ocrx_word' id='word_1_311' title='bbox 111 4503 262 4562; x_wconf 77' lang='lat' dir='ltr'>erkennen</span> <span class='ocrx_word' id='word_1_312' title='bbox 272 4505 428 4564; x_wconf 77' lang='lat' dir='ltr'>vermoctr.</span> <span class='ocrx_word' id='word_1_313' title='bbox 471 4505 550 4563; x_wconf 80' lang='lat' dir='ltr'>Ater</span> <span class='ocrx_word' id='word_1_314' title='bbox 572 4503 619 4563; x_wconf 85' lang='lat' dir='ltr'>die</span> <span class='ocrx_word' id='word_1_315' title='bbox 630 4503 696 4562; x_wconf 84' lang='lat' dir='ltr'>Zeit</span> <span class='ocrx_word' id='word_1_316' title='bbox 715 4503 798 4562; x_wconf 74' lang='lat' dir='ltr'>ihrer</span> <span class='ocrx_word' id='word_1_317' title='bbox 809 4502 996 4578; x_wconf 70' lang='lat' dir='ltr'>Entrtelunp</span> <span class='ocrx_word' id='word_1_318' title='bbox 1010 4503 1087 4561; x_wconf 76' lang='lat' dir='ltr'>idest</span> <span class='ocrx_word' id='word_1_319' title='bbox 1097 4502 1158 4562; x_wconf 78' lang='lat' dir='ltr'>sicli</span> <span class='ocrx_word' id='word_1_320' title='bbox 1170 4504 1243 4561; x_wconf 78' lang='lat' dir='ltr'>decli</span> <span class='ocrx_word' id='word_1_321' title='bbox 1255 4505 1438 4565; x_wconf 70' lang='lat' dir='ltr'>considered</span> <span class='ocrx_word' id='word_1_322' title='bbox 1451 4504 1535 4562; x_wconf 74' lang='lat' dir='ltr'>aiem·</span> 
     </span>
     <span class='ocr_line' id='line_1_36' title="bbox 109 4600 1576 4684; baseline 0.002 -23"><span class='ocrx_word' id='word_1_323' title='bbox 109 4603 168 4663; x_wconf 76' lang='lat' dir='ltr'>liet</span> <span class='ocrx_word' id='word_1_324' title='bbox 192 4621 293 4679; x_wconf 72' lang='lat' dir='ltr'>panau</span> <span class='ocrx_word' id='word_1_325' title='bbox 315 4602 488 4663; x_wconf 81' lang='lat' dir='ltr'>beotimmen.</span> <span class='ocrx_word' id='word_1_326' title='bbox 538 4605 578 4662; x_wconf 82' lang='lat' dir='ltr'>In</span> <span class='ocrx_word' id='word_1_327' title='bbox 596 4605 660 4662; x_wconf 84' lang='lat' dir='ltr'>dem</span> <span class='ocrx_word' id='word_1_328' title='bbox 681 4600 903 4678; x_wconf 81' lang='lat' dir='ltr'>beiapielaroeiae</span> <span class='ocrx_word' id='word_1_329' title='bbox 924 4620 973 4658; x_wconf 88' lang='lat' dir='ltr'>em</span> <span class='ocrx_word' id='word_1_330' title='bbox 995 4601 1135 4661; x_wconf 72' lang='lat' dir='ltr'>Sullanae</span> <span class='ocrx_word' id='word_1_331' title='bbox 1155 4601 1340 4678; x_wconf 72' lang='lat' dir='ltr'>leigefitqtea</span> <span class='ocrx_word' id='word_1_332' title='bbox 1360 4600 1576 4684; x_wconf 55' lang='lat' dir='ltr'>registrum&amp;</span> 
     </span>
     <span class='ocr_line' id='line_1_37' title="bbox 109 4697 1536 4778; baseline -0.004 -14"><span class='ocrx_word' id='word_1_333' title='bbox 109 4697 261 4764; x_wconf 86' lang='lat' dir='ltr'>lectionis</span> <span class='ocrx_word' id='word_1_334' title='bbox 291 4704 410 4760; x_wconf 78' lang='lat' dir='ltr'>werden</span> <span class='ocrx_word' id='word_1_335' title='bbox 440 4701 487 4761; x_wconf 83' lang='lat' dir='ltr'>die</span> <span class='ocrx_word' id='word_1_336' title='bbox 513 4705 676 4762; x_wconf 79' lang='lat' dir='ltr'>Raetorate</span> <span class='ocrx_word' id='word_1_337' title='bbox 695 4702 833 4761; x_wconf 78' lang='lat' dir='ltr'>Pdlrrer&#39;a</span> <span class='ocrx_word' id='word_1_338' title='bbox 864 4703 927 4759; x_wconf 80' lang='lat' dir='ltr'>und</span> <span class='ocrx_word' id='word_1_339' title='bbox 950 4697 1089 4778; x_wconf 73' lang='lat' dir='ltr'>Ooburq&#39;a</span> <span class='ocrx_word' id='word_1_340' title='bbox 1121 4710 1274 4778; x_wconf 48' lang='lat' dir='ltr'>praenat-</span> <span class='ocrx_word' id='word_1_341' title='bbox 1308 4712 1438 4762; x_wconf 81' lang='lat' dir='ltr'>mrerer</span> <span class='ocrx_word' id='word_1_342' title='bbox 1468 4720 1536 4759; x_wconf 82' lang='lat' dir='ltr'>war</span> 
     </span>
     <span class='ocr_line' id='line_1_38' title="bbox 107 4799 1534 4874; baseline -0.004 -10"><span class='ocrx_word' id='word_1_343' title='bbox 107 4805 223 4864; x_wconf 82' lang='lat' dir='ltr'>Recter</span> <span class='ocrx_word' id='word_1_344' title='bbox 248 4802 326 4866; x_wconf 78' lang='lat'>1487</span> <span class='ocrx_word' id='word_1_345' title='bbox 336 4800 359 4874; x_wconf 65' lang='lat' dir='ltr'>l,</span> <span class='ocrx_word' id='word_1_346' title='bbox 381 4803 518 4862; x_wconf 79' lang='lat' dir='ltr'>letzterer</span> <span class='ocrx_word' id='word_1_347' title='bbox 542 4803 650 4866; x_wconf 73' lang='lat'>14882.</span> <span class='ocrx_word' id='word_1_348' title='bbox 710 4801 813 4860; x_wconf 72' lang='lat' dir='ltr'>Adra</span> <span class='ocrx_word' id='word_1_349' title='bbox 834 4803 881 4860; x_wconf 79' lang='lat' dir='ltr'>ala</span> <span class='ocrx_word' id='word_1_350' title='bbox 902 4799 1033 4858; x_wconf 68' lang='grc' dir='ltr'><strong>δοιιιιιιεν</strong></span> <span class='ocrx_word' id='word_1_351' title='bbox 1057 4799 1135 4866; x_wconf 83' lang='grc'>1488</span> <span class='ocrx_word' id='word_1_352' title='bbox 1157 4801 1274 4860; x_wconf 74' lang='lat' dir='ltr'>konnen</span> <span class='ocrx_word' id='word_1_353' title='bbox 1292 4803 1358 4860; x_wconf 77' lang='lat' dir='ltr'>also</span> <span class='ocrx_word' id='word_1_354' title='bbox 1378 4801 1456 4860; x_wconf 75' lang='lat' dir='ltr'>dicae</span> <span class='ocrx_word' id='word_1_355' title='bbox 1476 4801 1534 4860; x_wconf 83' lang='lat' dir='ltr'>Be-</span> 
     </span>
     <span class='ocr_line' id='line_1_39' title="bbox 109 4899 1531 4978; baseline -0.004 -16"><span class='ocrx_word' id='word_1_356' title='bbox 109 4904 246 4962; x_wconf 76' lang='lat' dir='ltr'>retlttaae</span> <span class='ocrx_word' id='word_1_357' title='bbox 267 4900 349 4960; x_wconf 75' lang='lat' dir='ltr'>nieht</span> <span class='ocrx_word' id='word_1_358' title='bbox 368 4900 441 4972; x_wconf 80' lang='lat' dir='ltr'>seia,</span> <span class='ocrx_word' id='word_1_359' title='bbox 460 4904 524 4961; x_wconf 80' lang='lat' dir='ltr'>aad</span> <span class='ocrx_word' id='word_1_360' title='bbox 543 4901 624 4960; x_wconf 82' lang='lat' dir='ltr'>niett</span> <span class='ocrx_word' id='word_1_361' title='bbox 638 4903 754 4977; x_wconf 68' lang='lat' dir='ltr'>jasper</span> <span class='ocrx_word' id='word_1_362' title='bbox 775 4902 823 4959; x_wconf 81' lang='lat' dir='ltr'>alr</span> <span class='ocrx_word' id='word_1_363' title='bbox 840 4900 929 4978; x_wconf 79' lang='lat'>1490,</span> <span class='ocrx_word' id='word_1_364' title='bbox 951 4918 1009 4958; x_wconf 81' lang='lat' dir='ltr'>oon</span> <span class='ocrx_word' id='word_1_365' title='bbox 1029 4899 1164 4958; x_wconf 71' lang='lat' dir='ltr'>walchem</span> <span class='ocrx_word' id='word_1_366' title='bbox 1183 4899 1281 4958; x_wconf 70' lang='lat' dir='ltr'>caure</span> <span class='ocrx_word' id='word_1_367' title='bbox 1302 4900 1350 4959; x_wconf 80' lang='lat' dir='ltr'>die</span> <span class='ocrx_word' id='word_1_368' title='bbox 1370 4901 1454 4959; x_wconf 81' lang='lat' dir='ltr'>dona</span> <span class='ocrx_word' id='word_1_369' title='bbox 1466 4901 1531 4975; x_wconf 83' lang='lat' dir='ltr'>fol·</span> 
     </span>
     <span class='ocr_line' id='line_1_40' title="bbox 106 4993 1534 5081; baseline 0.003 -25"><span class='ocrx_word' id='word_1_370' title='bbox 106 5003 226 5079; x_wconf 68' lang='lat' dir='ltr'>pendan</span> <span class='ocrx_word' id='word_1_371' title='bbox 255 4999 333 5062; x_wconf 79' lang='lat' dir='ltr'>aiud.</span> <span class='ocrx_word' id='word_1_372' title='bbox 387 5001 503 5060; x_wconf 83' lang='lat' dir='ltr'>Halteu</span> <span class='ocrx_word' id='word_1_373' title='bbox 530 5001 587 5059; x_wconf 84' lang='lat' dir='ltr'>wir</span> <span class='ocrx_word' id='word_1_374' title='bbox 616 5019 679 5058; x_wconf 80' lang='lat' dir='ltr'>uua</span> <span class='ocrx_word' id='word_1_375' title='bbox 704 4999 813 5074; x_wconf 78' lang='lat' dir='ltr'>liuza,</span> <span class='ocrx_word' id='word_1_376' title='bbox 844 5001 916 5058; x_wconf 81' lang='lat' dir='ltr'>duaa</span> <span class='ocrx_word' id='word_1_377' title='bbox 948 4998 988 5058; x_wconf 85' lang='lat' dir='ltr'>im</span> <span class='ocrx_word' id='word_1_378' title='bbox 1013 4999 1110 5058; x_wconf 73' lang='lat' dir='ltr'>Jatre</span> <span class='ocrx_word' id='word_1_379' title='bbox 1143 4997 1244 5066; x_wconf 80' lang='lat' dir='ltr'>1488b</span> <span class='ocrx_word' id='word_1_380' title='bbox 1277 5017 1350 5081; x_wconf 59' lang='lat' dir='ltr'>aeuo</span> <span class='ocrx_word' id='word_1_381' title='bbox 1380 4993 1534 5080; x_wconf 82' lang='lat' dir='ltr'>Registra</span> 
     </span>
    </p>
   </div>
   <div class='ocr_carea' id='block_1_9' title="bbox 200 5223 1040 5302">
    <p class='ocr_par' dir='ltr' id='par_1_10' title="bbox 200 5223 1040 5302">
     <span class='ocr_line' id='line_1_41' title="bbox 200 5223 1040 5302; baseline -0.001 -18"><span class='ocrx_word' id='word_1_382' title='bbox 200 5234 211 5284; x_wconf 91' lang='lat'>1</span> <span class='ocrx_word' id='word_1_383' title='bbox 233 5227 331 5284; x_wconf 87' lang='lat' dir='ltr'>Dieser</span> <span class='ocrx_word' id='word_1_384' title='bbox 346 5227 512 5302; x_wconf 88' lang='lat' dir='ltr'>Paragraph</span> <span class='ocrx_word' id='word_1_385' title='bbox 528 5228 566 5284; x_wconf 86' lang='lat' dir='ltr'>ist</span> <span class='ocrx_word' id='word_1_386' title='bbox 582 5230 675 5298; x_wconf 81' lang='lat' dir='ltr'>spitter</span> <span class='ocrx_word' id='word_1_387' title='bbox 691 5223 903 5283; x_wconf 84' lang='lat' dir='ltr'>durchatriebeu</span> <span class='ocrx_word' id='word_1_388' title='bbox 920 5225 1040 5283; x_wconf 80' lang='lat' dir='ltr'>worden.</span> 
     </span>
    </p>
   </div>
   <div class='ocr_carea' id='block_1_10' title="bbox 0 0 1884 6072">
    <p class='ocr_par' dir='ltr' id='par_1_11' title="bbox 0 0 1884 6072">
     <span class='ocr_line' id='line_1_42' title="bbox 0 0 1884 6072; baseline 0 0"><span class='ocrx_word' id='word_1_389' title='bbox 0 0 1884 6072; x_wconf 95' lang='lat' dir='ltr'> </span> 
     </span>
    </p>
   </div>
  </div>
 </body>
</html>
