3748 6070
613 451 665 506 Dis
682 452 802 508 81818188
820 467 882 506 rom
899 452 982 506 lehre
1000 452 1075 508 1118.
1500 461 1563 526 2711

139 634 310 718 eludentur,
342 656 382 702 ac
409 634 656 702 consuetudines
684 643 774 702 certa
793 637 922 704 ratione
948 634 1151 704 introductas
1178 636 1365 722 observare,
1396 637 1561 706 mandatis

138 737 310 824 prsepositi
342 735 530 802 decentibus
563 735 717 802 oboedire
750 745 782 802 81
812 736 856 802 ad
888 737 1152 802 convocationem
1186 736 1229 802 ab
1262 740 1334 824 ipso
1364 737 1486 804 factam
1516 735 1559 826 [6]

138 836 242 902 venire
261 834 313 900 vel
335 836 448 922 poenis
468 835 504 902 18
524 844 635 900 tenore
656 836 898 902 convocationis
920 836 1086 922 expressis
1105 857 1157 900 me
1178 833 1376 918 submittere,
1392 845 1562 902 stancona

137 933 258 1021 collegii
280 957 344 1000 non
365 933 463 998 velim
486 933 612 998 effutire
631 943 686 998 aut
709 935 865 1018 revelare,
894 935 1022 1000 etiamsi
1043 956 1094 998 me
1117 935 1286 1020 resignare
1307 936 1496 1022 contigerit,
1531 945 1563 1002 ot

137 1032 216 1119 quod
237 1056 309 1100 meo
332 1032 446 1100 ordine
467 1043 500 1098 et
524 1032 596 1100 loco
617 1035 841 1121 praepositum
861 1055 960 1120 agere
980 1041 1011 1100 et
1031 1033 1113 1101 alias
1141 1033 1322 1100 1888118888
1343 1033 1435 1101 obire
1461 1033 1559 1099 velim
1585 1044 1603 1098 5

135 1131 267 1200 fideliter
286 1141 320 1198 81
339 1131 521 1219 diligenter.
553 1131 609 1198 Sic
629 1155 681 1198 me
701 1132 781 1199 deus
801 1133 933 1198 adiuvet
955 1156 1014 1220 per
1037 1131 1296 1221 [aevangelium
1315 1129 1558 1219 888810181-

136 1241 215 1300 stum
234 1233 353 1315 lesum,
375 1231 612 1319 redemptorem
634 1233 808 1298 nostrum“

212 1331 268 1396 VI.
298 1331 444 1413 Quilibet
474 1331 609 1415 electus,
638 1334 708 1396 sive
734 1330 868 1398 Silesius
897 1331 995 1398 finerit
1021 1332 1090 1398 sive
1116 1331 1285 1411 Prutenus,
1315 1332 1421 1418 primo
1451 1353 1562 1398 mense

135 1429 295 1496 electionis
319 1453 395 1497 suae
417 1431 565 1498 instituat
591 1431 765 1520 prandium
794 1430 970 1516 collegiale,
1000 1441 1036 1496 ut
1064 1431 1219 1496 hactenus
1247 1433 1282 1495 in
1308 1453 1398 1496 more
1424 1431 1499 1514 1811,
1529 1441 1561 1496 81

133 1551 204 1596 mox
232 1533 389 1616 praestito
414 1532 594 1596 iuramento
617 1529 783 1618 persolvet
809 1530 888 1595 fisco
918 1529 1046 1616 collegii
1067 1530 1138 1596 flor.
1166 1528 1359 1618 quindecim.
1402 1529 1457 1598 Ad
1477 1539 1559 1596 stro·
1570 1539 1604 1596 10

132 1637 253 1696 cturam
273 1653 352 1696 vero
375 1629 483 1696 Sileeii
503 1629 637 1696 totidem
659 1629 738 1712 flor,
761 1629 921 1695 Protenue
943 1629 1088 1715 duplum,
1109 1639 1166 1694 aut
1187 1630 1216 1694 si
1237 1651 1278 1694 ex
1301 1628 1458 1716 singulari
1479 1629 1559 1695 libe·

131 1727 256 1794 nolitote
280 1729 360 1814 quid
379 1727 542 1795 voluerint
561 1728 711 1816 amplius,
727 1725 770 1818 [7]
786 1739 964 1812 numerent,
989 1751 1064 1794 cum
1085 1750 1143 1815 per
1163 1728 1335 1794 facultates
1356 1728 1491 1812 licuerit,
1511 1729 1559 1794 118

131 1835 237 1892 tamen
258 1837 304 1910 ut,
327 1829 383 1913 881
406 1850 440 1894 se
461 1827 525 1894 alio
546 1829 694 1915 recipiat,
716 1829 806 1915 prius
827 1827 962 1914 collegio
984 1827 1173 1910 satisfaciat,
1194 1850 1292 1914 quam
1313 1826 1437 1894 abeat²

211 1926 286 1994 VH.
320 1927 402 1994 Cum
423 1937 518 2014 turpe
541 1928 584 1992 sit
604 1929 755 2013 ignorare
782 1928 843 2010 188,
865 1929 899 1992 18
921 1950 985 2015 888
1011 1927 1171 1994 versaris:
1199 1926 1273 1992 ideo
1300 1948 1413 1992 recens
1440 1925 1559 1992 8188188

132 2024 254 2113 collega
274 2027 381 2114 primo
401 2048 511 2092 mense
533 2048 611 2092 suae
632 2025 797 2092 electionis
818 2025 966 2114 perlegat
987 2026 1115 2113 collegii
1143 2034 1273 2108 statuta,
1300 2034 1335 2092 81
1363 2028 1455 2108 88181,
1479 2022 1601 2110 881111

132 2147 227 2212 agere
249 2135 282 2190 ct
303 2126 464 2212 quomodo
486 2147 522 2191 ss
541 2147 656 2211 gerere
677 2123 803 2192 debeat

211 2225 301 2291 VIII.
324 2226 453 2292 Nemini
475 2223 591 2290 coelibi
613 2233 708 2290 extra
727 2224 898 2312 collegium
918 2223 1067 2289 habitare
1082 2243 1271 2289 concessum
1287 2231 1357 2290 esto
1375 2224 1445 2288 sine
1464 2223 1560 2310 gravi

134 2323 241 2412 811888
262 2347 376 2408 causa,
398 2326 489 2390 cuius
512 2325 653 2409 cognitio
674 2345 773 2410 penes
794 2323 965 2410 collegium
988 2324 1057 2390 erit.

211 2421 370 2488 Uxoratis
392 2423 555 2489 autemid
579 2433 715 2509 propter
740 2421 803 2490 loci
824 2422 1121 2490 incommoditatem
1143 2431 1175 2487 et
1194 2424 1413 2489 reverentiam
1435 2421 1559 2488 ordinis

132 2543 169 2585 ao
188 2521 332 2608 coniugii
354 2522 545 2608 dignitatem
567 2545 631 2587 888
658 2523 823 2608 gravatim
844 2522 988 2610 permitti
1010 2520 1121 2588 debet:
1151 2521 1198 2586 ita
1218 2529 1328 2586 tamen
1350 2531 1386 2586 ut
1410 2521 1602 2609 frequen-20

132 2629 178 2686 ter
206 2621 342 2686 visitent
372 2621 469 2687 aedes
501 2619 629 2706 collegii
662 2631 694 2685 et
726 2619 838 2687 sedulo
869 2643 936 2686 una
971 2620 1161 2702 observent,
1193 2643 1234 2685 ne
1265 2619 1343 2706 quid
1375 2618 1559 2686 detrimenti

133 2720 261 2807 capiant
282 2730 315 2784 et
336 2721 444 2785 omnia
465 2716 509 2807 [8]
531 2721 593 2786 rite
615 2730 648 2786 81
668 2720 801 2786 honeste
822 2721 856 2784 in
875 2721 916 2784 iis
936 2729 1147 2806 peragantur.
1188 2719 1225 2785 Si
1246 2722 1345 2786 ctiam
1365 2719 1483 2786 horum
1502 2718 1559 2786 ali·

132 2820 201 2904 quie
229 2821 438 2908 praepositus
465 2819 576 2902 fuerit,
605 2843 679 2884 cum
706 2842 770 2886 888
797 2819 993 2905 reliquorum
1022 2817 1219 2905 collegarum
1248 2827 1340 2906 agat,
1372 2820 1428 2906 881
1454 2820 1560 2884 vicem

131 2918 231 3005 ipsius
259 2928 355 3004 gerat
379 2928 411 2984 81
436 2917 616 3003 collegium,
645 2917 775 3006 quando
800 2941 882 3005 opus
909 2919 961 2998 sit,
990 2929 1162 2983 convocet:
1191 2919 1247 3005 qui
1273 2920 1372 2984 etiam
1398 2917 1561 2984 custodiat

133 3017 281 3102 sigillum,
309 3027 429 3084 statuta
450 3027 483 3084 et
504 3018 569 3083 8118
589 3016 633 3082 ad
655 3016 825 3102 collegium
848 3016 1053 3103 pertinentia,
1075 3039 1116 3080 ne
1136 3038 1208 3082 cum
1230 3015 1375 3105 periculo
1403 3039 1486 3102 quas
1505 3015 1600 3084 88115

133 3117 238 3180 efferri
260 3115 312 3182 vel
335 3125 429 3183 extra
450 3119 567 3182 tentari
590 3139 723 3182 necesse
745 3117 804 3200 eit;
827 3114 946 3202 detque
966 3136 1110 3201 operam,
1131 3125 1165 3178 ut
1187 3114 1359 3201 collegium
1378 3117 1463 3182 18818
1477 3125 1556 3182 tem-

133 3235 209 3302 pore
226 3213 395 3280 claudatur
416 3225 448 3280 81
468 3217 651 3303 aperiatur3
673 3214 881 3300 eiusdemque
900 3215 1135 3299 inspectionem
1156 3237 1238 3302 prae
1256 3215 1372 3280 ceteris
1389 3214 1452 3280 sibi
1474 3237 1558 3280 com·

133 3313 314 3382 mandatam
335 3315 462 3381 habeat.

211 3413 270 3480 lx
299 3413 374 3495 Quo
395 3415 530 3503 quisque
551 3413 664 3480 ordine
686 3412 806 3478 electus
827 3411 897 3494 1811,
918 3433 990 3476 cum
1012 3433 1141 3500 semper
1163 3410 1313 3478 observet
1334 3434 1409 3478 cum
1428 3411 1463 3478 in
1483 3433 1557 3478 con·

134 3511 279 3580 ventibus
308 3523 376 3578 tum
403 3516 438 3578 in
465 3536 579 3580 mensa
607 3521 639 3578 ct
669 3511 742 3578 aliis
772 3511 909 3598 negotiis
940 3509 1084 3595 collegii3
1113 3533 1173 3576 888
1201 3513 1372 3599 quiequam
1401 3509 1600 3578 denectetao

134 3601 262 3697 operam
283 3635 375 3680 suam
396 3613 530 3698 collegio
550 3613 664 3699 quavis
686 3613 719 3676 in
740 3632 786 3693 re,
808 3609 904 3676 modo
926 3608 1104 3696 aequalitas
1124 3619 1281 3676 servetur.

211 3728 253 3794 X.
277 3729 360 3796 Cum
380 3728 618 3796 incommodum
636 3729 678 3792 sit
699 3728 838 3810 omnino,
858 3736 895 3791 nt
909 3721 953 3812 [9]
968 3723 1104 3811 singulis
1126 3725 1337 3792 semestribus
1352 3727 1558 3814 praepositus

134 3837 277 3911 mutetur,
307 3828 454 3896 volumus
481 3829 515 3893 18
537 3838 716 3915 postorum,
747 3849 888 3892 annuam
916 3824 1004 3890 111188
1034 3846 1106 3890 8888
1135 3825 1456 3894 administrationem.
1492 3825 1557 3893 Dc-

134 3927 268 4014 signatio
288 3951 367 3994 vero
387 3921 442 3994 liet
461 3928 534 4015 ipso
556 3926 645 3994 Galli
666 3927 719 3992 die
743 3936 799 3992 sut
820 3927 964 3992 circiter:
991 3947 1033 3990 ne
1053 3935 1163 3990 tamen
1182 3925 1269 3992 ultra
1290 3925 1465 4009 octiduum,
1493 3927 1558 3992 nisi

133 4047 247 4114 magna
283 4025 395 4112 811888
425 4028 617 4093 necessitate
650 4034 800 4113 urgente,
836 4023 1057 4112 protrahatur,
1092 4023 1151 4089 sub
1187 4047 1294 4112 poena
1324 4027 1420 4091 unius
1452 4036 1599 4093 8888835

133 4147 321 4214 sexagenas.

608 4259 839 4310 maustauron
860 4255 1075 4306 PRAEPOSITI.

104 4363 109 4372 ’
209 4373 305 4462 „Ego
327 4375 375 4440 .N.
395 4375 476 4457 iuro,
499 4372 585 4462 quod
604 4377 774 4462 pecuniam
795 4372 933 4459 collegii,
956 4395 1040 4460 quae
1058 4375 1092 4437 18
1114 4393 1229 4438 manus
1250 4395 1340 4438 meas
1362 4374 1557 4461 pervenerit,

132 4473 224 4539 velim
253 4473 426 4561 diligenter
453 4472 615 4538 custodire
643 4483 676 4540 81
703 4473 861 4540 lideliter⁸
889 4471 1093 4557 distribuere,
1124 4470 1300 4538 secundum
1329 4472 1558 4538 indicationem

214 4713 225 4764 1
246 4707 347 4763 Dicin
365 4705 528 4762 Klnmmarn
545 4705 757 4777 gesehlossenen
773 4706 872 4762 Worte
895 4704 957 4759 sind
981 4703 1069 4759 durch
1090 4707 1294 4775 untergesstzte
1319 4703 1431 4759 Pnnkte
1457 4703 1559 4776 gatilgt

131 4792 184 4846 und
200 4797 269 4848 ststt
285 4790 428 4846 derselben
446 4807 502 4846 von
519 4788 663 4845 der-selben
682 4790 765 4844 Haud
783 4790 827 4845 die
842 4791 938 4845 Worts
956 4788 1094 4842 01881181
1113 4805 1140 4845 u.
1159 4805 1180 4843 s.
1200 4806 1231 4842 w.
1250 4786 1383 4843 daruntar
1398 4791 1512 4858 gesetst.

213 4876 302 4932 enm
326 4875 437 4930 Raude:
468 4873 606 4928 Senam
628 4873 681 4928 ltoc
702 4875 830 4928 88881881
852 4873 1024 4927 (1881881888
1045 4871 1213 4942 collegarum
1237 4889 1367 4928 88888888
1389 4889 1463 4925 moso
1493 4875 1556 4928 tela

130 4977 214 5016 818888
231 4961 331 5031 Aprili
346 4961 388 5015 118
405 4965 602 5030 pmmramm:
627 4959 740 5013 11188188
756 4959 787 5012 iu
806 4958 939 5026 collegam
957 4957 1095 5027 promito
1113 4957 1265 5012 iarcnwato
1279 4955 1421 5026 88881881
1435 4972 1558 5026 proepo-

130 5043 707 5113 compromittentium,
726 5039 1003 5112 Pmomuaipam.

211 5135 227 5186 1
248 5127 349 5183 Hintcr
366 5127 468 5184 diessm
486 5125 585 5181 Worte
602 5123 652 5180 hst
669 5123 769 5180 Christ
785 5123 944 5194 Preibisins,
962 5123 1011 5180 dar
1032 5129 1096 5181 loto
1114 5123 1217 5179 Probet
1233 5139 1297 5190 var,
1315 5137 1361 5175 nm
1378 5123 1477 5179 Raude
1495 5122 1556 5178 hin·
