3794 6060
279 350 319 412 24
728 347 780 397 Die
797 345 980 397 Reformation
998 359 1060 396 vom
1078 345 1161 396 Jahre
1182 348 1254 397 ttst.

190 521 197 532 ’
280 529 401 615 exigua
421 527 546 593 decano
566 526 726 611 videatur,
746 529 861 615 puniat
882 527 1169 592 contrafacientem
1186 546 1293 612 poena
1315 525 1480 588 carentiae
1500 531 1576 588 actu
1596 541 1709 607 regen·

279 629 346 694 tiae
372 625 426 693 vel
457 627 677 714 suspensionis
700 626 743 690 ab
771 626 899 691 actibus
929 625 1109 691 scolasticis
1137 646 1263 690 necnon
1292 623 1515 688 emolumentis
1541 618 1710 686 facultatis

280 727 410 791 artium
452 727 497 791 Et
518 728 546 791 si
567 725 683 813 aliquis
705 727 934 811 magistrorum
955 722 1140 791 huiusmodi
1161 745 1301 810 poenam
1321 745 1387 787 nou
1408 721 1573 786 curaverit
1592 741 1655 784 uec
1676 741 1711 784 se

281 827 411 890 statutis
434 825 723 911 obtemperaverit,
747 847 807 912 pro
828 826 980 910 ingressu
1001 823 1044 888 ad
1073 823 1244 890 consilium
1266 820 1430 887 facultatis
1451 821 1570 885 artium
1592 839 1710 906 perpe-

256 932 338 990 5tuo
361 924 404 989 sit
424 945 464 987 ac
484 933 650 1010 reputetur
671 922 813 988 inabilia.
854 922 899 987 Et
919 943 1013 988 nemo
1035 922 1079 987 ad
1108 920 1237 1009 publice
1263 919 1492 986 resumendum
1519 918 1711 984 admittatur

281 1023 316 1086 in
338 1043 530 1111 quacunque
549 1021 721 1105 facultate,
743 1024 808 1088 uisi
827 1023 863 1087 in
885 1021 999 1087 eadem
1022 1020 1176 1086 facultate
1198 1022 1241 1086 sit
1270 1029 1456 1108 promotus,
1479 1018 1567 1107 quod
1587 1017 1710 1104 legitti-

282 1121 343 1187 mis
366 1121 567 1188 documentis
589 1131 620 1186 et
640 1121 890 1208 probationibus
911 1120 1029 1187 dooere
1051 1120 1223 1187 tenebitur.

334 1341 385 1405 23·
405 1355 453 1402 DE
475 1353 596 1402 cultris
618 1355 906 1403 RESUMPTORIBUS
928 1356 996 1403 PER
1016 1353 1249 1403 FACULTATEM
1270 1352 1403 1400 naulum
1423 1352 1658 1402 DEPUTANDIS.

364 1490 521 1558 Volumus
543 1501 576 1556 et
597 1490 799 1568 ordinamus,
822 1491 910 1579 quod
929 1491 1067 1557 facultas
1088 1493 1206 1556 artium
1230 1488 1374 1577 qualibet
1396 1491 1580 1555 mutacione
1603 1499 1710 1555 certos

243 1591 457 1676 tomagistros
479 1589 523 1655 ad
546 1590 608 1656 hoc
630 1589 776 1676 ydoneos
797 1592 831 1655 in
852 1591 905 1656 vel
934 1601 1030 1656 extra
1058 1589 1228 1657 consilium
1253 1587 1418 1656 facultatis
1443 1588 1577 1676 deputet
1606 1597 1640 1654 et
1659 1611 1711 1654 or·

281 1687 381 1772 diuet,
401 1711 538 1776 quorum
558 1711 641 1752 unus
663 1689 704 1753 in
726 1691 997 1772 grammatica
1020 1690 1188 1755 Donatum
1210 1687 1263 1752 vel
1274 1697 1384 1774 partes
1399 1687 1604 1770 Allexandri,
1627 1687 1712 1753 alius

281 1789 323 1852 in
343 1786 486 1874 logica
507 1787 679 1875 parvulum
700 1787 804 1853 loioae
822 1788 874 1854 vel
896 1788 1072 1854 summulas
1086 1788 1178 1854 Petri
1189 1788 1332 1874 Hispani
1346 1797 1402 1852 aut
1421 1785 1520 1852 aliam
1540 1789 1713 1852 materiam

281 1885 455 1972 regulatim
474 1888 510 1952 in
528 1887 624 1970 loica,
646 1886 729 1952 alius
749 1887 789 1951 iu
810 1889 994 1952 retorica
1012 1888 1145 1954 modum
1165 1885 1558 1973 epistolaudi‚alinsvero
1579 1887 1620 1951 in
1643 1908 1712 1950 na·

281 1985 413 2051 turali
433 1985 706 2073 philosophia
726 1986 899 2072 parvulum
920 1985 1149 2074 philosophiae
1178 1985 1337 2051 neutralis
1359 1994 1416 2051 aut
1436 1985 1535 2051 aliurn
1558 2008 1710 2073 compen·

241 2082 409 2149 ltdiosum
428 2084 573 2150 libellum
595 2087 628 2149 in
648 2084 761 2150 eadem
782 2085 993 2172 philosophia
1022 2095 1262 2172 comportatum
1281 2094 1337 2149 aut
1359 2084 1628 2171 comportandum
1650 2109 1710 2173 pu·

282 2181 367 2248 blioe
389 2184 423 2247 in
445 2183 553 2271 aliquo
576 2183 784 2270 collegiorum
801 2194 955 2268 resumat,
979 2195 1011 2250 et
1030 2187 1065 2250 in
1083 2184 1260 2271 praedictis
1281 2185 1427 2249 materiis
1447 2206 1522 2249 suos
1543 2183 1711 2250 auditores

284 2279 457 2367 diligenter
478 2305 518 2346 ao
537 2283 821 2348 limdamentaliter
843 2284 985 2366 erudiat,
1013 2307 1078 2349 una
1098 2283 1152 2348 die
1173 2281 1371 2348 declarando
1399 2290 1431 2347 et
1458 2280 1525 2348 alia
1550 2283 1604 2348 die
1633 2304 1711 2348 exa·

284 2379 448 2446 minando.
496 2381 542 2446 Et
570 2381 676 2447 nullus
707 2381 1053 2464 baocalariandorum,
1090 2385 1235 2468 exceptis
1266 2381 1331 2446 illis
1360 2382 1415 2469 qui
1441 2383 1476 2446 in
1504 2381 1711 2469 paedagogio

285 2480 445 2544 stanciam
465 2478 603 2562 habent,
632 2483 688 2568 qui
712 2480 832 2546 talibus
858 2490 933 2546 sunt
951 2483 1076 2568 provisi
1103 2479 1378 2569 resumptionibus
1406 2502 1465 2567 per
1497 2490 1711 2548 conventores

242 2576 417 2662 20ibidem,
439 2577 482 2643 ad
502 2600 641 2644 examen
663 2578 862 2663 admittatur,
884 2582 947 2645 nisi
969 2581 1151 2646 huiusmodi
1174 2581 1410 2666 resumptiones
1431 2581 1465 2644 in
1485 2582 1711 2666 grammatica,

282 2675 386 2760 loica,
411 2677 575 2742 rethorica
603 2688 636 2742 et
660 2677 870 2766 philosophia
897 2679 1039 2744 naturali
1067 2680 1181 2745 saltem
1211 2679 1309 2744 semel
1337 2678 1510 2764 diligenter
1537 2679 1710 2746 audiverit

282 2777 328 2842 Et
347 2784 386 2842 ut
408 2776 449 2840 de
470 2776 532 2842 hoc
553 2787 701 2842 constare
721 2780 839 2864 possit,
863 2776 959 2842 debet
983 2777 1118 2845 audiens
1140 2802 1161 2844 a
1179 2777 1437 2864 resumptoribus
1458 2780 1540 2866 ipsis
1562 2782 1710 2865 recogni-

284 2877 406 2942 tionem
430 2875 604 2941 auditionis
626 2876 811 2942 huiusmodi
832 2887 962 2942 actuum
983 2877 1144 2962 obtinere,
1178 2886 1211 2942 et
1230 2889 1377 2963 tempore
1401 2875 1655 2964 dispensationis
1676 2881 1712 2944 in

284 2973 417 3040 scedula
438 2997 498 3039 sua
519 2997 629 3040 coram
649 2975 803 3041 facultate
825 2976 1048 3042 demonstrare
1069 2987 1101 3041 et
1121 2975 1286 3041 exhibere.
1327 2975 1512 3063 Deputatus
1526 2987 1635 3043 tamen
1650 3001 1711 3065 pro

240 3072 533 3139 25rethoricalibus
555 3075 757 3140 resumendis
779 3076 821 3140 sit
843 3076 946 3142 solum
968 3077 1120 3142 astrictus
1141 3075 1184 3140 ad
1204 3073 1430 3139 resumendum
1444 3097 1509 3140 una
1522 3075 1604 3142 hora
1620 3076 1709 3142 dum·

282 3181 377 3240 taxat
398 3171 513 3238 diebus
532 3173 675 3256 festivis,
698 3173 841 3241 sednon
862 3175 922 3242 sub
945 3173 1170 3264 disputacione
1192 3174 1360 3240 ordinaria
1387 3173 1440 3238 vel
1468 3175 1528 3241 sub
1550 3197 1711 3242 sermone.

449 3376 499 3438 24.
527 3391 575 3438 DE
597 3390 780 3440 MAGISTRIS
801 3391 848 3440 ΑΙ)
871 3392 1059 3442 consumit
1078 3391 1294 3441 racunrauls
1315 3391 1544 3440 RECIPIENDIS.

364 3524 563 3592 Ordinamus
585 3539 683 3616 atque
705 3528 867 3612 volumus,
897 3530 984 3617 quod
1003 3531 1109 3596 nullus
1137 3530 1369 3615 magistrorum
1398 3527 1441 3593 ad
1473 3529 1642 3594 consilium
1663 3530 1710 3595 fa-

280 3621 410 3688 cultatis
434 3629 552 3691 artium
575 3629 768 3712 recipiatur,
789 3630 853 3692 nisi
874 3631 966 3696 iuxta
987 3640 1109 3695 statuta
1130 3628 1274 3694 eiusdem
1301 3626 1466 3692 facultatis
1498 3627 1711 3714 compleverit

239 3731 316 3788 suet
337 3732 488 3788 octavum
511 3727 561 3790 sui
582 3727 763 3810 magisterii
785 3750 905 3792 annum
925 3729 1017 3794 iuxta
1039 3731 1250 3795 novissimam
1271 3727 1431 3814 principis
1453 3726 1636 3793 fimdatoris
1659 3749 1709 3793 or·

281 3821 481 3886 dinationem
503 3822 599 3910 plene
619 3825 765 3910 attigerit
787 3835 822 3890 et
841 3848 912 3891 seso
933 3828 968 3891 in
987 3829 1112 3894 actibus
1132 3826 1313 3894 scolasticis
1328 3825 1477 3913 legendo,
1501 3824 1709 3912 disputando,

281 3920 464 3987 exercendo
492 3931 525 3988 et
549 3922 742 3990 resumendo
770 3946 828 4012 per
854 3924 1037 3992 huiusmodi
1060 3937 1186 4015 tempus
1210 3925 1378 3992 octennale
1398 3925 1571 4012 diligenter
1592 3933 1625 3990 et
1644 3925 1709 3990 fru-

281 4030 392 4087 ctuose
417 4025 660 4107 exercitaverit,
689 4025 736 4090 ita
759 4023 846 4112 quod
872 4026 1091 4092 verisimiliter
1117 4027 1158 4093 de
1187 4050 1224 4094 eo
1250 4034 1493 4113 praesumatur,
1522 4024 1610 4112 quod
1639 4046 1709 4090 sco-

280 4121 414 4186 lasticus
446 4121 590 4188 moribus
621 4145 749 4212 quoque
778 4124 1042 4190 commendabilis
1072 4128 1201 4191 existat.
1242 4125 1286 4190 Et
1313 4126 1341 4189 si
1372 4125 1406 4188 in
1434 4123 1545 4211 aliqua
1572 4125 1709 4189 nacione

240 4220 429 4286 ssdefeetus
445 4222 676 4307 magistrorum
697 4222 799 4306 foret,
822 4231 940 4286 extunc
966 4223 1150 4290 huiusmodi
1175 4235 1302 4311 tempus
1332 4225 1528 4311 receptionis
1550 4225 1644 4288 iuxta
1662 4223 1709 4288 fa·

283 4320 411 4386 cultatis
433 4321 551 4385 artium
573 4319 801 4386 discretionem
823 4329 855 4386 et
876 4325 1093 4409 cognitionem
1119 4324 1294 4411 anticipari
1315 4331 1348 4386 et
1370 4321 1557 4387 abbreviari
1579 4324 1710 4409 poterit

308 4526 360 4588 25.
380 4538 428 4585 ou
451 4537 635 4586 morsurus
655 4537 810 4587 miracu
831 4505 1113 4588 uurvnusruirun
1132 4538 1353 4587 uucnmunrs
1374 4539 1421 4587 su
1442 4537 1679 4588 racuursrun

923 4639 1067 4687 aaaron.

363 4769 537 4850 Volumus,
568 4766 656 4854 quod
676 4765 782 4832 nullus
802 4769 1035 4854 magistrorum
1061 4767 1193 4832 alterius
1213 4769 1435 4834 universitatis
1457 4767 1501 4833 ad
1521 4767 1710 4834 facultatem

239 4872 402 4938 toartium
422 4877 621 4950 assumatur,
651 4866 716 4965 nisi
736 4867 827 4952 prius
846 4869 882 4933 in
912 4869 976 4934 hac
1001 4866 1213 4932 universitate
1239 4866 1283 4931 ad
1311 4877 1434 4932 certum
1460 4878 1604 4955 tempus,
1631 4878 1711 4955 puta

281 4970 326 5035 ad
347 4967 473 5035 dimidii
495 4967 573 5032 anni
601 4967 758 5052 spacium,
782 4969 907 5032 steterit
928 4976 961 5032 et
982 4964 1128 5031 moribus
1149 4987 1190 5030 ac
1209 4967 1279 5030 vita
1297 4965 1455 5032 laudabili
1478 4965 1708 5053 comprobatus
