3794 6066
694 367 813 464 Libellai
833 411 992 462 formularis.
1497 413 1555 478 137

371 600 438 663 113.
468 611 587 662 roauu
607 612 676 663 sno
697 611 1019 680 v1cucuvcsnnua10
1042 611 1088 658 uo
1110 608 1315 659 srrscorun.

206 725 494 792 Reverendissime
514 729 549 792 in
570 727 700 794 Christo
720 737 814 815 pater
835 711 874 792 ac
892 727 1045 813 princeps
1065 726 1300 792 illustrissime!
1323 728 1396 793 Non
1417 727 1554 794 arbitra-

126 851 203 892 mur
212 827 509 892 reverendissimae
519 835 649 892 vestrae
660 826 843 892 celsitudini
854 824 1095 912 inexploratum
1108 824 1190 890 illud
1202 849 1273 892 esse
1285 825 1555 907 vicecancellarii,

127 949 221 1014 quem
248 927 526 991 reverendissima
553 936 664 992 vestra
691 927 872 1012 paternitas
898 926 933 989 in
949 925 1057 990 locum
1079 948 1175 990 suum
1198 947 1259 1011 pro
1281 927 1431 992 creandis
1454 925 1556 1010 magi·

127 1027 200 1090 stris
229 1027 448 1108 constituerit,
475 1025 632 1106 officium,
658 1034 695 1090 ut
720 1048 780 1113 pro
793 1023 971 1090 ‘facultatis
1000 1035 1132 1090 nostrae
1162 1027 1394 1092 consuetudine
1413 1049 1492 1092 mox
1514 1022 1583 1089 abt

126 1125 271 1190 omnium
295 1133 480 1192 sanctorum
499 1125 581 1190 festo
605 1146 680 1190 cum
702 1123 886 1189 candidatis
908 1146 968 1211 pro
988 1125 1187 1210 magisterio,
1212 1126 1316 1214 siqui
1338 1137 1469 1214 praesto
1488 1125 1556 1190 fue·

127 1225 202 1306 rint,
224 1235 378 1310 repetere
393 1234 426 1288 ct
446 1245 598 1289 exercere
618 1233 776 1288 teneatur.
806 1224 932 1288 Partim
951 1245 992 1287 ne
1013 1224 1189 1288 iuventutis
1212 1224 1320 1289 stridia
1342 1249 1458 1312 parum
1480 1247 1554 1311 pro-

126 1345 259 1388 movere
289 1321 477 1405 videamur,
505 1324 625 1411 partim
652 1345 694 1388 ne
719 1323 778 1388 has
805 1322 858 1388 vel
883 1323 1004 1388 similes
1025 1343 1122 1386 voces
1143 1325 1336 1409 praesertim
1358 1325 1420 1391 hoc
1441 1333 1553 1389 nostro

128 1423 258 1488 sacculo
281 1419 369 1510 [55⁵]
392 1422 506 1488 crebro
529 1422 643 1488 audire
664 1444 837 1510 cogamur,
864 1421 908 1488 ad
927 1422 1053 1488 animos
1074 1431 1259 1487 nostrorum
1279 1423 1472 1489 imbuendos
1493 1445 1553 1488 nos

127 1543 253 1607 segnes,
276 1521 322 1586 ad
344 1543 414 1586 rem
435 1521 512 1586 iero
533 1519 718 1586 faciendam
739 1521 908 1608 expeditos
933 1531 1001 1603 etc,
1026 1521 1112 1609 quod
1134 1523 1298 1586 neminem
1319 1521 1381 1587 hoc
1402 1545 1487 1588 anno
1511 1520 1553 1586 ad
1566 1530 1598 1586 10

125 1621 210 1687 hunc
227 1643 334 1708 usque
357 1619 451 1702 diem,
474 1623 530 1708 qui
551 1621 616 1685 tale
638 1621 717 1706 quid
738 1619 1028 1686 reverendissimae
1046 1631 1175 1685 vestrae
1198 1623 1401 1707 paternitatis
1421 1623 1551 1686 nomine

127 1720 300 1785 nobiscum
321 1721 507 1806 praestarit,
535 1721 744 1806 agnovimus,
765 1743 958 1808 praecamur
980 1722 1114 1784 summis
1136 1721 1299 1807 precibus,
1321 1743 1384 1808 quo
1405 1741 1554 1786 reveren-

127 1819 262 1885 dissima
287 1828 400 1884 vestra
422 1818 609 1901 dominatio,
632 1842 731 1908 quam
752 1821 891 1907 primum
914 1819 949 1883 id
964 1819 1036 1884 lieri
1057 1829 1173 1906 potest,
1190 1820 1491 1885 vicecancellarium
1512 1817 1555 1882 ad

128 1941 185 1984 nos
215 1921 348 1984 mittere
376 1927 433 1983 aut
458 1918 557 1984 alicui
581 1918 750 1984 nobiscum
774 1917 908 1984 eandem
929 1920 1131 2006 provinciam
1153 1916 1305 2005 delegare
1327 1918 1493 2005 dignatum,
1520 1927 1556 1983 ut

128 2018 310 2105 periculoso
333 2018 394 2083 hoc
416 2017 544 2084 sacculo
565 2041 617 2083 res
639 2017 804 2084 facultatis
825 2027 957 2084 nostrae
979 2029 1142 2104 utcunque
1160 2019 1349 2084 conservari
1360 2027 1392 2083 et
1402 2019 1553 2105 insigniri
1565 2027 1595 2083 15

128 2117 297 2182 nobiscum
328 2116 504 2184 volentium
536 2115 645 2183 studia
665 2117 727 2182 hoc
746 2117 860 2183 melius
881 2119 1067 2204 promoveri
1088 2119 1223 2205 possint.
1271 2117 1449 2204 Speremus
1470 2119 1556 2182 enim

127 2215 369 2302 magistrandos
397 2215 490 2281 nobis
517 2217 587 2282 fore
615 2213 667 2303 [56
675 2213 700 2303 ⁸]
732 2239 928 2304 quamquam
955 2238 1156 2303 perpaucos,
1190 2217 1253 2281 hiis
1288 2239 1347 2282 uos
1375 2227 1554 2305 nostraque

128 2318 236 2380 omnia
257 2315 499 2381 illustrissimae
520 2324 649 2381 vestrae
670 2317 796 2398 gratiae
816 2315 1089 2383 commendantes.
1134 2317 1243 2381 Datae
1263 2315 1409 2404 Lypsiae
1421 2325 1491 2403 etc.

435 2487 502 2550 114.
538 2499 704 2548 nonnum
726 2499 864 2546 courna
888 2499 1060 2548 amoenos
1081 2499 1248 2548 ramosos.

210 2614 297 2680 Cum
317 2613 430 2680 divina
450 2624 483 2680 et
505 2614 648 2680 humana
668 2615 740 2679 iura
753 2613 879 2680 libellos
895 2615 1037 2680 famosos
1054 2637 1227 2700 eorumque
1238 2625 1386 2682 auctores
1400 2614 1595 2680 damnenttt]

128 2721 159 2776 et
188 2724 385 2782 execrentur
411 2712 572 2801 nobisque
598 2713 746 2778 omnibus
774 2736 794 2778 a
820 2737 886 2780 non
906 2713 1021 2780 leviter
1042 2715 1164 2780 offenso
1187 2716 1335 2802 principe
1358 2715 1555 2800 gravissima

128 2812 275 2898 pericula
298 2814 500 2896 immineant,
521 2813 660 2878 Ioannes
674 2812 853 2878 Reuschius
876 2823 946 2895 etc,
969 2821 1085 2896 rector,
1108 2813 1243 2878 mandat
1265 2813 1413 2880 omuibus
1435 2823 1467 2878 et
1489 2815 1552 2878 sin·
1634 2843 1637 2850 ·

127 2911 211 2994 gulis
232 2913 418 2998 magistris,
446 2909 651 2994 doctoribus,
682 2912 834 2978 admissis
862 2911 1086 2979 baccalaureis
1116 2913 1313 3000 reliquisque
1334 2913 1489 2996 alumnis,
1518 2923 1555 2978 ut

127 3031 190 3074 non
218 3010 325 3076 solum
354 3011 480 3077 libellos
507 3011 651 3076 famosos
680 3012 746 3097 ipsi
772 3033 837 3075 nou
866 3011 988 3077 cudant
1009 3013 1176 3098 bonosque
1197 3013 1285 3077 viros
1309 3016 1467 3079 conviciis
1490 3035 1554 3078 non

128 3109 359 3194 proscindant,
380 3111 438 3176 sed
459 3110 502 3175 ab
525 3111 668 3175 omnium
690 3109 888 3192 libellorum,
915 3110 1034 3197 quibus
1053 3111 1338 3176 indiscriminatim
1360 3135 1381 3176 a
1402 3113 1594 3198 pessimis25

129 3231 225 3295 saepe
256 3207 336 3274 boni
362 3211 451 3276 fama
471 3209 710 3296 periclitantur,
738 3219 771 3273 et
794 3211 864 3274 eius
885 3211 1105 3294 potissimum,
1134 3231 1198 3294 quo
1220 3209 1368 3276 dominus
1390 3211 1502 3276 Benno
1524 3220 1556 3275 et

127 3307 321 3374 Antichristi
355 3321 387 3374 ct
422 3309 657 3376 Oscodemonis
689 3309 818 3373 nomine
848 3307 1054 3392 denigratur,
1088 3332 1166 3392 usu,
1201 3308 1356 3392 lectione,
1393 3310 1554 3395 emptione

128 3403 211 3495 [56¹³]
243 3417 277 3472 et
305 3409 492 3474 venditione
518 3408 581 3474 sibi
603 3417 783 3494 temperent
803 3427 940 3492 eumque
961 3406 1013 3471 vel
1036 3408 1196 3474 eiusmodi
1216 3407 1342 3473 libellos
1365 3408 1552 3489 dilacerent,

128 3507 185 3572 sub
208 3530 319 3594 poena
340 3508 533 3575 exclusionis
556 3507 607 3572 vel
628 3505 837 3592 relegationis
860 3528 921 3592 pro
944 3507 1128 3572 conditione
1150 3507 1268 3573 delicti.
1306 3515 1391 3576 1524.

487 3678 556 3740 115.
590 3691 710 3740 rosus
732 3690 889 3738 nannum
910 3692 947 3738 m
967 3691 1026 3736 nm
1049 3689 1199 3740 scansis.
1562 3681 1597 3738 30

205 3792 349 3856 Ioannes
366 3787 547 3854 Reuschius
569 3789 749 3872 Fontanus,
770 3811 851 3874 mgr.
873 3799 943 3871 etc,
965 3787 1146 3875 Lypseuais
1168 3791 1332 3876 gymnasii
1353 3800 1469 3867 rector,
1499 3811 1549 3855 ar-

126 3887 267 3955 bitratur
298 3890 458 3954 neminem
486 3887 604 3971 latere,
637 3910 658 3952 a
691 3888 869 3954 maioribus
897 3890 1018 3953 nostris
1048 3890 1102 3976 pio
1133 3911 1212 3954 saue
1241 3900 1273 3954 et
1301 3890 1385 3957 bono
1413 3890 1565 3972 adfectu,

127 3991 211 4054 omni
239 3990 472 4076 superstitione
496 3985 639 4069 seclusa,
672 3987 841 4053 loannalia
868 3986 1033 4054 celebrata
1062 4011 1150 4070 esse,
1185 3989 1284 4074 idque
1311 3989 1363 4054 vel
1393 4011 1553 4075 suspensa

127 4089 327 4170 arthemisia,
355 4109 397 4152 ne
418 4109 514 4174 quem
536 4084 640 4151 melus
663 4087 773 4152 occulus
798 4087 961 4151 fascinare
981 4087 1096 4173 possit,
1118 4088 1172 4152 vel
1191 4087 1382 4153 ardentibus
1405 4087 1476 4153 ollis
1497 4086 1550 4152 val

126 4189 267 4254 incensis
287 4187 377 4272 rogis
388 4186 440 4251 vel
460 4185 496 4250 id
518 4207 620 4271 genus
645 4185 717 4250 aliis
740 4185 1008 4268 solemnitatibus,
1031 4185 1147 4272 quibus
1164 4188 1335 4272 speciatim
1348 4185 1441 4274 plebs
1454 4186 1592 4253 Chri-³⁵

128 4291 232 4353 stiana
253 4286 402 4367 laetam,
426 4307 485 4372 per
495 4283 688 4373 Baptistam,
712 4285 835 4351 Christi
857 4307 1113 4370 praecursorem,
1134 4295 1167 4350 et
1186 4285 1321 4350 Esaiam
1332 4298 1445 4352 vetera
1467 4285 1550 4352 desi-

128 4388 188 4452 isse
213 4397 246 4452 et
273 4407 360 4450 nova
381 4379 467 4472 [57⁸]
489 4385 644 4472 coepisse.
685 4383 822 4450 Mandat
842 4387 953 4470 itaque
973 4383 1122 4450 omnibus
1144 4394 1176 4449 et
1199 4385 1335 4472 singulis
1359 4409 1437 4452 suae
1457 4386 1551 4452 iuris-

129 4485 261 4550 dictioni
290 4483 449 4566 obnoxiis,
480 4505 521 4548 ne
542 4484 605 4549 hac
624 4506 763 4570 vespera
785 4483 945 4549 eiusmodi
966 4485 1159 4549 cerimonias
1178 4485 1395 4550 interturbent
1415 4496 1472 4552 aut
1493 4507 1551 4572 per

130 4607 201 4650 suos
222 4583 436 4650 interturbari
455 4583 586 4652 faciant.
619 4583 827 4650 Contrarium
848 4585 979 4649 facienti
1002 4606 1085 4648 unus
1107 4606 1225 4649 aureus
1247 4607 1306 4671 pro
1329 4586 1450 4652 mulcta
1472 4595 1552 4651 esto.

130 4683 253 4750 Octavo
274 4683 348 4750 Kal.
368 4683 443 4749 Iulii
468 4689 553 4750 1524.
1559 4693 1593 4748 40

404 4859 410 4864 “
497 4854 564 4916 116.
593 4865 713 4914 rosus
734 4867 781 4914 nn
804 4867 951 4916 sruurn
973 4869 1019 4916 ar
1041 4867 1088 4915 ns
1110 4867 1224 4916 sams.

209 4964 319 5046 Quum
344 4963 449 5032 modis
479 4962 629 5030 omnibus
656 4966 690 5028 in
718 4965 779 5030 hoc
802 4965 896 5032 uobis
920 4965 1144 5033 desudandum
1168 4969 1226 5050 sit,
1254 4970 1395 5056 primum
1416 4987 1457 5030 nc
1479 4979 1553 5053 post

130 5063 277 5130 inchoata
309 5063 416 5129 studia
444 5063 576 5152 publica
597 5087 665 5151 pax
683 5064 748 5130 ullo
768 5066 865 5132 modo
887 5066 1100 5132 interturbari
1122 5077 1235 5154 queat,
1266 5066 1430 5134 sanciente
1456 5063 1492 5130 id
1520 5079 1552 5134 et
1669 5089 1674 5102 ’
