3768 6072
311 398 369 462 168
800 389 855 438 Der
872 387 953 440 Liber
968 388 1084 440 naticuis
1104 387 1250 440 Polontcae

394 580 423 644 8.
455 572 539 638 Item
562 569 749 662 praedictus
779 573 935 660 magister
955 571 1063 638 senior
1083 568 1270 636 facrrltatam
1291 569 1411 638 habeat
1439 573 1642 640 convocandi
1670 595 1737 638 ma

309 678 431 765 gistros
453 681 485 738 et
512 670 661 740 doctores
690 673 835 738 nacionis
863 673 898 736 in
923 670 1093 758 collegium
1122 669 1238 736 beatae
1262 671 1401 758 virginis
1431 671 1555 738 tociens
1583 674 1738 761 quociens

310 799 370 865 per
398 771 591 860 magistrum
617 793 716 836 unum
737 771 788 838 vel
817 771 927 858 plures
955 769 996 836 de
1024 769 1160 836 nacione
1189 770 1364 858 requisitus
1393 771 1505 870 fuerit,
1533 781 1591 838 aut
1620 774 1649 838 si
1678 795 1738 860 pro

310 877 432 943 honore
460 871 607 937 nacionis
634 870 670 935 id
697 870 768 937 fieri
793 869 914 936 viderit
938 877 1141 960 oportunum.
1182 871 1221 936 ln
1248 893 1314 958 qua
1339 870 1470 958 quidem
1499 873 1738 940 convocacicne

270 987 286 1042 5
314 977 395 1063 ipse,
415 971 505 1038 velut
523 979 556 1036 et
574 971 607 1035 in
629 971 850 1036 universitatis
872 967 1172 1054 convocacionibus‚
1199 968 1354 1036 inducere
1381 969 1478 1036 debet
1505 979 1603 1060 atque
1630 972 1739 1059 singu·

311 1076 418 1141 lorum
437 1071 666 1158 magistrorum
676 1080 754 1137 vota
773 1070 925 1157 colligere
940 1079 973 1134 et
992 1071 1087 1134 iuxta
1102 1069 1264 1135 saniorem
1279 1079 1312 1134 et
1327 1070 1483 1136 maiorem
1496 1072 1645 1136 nacionis
1664 1093 1738 1158 par·

313 1185 379 1240 tem
399 1175 434 1238 in
456 1171 564 1237 causis
587 1168 803 1235 concludendi
823 1169 943 1236 habeat
964 1167 1111 1234 similiter
1131 1167 1327 1234 facultatem.

395 1277 423 1340 9.
458 1271 540 1336 Item
566 1269 734 1356 praefatus
763 1270 919 1356 magister
947 1270 1053 1334 senior
1080 1266 1200 1332 habeat
1226 1267 1413 1334 facultatem
1436 1267 1627 1336 nominandi
1658 1267 1738 1336 duos

312 1374 479 1456 relatores,
500 1379 614 1436 votum
624 1370 780 1452 nacionis,
801 1378 838 1433 ut
858 1375 1055 1434 consvetum
1077 1376 1127 1432 est
1146 1366 1218 1432 fieri
1237 1368 1274 1431 in
1294 1366 1586 1434 convocacionibus
1607 1368 1737 1434 univer

275 1485 307 1542 to
317 1473 434 1554 sitatis,
464 1470 584 1536 rectori
606 1469 781 1534 referentes
803 1467 862 1534 sub
884 1467 997 1534 debita
1014 1466 1121 1532 forma
1140 1465 1316 1532 verborum
1338 1468 1432 1533 iuxta
1451 1469 1615 1534 seniorum
1636 1470 1738 1554 magi·

313 1582 456 1639 atrorum
478 1569 658 1651 urbicium,
679 1567 825 1634 nacionis
847 1589 908 1654 pro
929 1565 1062 1632 honore.

400 1678 446 1738 10.
475 1671 557 1734 Item
578 1666 685 1733 nullus
706 1669 936 1753 magistrorum
958 1665 1095 1732 alterum
1114 1664 1308 1752 magistram
1329 1664 1370 1730 de
1389 1665 1524 1732 nacione
1543 1688 1604 1753 pro
1620 1667 1742 1732 iniuria

313 1771 366 1837 vel
388 1769 455 1836 alia
474 1789 667 1856 quacunque
689 1788 789 1832 musa
810 1787 921 1842 coram
942 1775 1068 1832 rectore
1087 1773 1145 1830 aut
1163 1763 1270 1830 iudice
1283 1766 1465 1848 conveniat,
1486 1766 1550 1830 nisi
1571 1767 1666 1853 prius
1682 1788 1741 1854 per

315 1872 491 1957 magistros
513 1867 554 1933 de
575 1867 711 1932 nacione
732 1865 776 1931 ad
796 1865 937 1932 indicem
956 1865 1054 1930 fuerit
1073 1865 1237 1930 remissus.
1863 1920 1865 1940 ,

275 1982 306 2040 tt
401 1975 447 2036 11.
478 1967 560 2032 Item
583 1966 689 2031 senior
710 1974 742 2028 et
761 1963 929 2031 iudiciales
957 1987 1017 2053 pro
1043 1972 1189 2051 tempore
1216 1965 1391 2030 existentes
1419 1963 1591 2050 providere
1620 1963 1742 2031 debent
1864 2002 1866 2022 r

313 2069 442 2137 nacioni
460 2065 501 2132 de
520 2066 598 2132 fisco
619 2065 781 2130 communi
799 2087 860 2152 pro
881 2063 1151 2150 subdelegacione
1171 2071 1228 2128 aut
1245 2061 1579 2148 subdelegaeionibus,
1602 2087 1669 2152 qua
1689 2065 1742 2130 vel

313 2169 430 2260 quibus
457 2165 587 2253 singula
613 2163 756 2251 gaudere
783 2174 920 2252 possunt
946 2163 1123 2251 supposita,
1152 2184 1213 2249 pro
1243 2160 1376 2228 Slesicis
1406 2161 1529 2228 scilicet
1554 2165 1590 2228 in
1618 2163 1742 2230 diocesi
1867 2250 1869 2270 Χ

313 2267 485 2350 Misnensi‚
517 2287 577 2352 pro
605 2263 756 2329 Prutenis
785 2265 820 2328 in
849 2261 971 2330 diocesi
999 2262 1193 2329 Oamenensi
1221 2261 1273 2328 vel
1303 2261 1369 2326 alia
1399 2263 1482 2350 ipsis
1516 2261 1640 2349 placita
1671 2264 1741 2330 sive
1868 2273 1870 2342 'q

314 2365 520 2436 nominanda

273 2479 307 2536 20
403 2471 450 2534 12.
479 2464 561 2529 Item
580 2461 763 2550 quicunque
783 2461 896 2548 vigore
923 2459 1108 2526 huiusmodi
1134 2458 1414 2546 subdelegacionis
1443 2460 1584 2550 aliquem
1604 2462 1659 2528 vel
1685 2462 1742 2528 ali·

314 2590 396 2658 quos
416 2566 451 2629 in
470 2585 601 2628 causam
622 2559 674 2625 vel
697 2583 812 2625 causas
832 2559 962 2625 trahere
984 2558 1131 2642 voluerit,
1159 2559 1265 2624 solvat
1291 2561 1425 2643 tociens,
1453 2563 1608 2648 quociens
1631 2564 1740 2649 ipsum

316 2689 434 2733 novam
464 2663 534 2728 sive
561 2669 723 2726 recentem
751 2680 885 2724 causam
915 2660 1075 2724 intentare
1103 2659 1285 2746 contigerit,
1317 2659 1399 2726 duos
1426 2659 1469 2746 gl
1501 2683 1562 2748 pro
1592 2663 1741 2727 nacionis

315 2767 394 2832 fisco
416 2758 640 2850 applicandos.

400 2869 449 2930 13.
477 2862 559 2925 Item
581 2868 803 2944 transgressor
822 2855 939 2922 horum
957 2855 1101 2942 supremi
1127 2855 1178 2922 vel
1205 2857 1307 2924 infimi
1334 2859 1553 2946 cuiuscunque
1579 2861 1743 2926 siceram

276 2963 456 3031 linacionc
478 2981 513 3024 se
534 2981 600 3024 non
627 2957 867 3043 recognoverit,
897 2953 1050 3042 impediri
1075 2965 1183 3044 potest
1203 2979 1262 3045 per
1286 2957 1462 3046 quemlibet
1483 2960 1678 3046 magistrum
1701 2958 1742 3024 de

317 3063 462 3143 nacione,
490 3057 595 3122 need
621 3055 743 3143 gradus
771 3067 1010 3142 promoveatur.
1052 3053 1119 3134 Qui
1140 3056 1170 3120 si
1195 3059 1352 3144 magister
1372 3067 1540 3146 promotus
1560 3059 1674 3124 existit
1700 3069 1741 3141 et,

318 3159 473 3250 propriae
492 3158 632 3222 innitens
654 3154 862 3243 prudenciae,
891 3163 1004 3220 contra
1025 3153 1195 3242 praedicta
1213 3156 1337 3240 fecerit,
1358 3179 1417 3244 per
1438 3157 1609 3223 necionem
1627 3160 1742 3245 punia-

316 3273 379 3346 tur,
401 3260 464 3324 nisi
485 3256 671 3322 humiliatus
693 3277 728 3320 se
749 3254 970 3320 emendaverit
990 3275 1116 3341 semper
1137 3254 1239 3320 salvo.

401 3364 447 3426 14.
475 3357 558 3423 Item
580 3357 688 3421 senior
711 3354 867 3440 magister
888 3354 928 3419 de
948 3355 1085 3420 nacione
1106 3375 1167 3442 per
1187 3354 1374 3420 mandatnm
1394 3357 1531 3421 rectoris
1553 3355 1613 3421 sub
1637 3379 1744 3445 poena

278 3470 460 3547 3ttqnatuor
481 3477 669 3544 grossorum
691 3454 787 3521 debet
806 3455 842 3519 in
863 3475 947 3520 anno
973 3452 1122 3518 adminns
1144 3455 1232 3518 cuca
1252 3455 1368 3520 festum
1389 3456 1492 3520 sancti
1514 3455 1603 3521 Galli
1625 3479 1743 3524 convo

319 3583 394 3626 care
414 3557 523 3623 omnia
543 3556 713 3641 supposita
732 3555 880 3620 nacionis
907 3549 1095 3639 praedictae
1123 3552 1157 3616 in
1182 3551 1290 3620 locum
1313 3563 1548 3642 competentem
1577 3565 1610 3620 et
1634 3555 1744 3622 lacere

318 3660 452 3725 brevem
477 3664 510 3720 et
536 3653 647 3718 utilem
675 3653 884 3719 collacionem
906 3650 958 3716 vel
985 3648 1067 3716 alias
1095 3649 1366 3736 exhortacionu,
1398 3656 1568 3740 supposita
1595 3657 1743 3722 nacionis

318 3769 355 3824 ut
381 3779 416 3822 se
437 3755 571 3820 honeste
599 3763 729 3837 regant,
760 3751 866 3816 studio
896 3747 1141 3835 disciplinarium
1162 3749 1375 3836 adhaereant,
1405 3753 1498 3818 bonis
1527 3763 1559 3818 et
1588 3753 1742 3820 studiosis

320 3879 355 3923 se
377 3853 554 3933 associent,
581 3872 653 3914 cum
674 3851 840 3936 magistris
863 3848 912 3914 vel
936 3849 1093 3935 magistro
1114 3847 1154 3913 de
1180 3853 1316 3917 nacione
1345 3851 1493 3918 habitent
1518 3875 1685 3936 excessus,
1715 3855 1743 3920 si

279 3956 377 4045 atqui
397 3953 526 4034 hrerint,
545 3949 737 4037 corrigendo
759 3947 934 4016 secundum
954 3945 1042 4036 quod
1062 3947 1205 4015 viderint
1224 3953 1388 4040 expedire.

524 4418 547 4470 2.
565 4419 638 4470 ΗΕΒ
653 4419 760 4470 LIBER
776 4415 950 4469 uaricula
967 4417 1176 4470 Poaomcau
1196 4417 1274 4468 VOM
1291 4417 1408 4470 JAHRE
1430 4418 1515 4471 155'l.¹

402 4553 441 4618 ln
460 4551 590 4617 nomine
610 4561 741 4616 sanctae
762 4559 795 4616 et
814 4549 1003 4616 individuae
1023 4549 1188 4632 trinitatis,
1205 4551 1319 4637 patris,
1341 4549 1400 4616 filii
1420 4561 1453 4616 et
1473 4551 1607 4638 spiritua
1627 4553 1742 4634 sancti,

321 4654 373 4720 cui
393 4652 475 4734 laus,
498 4650 601 4716 honor
620 4659 653 4714 et
673 4649 779 4736 gloria
800 4651 835 4716 in
856 4659 1056 4736 perpetuum
1095 4648 1208 4714 Amen.

402 4751 497 4818 Anno
520 4772 542 4815 a
561 4759 638 4814 nato
658 4747 798 4832 Christo,
827 4748 881 4814 dei
902 4747 968 4814 lilio
988 4749 1163 4834 unigenito,
1190 4747 1396 4836 redemptore
1422 4761 1543 4834 cosmo,
1570 4749 1741 4818 millesimo

281 4851 576 4941 luquingentesimo
601 4849 868 4936 quinquagesimo
897 4849 1044 4935 septimo,
1070 4847 1124 4914 die
1152 4848 1316 4916 dominica
1337 4849 1484 4934 Cautate,
1511 4849 1594 4916 hora
1621 4851 1742 4918 duode-

400 5070 411 5121 t
432 5065 474 5120 Im
494 5064 620 5137 original
637 5063 770 5121 erhalten.
805 5064 866 5133 vgt
883 5063 1019 5122 Urkundl
1039 5063 1162 5132 Quellen
1181 5065 1209 5122 S.
1228 5070 1284 5122 735.
