<?xml version="1.0" encoding="UTF-8"?>
<!DOCTYPE html PUBLIC "-//W3C//DTD XHTML 1.0 Transitional//EN"
    "http://www.w3.org/TR/xhtml1/DTD/xhtml1-transitional.dtd">
<html xmlns="http://www.w3.org/1999/xhtml" xml:lang="en" lang="en">
 <head>
  <title>
</title>
<meta http-equiv="Content-Type" content="text/html;charset=utf-8" />
  <meta name='ocr-system' content='tesseract 3.04.00' />
  <meta name='ocr-capabilities' content='ocr_page ocr_carea ocr_par ocr_line ocrx_word'/>
</head>
<body>
  <div class='ocr_page' id='page_1' title='image "./diestatutenbche00leipgoog_0392.png"; bbox 0 0 3758 6072; ppageno 0'>
   <div class='ocr_carea' id='block_1_1' title="bbox 532 483 1554 554">
    <p class='ocr_par' dir='ltr' id='par_1_1' title="bbox 532 483 1554 554">
     <span class='ocr_line' id='line_1_1' title="bbox 532 483 1554 554; baseline 0.003 -12"><span class='ocrx_word' id='word_1_1' title='bbox 532 485 669 542; x_wconf 75' lang='lat' dir='ltr'><strong>Entvrttrfo</strong></span> <span class='ocrx_word' id='word_1_2' title='bbox 687 487 800 542; x_wconf 72' lang='lat' dir='ltr'><strong>straden</strong></span> <span class='ocrx_word' id='word_1_3' title='bbox 819 483 919 542; x_wconf 83' lang='lat' dir='ltr'><strong>Jahrcn</strong></span> <span class='ocrx_word' id='word_1_4' title='bbox 938 485 1113 541; x_wconf 74' lang='lat' dir='ltr'><strong>tata-teto.</strong></span> <span class='ocrx_word' id='word_1_5' title='bbox 1498 485 1554 554; x_wconf 77' lang='grc'><strong>371</strong></span> 
     </span>
    </p>
   </div>
   <div class='ocr_carea' id='block_1_2' title="bbox 135 667 1561 957">
    <p class='ocr_par' dir='ltr' id='par_1_2' title="bbox 135 667 1561 957">
     <span class='ocr_line' id='line_1_2' title="bbox 136 667 1560 756; baseline -0.001 -21"><span class='ocrx_word' id='word_1_6' title='bbox 136 667 235 736; x_wconf 87' lang='lat' dir='ltr'><strong>fuerit</strong></span> <span class='ocrx_word' id='word_1_7' title='bbox 262 667 400 736; x_wconf 75' lang='lat' dir='ltr'><strong>lucidius</strong></span> <span class='ocrx_word' id='word_1_8' title='bbox 426 670 613 756; x_wconf 89' lang='lat' dir='ltr'><strong>informata,</strong></span> <span class='ocrx_word' id='word_1_9' title='bbox 642 673 677 738; x_wconf 92' lang='lat' dir='ltr'><strong>in</strong></span> <span class='ocrx_word' id='word_1_10' title='bbox 706 673 768 738; x_wconf 91' lang='lat' dir='ltr'><strong>hoc</strong></span> <span class='ocrx_word' id='word_1_11' title='bbox 792 672 852 737; x_wconf 89' lang='lat' dir='ltr'><strong>toti</strong></span> <span class='ocrx_word' id='word_1_12' title='bbox 877 679 1007 736; x_wconf 86' lang='lat' dir='ltr'><strong>nostrae</strong></span> <span class='ocrx_word' id='word_1_13' title='bbox 1028 668 1171 734; x_wconf 81' lang='lat' dir='ltr'><strong>facultati</strong></span> <span class='ocrx_word' id='word_1_14' title='bbox 1201 670 1373 736; x_wconf 85' lang='lat' dir='ltr'><strong>utilitatem</strong></span> <span class='ocrx_word' id='word_1_15' title='bbox 1399 675 1432 734; x_wconf 91' lang='lat' dir='ltr'><strong>et</strong></span> <span class='ocrx_word' id='word_1_16' title='bbox 1459 671 1560 734; x_wconf 86' lang='lat' dir='ltr'><strong>incre·</strong></span> 
     </span>
     <span class='ocr_line' id='line_1_3' title="bbox 136 768 1561 858; baseline -0.001 -24"><span class='ocrx_word' id='word_1_17' title='bbox 136 779 281 835; x_wconf 86' lang='lat' dir='ltr'><strong>mentum</strong></span> <span class='ocrx_word' id='word_1_18' title='bbox 312 793 376 836; x_wconf 91' lang='lat' dir='ltr'><strong>non</strong></span> <span class='ocrx_word' id='word_1_19' title='bbox 407 770 569 837; x_wconf 88' lang='lat' dir='ltr'><strong>modicum</strong></span> <span class='ocrx_word' id='word_1_20' title='bbox 602 772 800 838; x_wconf 81' lang='lat' dir='ltr'><strong>exhibentes.</strong></span> <span class='ocrx_word' id='word_1_21' title='bbox 841 771 965 836; x_wconf 88' lang='lat' dir='ltr'><strong>Datum</strong></span> <span class='ocrx_word' id='word_1_22' title='bbox 984 770 1080 858; x_wconf 84' lang='lat' dir='ltr'><strong>Lipta</strong></span> <span class='ocrx_word' id='word_1_23' title='bbox 1105 792 1189 835; x_wconf 87' lang='lat' dir='ltr'><strong>anno</strong></span> <span class='ocrx_word' id='word_1_24' title='bbox 1212 769 1264 835; x_wconf 90' lang='lat' dir='ltr'><strong>die</strong></span> <span class='ocrx_word' id='word_1_25' title='bbox 1287 819 1295 836; x_wconf 85' lang='lat'><strong>.</strong></span> <span class='ocrx_word' id='word_1_26' title='bbox 1318 819 1357 834; x_wconf 92' lang='lat'><strong>..</strong></span> <span class='ocrx_word' id='word_1_27' title='bbox 1385 768 1561 833; x_wconf 87' lang='lat' dir='ltr'><strong>decanatus</strong></span> 
     </span>
     <span class='ocr_line' id='line_1_4' title="bbox 135 868 665 957; baseline 0.008 -23"><span class='ocrx_word' id='word_1_28' title='bbox 135 868 303 936; x_wconf 78' lang='lat' dir='ltr'><strong>faetdtatis</strong></span> <span class='ocrx_word' id='word_1_29' title='bbox 325 871 447 936; x_wconf 88' lang='lat' dir='ltr'><strong>arcium</strong></span> <span class='ocrx_word' id='word_1_30' title='bbox 470 871 531 937; x_wconf 88' lang='lat' dir='ltr'><strong>sub</strong></span> <span class='ocrx_word' id='word_1_31' title='bbox 550 870 665 957; x_wconf 86' lang='lat' dir='ltr'><strong>sig‘illo</strong></span> 
     </span>
    </p>
   </div>
   <div class='ocr_carea' id='block_1_3' title="bbox 412 984 1476 1074">
    <p class='ocr_par' dir='ltr' id='par_1_3' title="bbox 412 984 1476 1074">
     <span class='ocr_line' id='line_1_5' title="bbox 412 984 1476 1074; baseline -0.002 -22"><span class='ocrx_word' id='word_1_32' title='bbox 412 987 573 1054; x_wconf 86' lang='lat' dir='ltr'><strong>Deeanue</strong></span> <span class='ocrx_word' id='word_1_33' title='bbox 595 999 627 1054; x_wconf 89' lang='lat' dir='ltr'><strong>et</strong></span> <span class='ocrx_word' id='word_1_34' title='bbox 647 989 796 1074; x_wconf 77' lang='lat' dir='ltr'><strong>magistri</strong></span> <span class='ocrx_word' id='word_1_35' title='bbox 817 985 981 1052; x_wconf 78' lang='lat' dir='ltr'><strong>facultatis</strong></span> <span class='ocrx_word' id='word_1_36' title='bbox 1004 987 1128 1050; x_wconf 89' lang='lat' dir='ltr'><strong>arcium</strong></span> <span class='ocrx_word' id='word_1_37' title='bbox 1153 985 1251 1050; x_wconf 90' lang='lat' dir='ltr'><strong>studii</strong></span> <span class='ocrx_word' id='word_1_38' title='bbox 1271 984 1476 1071; x_wconf 86' lang='lat' dir='ltr'><strong>Lyptzeueis.</strong></span> 
     </span>
    </p>
   </div>
   <div class='ocr_carea' id='block_1_4' title="bbox 263 1319 1604 1409">
    <p class='ocr_par' dir='ltr' id='par_1_4' title="bbox 263 1319 1604 1409">
     <span class='ocr_line' id='line_1_6' title="bbox 263 1319 1604 1409; baseline -0.003 -22"><span class='ocrx_word' id='word_1_39' title='bbox 263 1327 292 1387; x_wconf 80' lang='lat'><strong>5.</strong></span> <span class='ocrx_word' id='word_1_40' title='bbox 313 1319 449 1388; x_wconf 82' lang='grc' dir='ltr'><strong>Αιιιιο1</strong></span> <span class='ocrx_word' id='word_1_41' title='bbox 471 1323 624 1390; x_wconf 90' lang='lat' dir='ltr'><strong>domini</strong></span> <span class='ocrx_word' id='word_1_42' title='bbox 642 1323 778 1390; x_wconf 87' lang='lat' dir='ltr'><strong>mille⁰</strong></span> <span class='ocrx_word' id='word_1_43' title='bbox 799 1325 1020 1390; x_wconf 77' lang='lat' dir='ltr'><strong>ccccxnv⁰</strong></span> <span class='ocrx_word' id='word_1_44' title='bbox 1042 1321 1231 1409; x_wconf 89' lang='lat' dir='ltr'><strong>deputati</strong></span> <span class='ocrx_word' id='word_1_45' title='bbox 1253 1320 1464 1406; x_wconf 85' lang='lat' dir='ltr'><strong>magistri:</strong></span> <span class='ocrx_word' id='word_1_46' title='bbox 1588 1329 1604 1383; x_wconf 80' lang='lat'><strong>5</strong></span> 
     </span>
    </p>
   </div>
   <div class='ocr_carea' id='block_1_5' title="bbox 383 1453 1163 1823">
    <p class='ocr_par' dir='ltr' id='par_1_5' title="bbox 383 1453 1163 1823">
     <span class='ocr_line' id='line_1_7' title="bbox 386 1453 1131 1522; baseline 0 -2"><span class='ocrx_word' id='word_1_47' title='bbox 386 1455 553 1522; x_wconf 87' lang='lat' dir='ltr'><strong>Stenslaus</strong></span> <span class='ocrx_word' id='word_1_48' title='bbox 576 1455 616 1522; x_wconf 91' lang='lat' dir='ltr'><strong>de</strong></span> <span class='ocrx_word' id='word_1_49' title='bbox 636 1457 737 1522; x_wconf 88' lang='lat' dir='ltr'><strong>Auris</strong></span> <span class='ocrx_word' id='word_1_50' title='bbox 936 1453 1131 1522; x_wconf 89' lang='lat' dir='ltr'><strong>Polonorum</strong></span> 
     </span>
     <span class='ocr_line' id='line_1_8' title="bbox 383 1553 1163 1671; baseline 0 -53"><span class='ocrx_word' id='word_1_51' title='bbox 383 1553 631 1621; x_wconf 87' lang='lat' dir='ltr'><strong>Bartholomeus</strong></span> <span class='ocrx_word' id='word_1_52' title='bbox 653 1555 787 1622; x_wconf 83' lang='lat' dir='ltr'><strong>Franks</strong></span> <span class='ocrx_word' id='word_1_53' title='bbox 840 1605 880 1671; x_wconf 57' lang='lat' dir='ltr'><strong>de</strong></span> <span class='ocrx_word' id='word_1_54' title='bbox 934 1555 1163 1621; x_wconf 78' lang='lat' dir='ltr'><strong>Misenensium</strong></span> 
     </span>
     <span class='ocr_line' id='line_1_9' title="bbox 383 1653 1100 1722; baseline 0.001 -4"><span class='ocrx_word' id='word_1_55' title='bbox 383 1653 542 1720; x_wconf 89' lang='lat' dir='ltr'><strong>Iohannes</strong></span> <span class='ocrx_word' id='word_1_56' title='bbox 565 1653 657 1722; x_wconf 90' lang='lat' dir='ltr'><strong>Wise</strong></span> <span class='ocrx_word' id='word_1_57' title='bbox 935 1654 1100 1720; x_wconf 86' lang='lat' dir='ltr'><strong>Saxonum</strong></span> 
     </span>
     <span class='ocr_line' id='line_1_10' title="bbox 384 1753 1134 1823; baseline -0.004 -1"><span class='ocrx_word' id='word_1_58' title='bbox 384 1754 555 1823; x_wconf 86' lang='lat' dir='ltr'><strong>Oonradus</strong></span> <span class='ocrx_word' id='word_1_59' title='bbox 575 1753 727 1820; x_wconf 79' lang='lat' dir='ltr'><strong>Wetter²</strong></span> <span class='ocrx_word' id='word_1_60' title='bbox 933 1755 1134 1820; x_wconf 86' lang='lat' dir='ltr'><strong>Bavarorum</strong></span> 
     </span>
    </p>
   </div>
   <div class='ocr_carea' id='block_1_6' title="bbox 1203 1606 1343 1670">
    <p class='ocr_par' dir='ltr' id='par_1_6' title="bbox 1203 1606 1343 1670">
     <span class='ocr_line' id='line_1_11' title="bbox 1203 1606 1343 1670; baseline -0.007 -1"><span class='ocrx_word' id='word_1_61' title='bbox 1203 1606 1343 1670; x_wconf 91' lang='lat' dir='ltr'><strong>natione.</strong></span> 
     </span>
    </p>
   </div>
   <div class='ocr_carea' id='block_1_7' title="bbox 448 1953 1243 2120">
    <p class='ocr_par' dir='ltr' id='par_1_7' title="bbox 448 1953 1243 2120">
     <span class='ocr_line' id='line_1_12' title="bbox 448 1953 1243 2006; baseline 0 -1"><span class='ocrx_word' id='word_1_62' title='bbox 448 1955 631 2005; x_wconf 79' lang='lat' dir='ltr'><strong>GONGEPTA</strong></span> <span class='ocrx_word' id='word_1_63' title='bbox 658 1955 726 2002; x_wconf 69' lang='lat' dir='ltr'><strong>Pus</strong></span> <span class='ocrx_word' id='word_1_64' title='bbox 753 1953 963 2005; x_wconf 73' lang='lat' dir='ltr'><strong>DEPU&#39;I’A&#39;I&#39;OS</strong></span> <span class='ocrx_word' id='word_1_65' title='bbox 985 1956 1007 2003; x_wconf 83' lang='grc' dir='ltr'><strong>Δ</strong></span> <span class='ocrx_word' id='word_1_66' title='bbox 1028 1955 1243 2006; x_wconf 63' lang='lat' dir='ltr'><strong>necarere,</strong></span> 
     </span>
     <span class='ocr_line' id='line_1_13' title="bbox 855 2059 883 2120; baseline 0 0"><span class='ocrx_word' id='word_1_67' title='bbox 855 2059 883 2120; x_wconf 84' lang='lat'><strong>1.</strong></span> 
     </span>
    </p>
   </div>
   <div class='ocr_carea' id='block_1_8' title="bbox 132 2169 1609 3251">
    <p class='ocr_par' dir='ltr' id='par_1_8' title="bbox 132 2169 1609 3251">
     <span class='ocr_line' id='line_1_14' title="bbox 214 2169 1594 2259; baseline -0.002 -18"><span class='ocrx_word' id='word_1_68' title='bbox 214 2175 270 2242; x_wconf 88' lang='lat' dir='ltr'><strong>Ad</strong></span> <span class='ocrx_word' id='word_1_69' title='bbox 302 2171 498 2240; x_wconf 85' lang='lat' dir='ltr'><strong>servandum</strong></span> <span class='ocrx_word' id='word_1_70' title='bbox 529 2169 663 2236; x_wconf 84' lang='lat' dir='ltr'><strong>divinae</strong></span> <span class='ocrx_word' id='word_1_71' title='bbox 697 2171 842 2236; x_wconf 84' lang='lat' dir='ltr'><strong>caritatis</strong></span> <span class='ocrx_word' id='word_1_72' title='bbox 874 2181 1083 2258; x_wconf 88' lang='lat' dir='ltr'><strong>praeceptum</strong></span> <span class='ocrx_word' id='word_1_73' title='bbox 1116 2179 1148 2237; x_wconf 88' lang='lat' dir='ltr'><strong>et</strong></span> <span class='ocrx_word' id='word_1_74' title='bbox 1169 2179 1204 2237; x_wconf 91' lang='lat' dir='ltr'><strong>ut</strong></span> <span class='ocrx_word' id='word_1_75' title='bbox 1225 2171 1394 2259; x_wconf 85' lang='lat' dir='ltr'><strong>magistri,</strong></span> <span class='ocrx_word' id='word_1_76' title='bbox 1428 2173 1565 2240; x_wconf 90' lang='lat' dir='ltr'><strong>aliorum</strong></span> <span class='ocrx_word' id='word_1_77' title='bbox 1591 2205 1594 2210; x_wconf 94' lang='lat'>·</span> 
     </span>
     <span class='ocr_line' id='line_1_15' title="bbox 136 2271 1565 2359; baseline -0.003 -17"><span class='ocrx_word' id='word_1_78' title='bbox 136 2275 331 2357; x_wconf 84' lang='lat' dir='ltr'><strong>directores,</strong></span> <span class='ocrx_word' id='word_1_79' title='bbox 367 2275 402 2338; x_wconf 93' lang='lat' dir='ltr'><strong>in</strong></span> <span class='ocrx_word' id='word_1_80' title='bbox 435 2272 522 2338; x_wconf 92' lang='lat' dir='ltr'><strong>omni</strong></span> <span class='ocrx_word' id='word_1_81' title='bbox 556 2271 810 2335; x_wconf 85' lang='lat' dir='ltr'><strong>conversacione</strong></span> <span class='ocrx_word' id='word_1_82' title='bbox 842 2279 873 2334; x_wconf 91' lang='lat' dir='ltr'><strong>et</strong></span> <span class='ocrx_word' id='word_1_83' title='bbox 910 2271 979 2336; x_wconf 91' lang='lat' dir='ltr'><strong>vita</strong></span> <span class='ocrx_word' id='word_1_84' title='bbox 1013 2272 1078 2335; x_wconf 90' lang='lat' dir='ltr'><strong>sint</strong></span> <span class='ocrx_word' id='word_1_85' title='bbox 1115 2271 1318 2359; x_wconf 84' lang='lat' dir='ltr'><strong>exemplares</strong></span> <span class='ocrx_word' id='word_1_86' title='bbox 1352 2283 1385 2338; x_wconf 87' lang='lat' dir='ltr'><strong>ct</strong></span> <span class='ocrx_word' id='word_1_87' title='bbox 1417 2274 1451 2338; x_wconf 92' lang='lat' dir='ltr'><strong>in</strong></span> <span class='ocrx_word' id='word_1_88' title='bbox 1479 2272 1565 2338; x_wconf 91' lang='lat' dir='ltr'><strong>bono</strong></span> 
     </span>
     <span class='ocr_line' id='line_1_16' title="bbox 133 2366 1606 2454; baseline -0.003 -13"><span class='ocrx_word' id='word_1_89' title='bbox 133 2375 303 2442; x_wconf 84' lang='lat' dir='ltr'><strong>amiciciae</strong></span> <span class='ocrx_word' id='word_1_90' title='bbox 337 2373 505 2438; x_wconf 87' lang='lat' dir='ltr'><strong>unanimes</strong></span> <span class='ocrx_word' id='word_1_91' title='bbox 539 2378 572 2434; x_wconf 89' lang='lat' dir='ltr'><strong>et</strong></span> <span class='ocrx_word' id='word_1_92' title='bbox 608 2366 800 2454; x_wconf 88' lang='lat' dir='ltr'><strong>concordes,</strong></span> <span class='ocrx_word' id='word_1_93' title='bbox 835 2379 871 2434; x_wconf 91' lang='lat' dir='ltr'><strong>ut</strong></span> <span class='ocrx_word' id='word_1_94' title='bbox 902 2371 998 2435; x_wconf 91' lang='lat' dir='ltr'><strong>etiam</strong></span> <span class='ocrx_word' id='word_1_95' title='bbox 1030 2371 1063 2435; x_wconf 92' lang='lat' dir='ltr'><strong>in</strong></span> <span class='ocrx_word' id='word_1_96' title='bbox 1095 2369 1247 2436; x_wconf 82' lang='lat' dir='ltr'><strong>facultate</strong></span> <span class='ocrx_word' id='word_1_97' title='bbox 1272 2374 1393 2438; x_wconf 86' lang='lat' dir='ltr'><strong>arcium</strong></span> <span class='ocrx_word' id='word_1_98' title='bbox 1415 2371 1565 2437; x_wconf 88' lang='lat' dir='ltr'><strong>meliores</strong></span> <span class='ocrx_word' id='word_1_99' title='bbox 1575 2381 1606 2437; x_wconf 78' lang='lat' dir='ltr'><strong>ta</strong></span> 
     </span>
     <span class='ocr_line' id='line_1_17' title="bbox 136 2468 1565 2562; baseline -0.003 -22"><span class='ocrx_word' id='word_1_100' title='bbox 136 2481 400 2562; x_wconf 82' lang='lat' dir='ltr'><strong>promoveantur,</strong></span> <span class='ocrx_word' id='word_1_101' title='bbox 422 2469 708 2536; x_wconf 89' lang='lat' dir='ltr'><strong>subordinaciones</strong></span> <span class='ocrx_word' id='word_1_102' title='bbox 722 2479 754 2535; x_wconf 92' lang='lat' dir='ltr'><strong>et</strong></span> <span class='ocrx_word' id='word_1_103' title='bbox 767 2468 1005 2556; x_wconf 88' lang='lat' dir='ltr'><strong>displicenciae,</strong></span> <span class='ocrx_word' id='word_1_104' title='bbox 1026 2470 1153 2535; x_wconf 89' lang='lat' dir='ltr'><strong>unionis</strong></span> <span class='ocrx_word' id='word_1_105' title='bbox 1169 2471 1349 2537; x_wconf 87' lang='lat' dir='ltr'><strong>amicabilis</strong></span> <span class='ocrx_word' id='word_1_106' title='bbox 1370 2471 1565 2554; x_wconf 86' lang='lat' dir='ltr'><strong>turbativae,</strong></span> 
     </span>
     <span class='ocr_line' id='line_1_18' title="bbox 134 2569 1566 2660; baseline -0.003 -21"><span class='ocrx_word' id='word_1_107' title='bbox 134 2574 284 2640; x_wconf 88' lang='lat' dir='ltr'><strong>odiorum</strong></span> <span class='ocrx_word' id='word_1_108' title='bbox 312 2582 345 2638; x_wconf 91' lang='lat' dir='ltr'><strong>et</strong></span> <span class='ocrx_word' id='word_1_109' title='bbox 364 2593 537 2636; x_wconf 85' lang='lat' dir='ltr'><strong>raucorum</strong></span> <span class='ocrx_word' id='word_1_110' title='bbox 557 2569 781 2656; x_wconf 87' lang='lat' dir='ltr'><strong>generativae,</strong></span> <span class='ocrx_word' id='word_1_111' title='bbox 818 2591 916 2657; x_wconf 89' lang='lat' dir='ltr'><strong>quae,</strong></span> <span class='ocrx_word' id='word_1_112' title='bbox 949 2577 986 2633; x_wconf 93' lang='lat' dir='ltr'><strong>ut</strong></span> <span class='ocrx_word' id='word_1_113' title='bbox 1011 2571 1236 2653; x_wconf 89' lang='lat' dir='ltr'><strong>communiter,</strong></span> <span class='ocrx_word' id='word_1_114' title='bbox 1265 2572 1353 2636; x_wconf 90' lang='lat' dir='ltr'><strong>circa</strong></span> <span class='ocrx_word' id='word_1_115' title='bbox 1380 2581 1412 2636; x_wconf 93' lang='lat' dir='ltr'><strong>et</strong></span> <span class='ocrx_word' id='word_1_116' title='bbox 1431 2579 1566 2660; x_wconf 90' lang='lat' dir='ltr'><strong>propter</strong></span> 
     </span>
     <span class='ocr_line' id='line_1_19' title="bbox 136 2668 1566 2761; baseline -0.003 -23"><span class='ocrx_word' id='word_1_117' title='bbox 136 2669 462 2761; x_wconf 85' lang='lat' dir='ltr'><strong>promovendosfieri</strong></span> <span class='ocrx_word' id='word_1_118' title='bbox 475 2679 727 2752; x_wconf 79' lang='lat' dir='ltr'><strong>consueverant,</strong></span> <span class='ocrx_word' id='word_1_119' title='bbox 749 2669 945 2752; x_wconf 85' lang='lat' dir='ltr'><strong>auferantur,</strong></span> <span class='ocrx_word' id='word_1_120' title='bbox 969 2677 1001 2733; x_wconf 92' lang='lat' dir='ltr'><strong>et</strong></span> <span class='ocrx_word' id='word_1_121' title='bbox 1020 2679 1057 2733; x_wconf 89' lang='lat' dir='ltr'><strong>ut</strong></span> <span class='ocrx_word' id='word_1_122' title='bbox 1078 2668 1237 2756; x_wconf 90' lang='lat' dir='ltr'><strong>impulsus</strong></span> <span class='ocrx_word' id='word_1_123' title='bbox 1259 2672 1342 2735; x_wconf 87' lang='lat' dir='ltr'><strong>varii</strong></span> <span class='ocrx_word' id='word_1_124' title='bbox 1365 2670 1406 2735; x_wconf 90' lang='lat' dir='ltr'><strong>ad</strong></span> <span class='ocrx_word' id='word_1_125' title='bbox 1428 2671 1566 2756; x_wconf 85' lang='lat' dir='ltr'><strong>gradum</strong></span> 
     </span>
     <span class='ocr_line' id='line_1_20' title="bbox 132 2767 1564 2856; baseline -0.003 -17"><span class='ocrx_word' id='word_1_126' title='bbox 132 2771 373 2840; x_wconf 86' lang='lat' dir='ltr'><strong>baccalariatue</strong></span> <span class='ocrx_word' id='word_1_127' title='bbox 394 2779 426 2834; x_wconf 89' lang='lat' dir='ltr'><strong>et</strong></span> <span class='ocrx_word' id='word_1_128' title='bbox 447 2769 626 2854; x_wconf 89' lang='lat' dir='ltr'><strong>magisterii</strong></span> <span class='ocrx_word' id='word_1_129' title='bbox 651 2771 744 2834; x_wconf 87' lang='lat' dir='ltr'><strong>iuxta</strong></span> <span class='ocrx_word' id='word_1_130' title='bbox 765 2769 999 2834; x_wconf 84' lang='lat' dir='ltr'><strong>continenciam</strong></span> <span class='ocrx_word' id='word_1_131' title='bbox 1020 2767 1133 2834; x_wconf 86' lang='lat' dir='ltr'><strong>literae</strong></span> <span class='ocrx_word' id='word_1_132' title='bbox 1154 2771 1257 2835; x_wconf 87' lang='lat' dir='ltr'><strong>nostri</strong></span> <span class='ocrx_word' id='word_1_133' title='bbox 1279 2771 1421 2856; x_wconf 88' lang='lat' dir='ltr'><strong>graciosi</strong></span> <span class='ocrx_word' id='word_1_134' title='bbox 1444 2769 1564 2836; x_wconf 91' lang='lat' dir='ltr'><strong>domini</strong></span> 
     </span>
     <span class='ocr_line' id='line_1_21' title="bbox 132 2867 1609 2957; baseline -0.003 -19"><span class='ocrx_word' id='word_1_135' title='bbox 132 2870 414 2956; x_wconf 88' lang='lat' dir='ltr'><strong>Merseburgensis</strong></span> <span class='ocrx_word' id='word_1_136' title='bbox 447 2869 702 2954; x_wconf 86' lang='lat' dir='ltr'><strong>restringantur,</strong></span> <span class='ocrx_word' id='word_1_137' title='bbox 735 2869 906 2954; x_wconf 88' lang='lat' dir='ltr'><strong>peccunia,</strong></span> <span class='ocrx_word' id='word_1_138' title='bbox 938 2890 959 2933; x_wconf 90' lang='lat' dir='ltr'><strong>a</strong></span> <span class='ocrx_word' id='word_1_139' title='bbox 992 2867 1220 2953; x_wconf 90' lang='lat' dir='ltr'><strong>promovendis</strong></span> <span class='ocrx_word' id='word_1_140' title='bbox 1254 2879 1402 2957; x_wconf 90' lang='lat' dir='ltr'><strong>tempore</strong></span> <span class='ocrx_word' id='word_1_141' title='bbox 1437 2878 1609 2956; x_wconf 84' lang='lat' dir='ltr'><strong>promo-20</strong></span> 
     </span>
     <span class='ocr_line' id='line_1_22' title="bbox 133 2966 1567 3056; baseline -0.004 -18"><span class='ocrx_word' id='word_1_142' title='bbox 133 2973 236 3038; x_wconf 89' lang='lat' dir='ltr'><strong>cionis</strong></span> <span class='ocrx_word' id='word_1_143' title='bbox 271 2967 468 3055; x_wconf 88' lang='lat' dir='ltr'><strong>colligenda,</strong></span> <span class='ocrx_word' id='word_1_144' title='bbox 503 2987 586 3054; x_wconf 88' lang='lat' dir='ltr'><strong>quac</strong></span> <span class='ocrx_word' id='word_1_145' title='bbox 620 2966 839 3032; x_wconf 85' lang='lat' dir='ltr'><strong>verisimiliter</strong></span> <span class='ocrx_word' id='word_1_146' title='bbox 869 2968 962 3030; x_wconf 88' lang='lat' dir='ltr'><strong>istius</strong></span> <span class='ocrx_word' id='word_1_147' title='bbox 997 2967 1297 3052; x_wconf 88' lang='lat' dir='ltr'><strong>subordinacionis,</strong></span> <span class='ocrx_word' id='word_1_148' title='bbox 1337 2967 1567 3056; x_wconf 88' lang='lat' dir='ltr'><strong>displiceueiae</strong></span> 
     </span>
     <span class='ocr_line' id='line_1_23' title="bbox 135 3065 1564 3159; baseline -0.003 -22"><span class='ocrx_word' id='word_1_149' title='bbox 135 3081 233 3159; x_wconf 88' lang='lat' dir='ltr'><strong>utque</strong></span> <span class='ocrx_word' id='word_1_150' title='bbox 256 3069 467 3134; x_wconf 88' lang='lat' dir='ltr'><strong>dissensionis</strong></span> <span class='ocrx_word' id='word_1_151' title='bbox 496 3067 625 3131; x_wconf 88' lang='lat' dir='ltr'><strong>occasio</strong></span> <span class='ocrx_word' id='word_1_152' title='bbox 646 3065 716 3130; x_wconf 88' lang='lat' dir='ltr'><strong>fore</strong></span> <span class='ocrx_word' id='word_1_153' title='bbox 737 3065 931 3141; x_wconf 90' lang='lat' dir='ltr'><strong>dinoscitur,</strong></span> <span class='ocrx_word' id='word_1_154' title='bbox 952 3067 1037 3130; x_wconf 91' lang='lat' dir='ltr'><strong>inter</strong></span> <span class='ocrx_word' id='word_1_155' title='bbox 1056 3068 1229 3152; x_wconf 88' lang='lat' dir='ltr'><strong>magistros</strong></span> <span class='ocrx_word' id='word_1_156' title='bbox 1248 3067 1414 3132; x_wconf 78' lang='lat' dir='ltr'><strong>facultatis</strong></span> <span class='ocrx_word' id='word_1_157' title='bbox 1440 3071 1564 3132; x_wconf 87' lang='lat' dir='ltr'><strong>arcium</strong></span> 
     </span>
     <span class='ocr_line' id='line_1_24' title="bbox 134 3165 1307 3251; baseline -0.005 -15"><span class='ocrx_word' id='word_1_158' title='bbox 134 3167 312 3236; x_wconf 84' lang='lat' dir='ltr'><strong>secundum</strong></span> <span class='ocrx_word' id='word_1_159' title='bbox 336 3168 498 3233; x_wconf 89' lang='lat' dir='ltr'><strong>iusticiam</strong></span> <span class='ocrx_word' id='word_1_160' title='bbox 520 3165 760 3230; x_wconf 84' lang='lat' dir='ltr'><strong>distributivam</strong></span> <span class='ocrx_word' id='word_1_161' title='bbox 781 3165 1109 3251; x_wconf 88' lang='lat' dir='ltr'><strong>proporcionabiliter</strong></span> <span class='ocrx_word' id='word_1_162' title='bbox 1131 3165 1307 3232; x_wconf 87' lang='lat' dir='ltr'><strong>dividatur.</strong></span> 
     </span>
    </p>
   </div>
   <div class='ocr_carea' id='block_1_9' title="bbox 133 3343 1566 3412">
    <p class='ocr_par' dir='ltr' id='par_1_9' title="bbox 133 3343 1566 3412">
     <span class='ocr_line' id='line_1_25' title="bbox 133 3343 1566 3412; baseline -0.004 -10"><span class='ocrx_word' id='word_1_163' title='bbox 133 3343 162 3403; x_wconf 78' lang='lat'><strong>2.</strong></span> <span class='ocrx_word' id='word_1_164' title='bbox 183 3353 232 3402; x_wconf 83' lang='lat' dir='ltr'><strong>DE</strong></span> <span class='ocrx_word' id='word_1_165' title='bbox 253 3347 525 3400; x_wconf 74' lang='lat' dir='ltr'><strong>Puonouomaus</strong></span> <span class='ocrx_word' id='word_1_166' title='bbox 545 3345 872 3412; x_wconf 73' lang='lat' dir='ltr'><strong>Puouovanuouurt5</strong></span> <span class='ocrx_word' id='word_1_167' title='bbox 899 3345 946 3395; x_wconf 80' lang='lat' dir='ltr'><strong>DE</strong></span> <span class='ocrx_word' id='word_1_168' title='bbox 962 3347 1133 3398; x_wconf 70' lang='lat' dir='ltr'><strong>saccum</strong></span> <span class='ocrx_word' id='word_1_169' title='bbox 1155 3349 1274 3398; x_wconf 76' lang='lat' dir='ltr'><strong>Dauos</strong></span> <span class='ocrx_word' id='word_1_170' title='bbox 1294 3350 1340 3397; x_wconf 79' lang='grc' dir='ltr'><strong>ΕΤ</strong></span> <span class='ocrx_word' id='word_1_171' title='bbox 1362 3349 1566 3398; x_wconf 77' lang='lat' dir='ltr'><strong>Drvmuuns.</strong></span> 
     </span>
    </p>
   </div>
   <div class='ocr_carea' id='block_1_10' title="bbox 344 3483 1606 3546">
    <p class='ocr_par' dir='ltr' id='par_1_10' title="bbox 344 3483 1606 3546">
     <span class='ocr_line' id='line_1_26' title="bbox 344 3483 1606 3546; baseline -0.002 -9"><span class='ocrx_word' id='word_1_172' title='bbox 344 3487 447 3536; x_wconf 85' lang='lat' dir='ltr'><strong>Primus</strong></span> <span class='ocrx_word' id='word_1_173' title='bbox 465 3485 559 3534; x_wconf 82' lang='lat' dir='ltr'><strong>modus</strong></span> <span class='ocrx_word' id='word_1_174' title='bbox 579 3483 713 3533; x_wconf 83' lang='lat' dir='ltr'><strong>delibera</strong></span> <span class='ocrx_word' id='word_1_175' title='bbox 737 3483 886 3532; x_wconf 72' lang='lat' dir='ltr'><strong>donatione</strong></span> <span class='ocrx_word' id='word_1_176' title='bbox 906 3493 930 3529; x_wconf 79' lang='lat' dir='ltr'><strong>rr</strong></span> <span class='ocrx_word' id='word_1_177' title='bbox 953 3483 1052 3546; x_wconf 61' lang='lat' dir='ltr'><strong>absque</strong></span> <span class='ocrx_word' id='word_1_178' title='bbox 1077 3485 1228 3534; x_wconf 73' lang='lat' dir='ltr'><strong>differentia</strong></span> <span class='ocrx_word' id='word_1_179' title='bbox 1248 3485 1397 3535; x_wconf 82' lang='lat' dir='ltr'><strong>nacionum.</strong></span> <span class='ocrx_word' id='word_1_180' title='bbox 1573 3491 1606 3546; x_wconf 82' lang='lat'><strong>25</strong></span> 
     </span>
    </p>
   </div>
   <div class='ocr_carea' id='block_1_11' title="bbox 135 3594 1608 4765">
    <p class='ocr_par' dir='ltr' id='par_1_11' title="bbox 135 3594 1608 4765">
     <span class='ocr_line' id='line_1_27' title="bbox 219 3594 1562 3687; baseline -0.004 -21"><span class='ocrx_word' id='word_1_181' title='bbox 219 3601 363 3684; x_wconf 81' lang='lat' dir='ltr'><strong>Quilibet</strong></span> <span class='ocrx_word' id='word_1_182' title='bbox 396 3596 634 3687; x_wconf 90' lang='lat' dir='ltr'><strong>promovendus</strong></span> <span class='ocrx_word' id='word_1_183' title='bbox 667 3596 701 3660; x_wconf 91' lang='lat' dir='ltr'><strong>in</strong></span> <span class='ocrx_word' id='word_1_184' title='bbox 731 3594 951 3662; x_wconf 88' lang='lat' dir='ltr'><strong>baccalarium</strong></span> <span class='ocrx_word' id='word_1_185' title='bbox 981 3606 1038 3664; x_wconf 88' lang='lat' dir='ltr'><strong>aut</strong></span> <span class='ocrx_word' id='word_1_186' title='bbox 1066 3600 1257 3686; x_wconf 86' lang='lat' dir='ltr'><strong>magistrum</strong></span> <span class='ocrx_word' id='word_1_187' title='bbox 1289 3598 1441 3666; x_wconf 85' lang='lat' dir='ltr'><strong>retinebit</strong></span> <span class='ocrx_word' id='word_1_188' title='bbox 1469 3597 1562 3662; x_wconf 86' lang='lat' dir='ltr'><strong>liber-</strong></span> 
     </span>
     <span class='ocr_line' id='line_1_28' title="bbox 136 3697 1565 3788; baseline -0.005 -19"><span class='ocrx_word' id='word_1_189' title='bbox 136 3713 236 3770; x_wconf 87' lang='lat' dir='ltr'><strong>tatem</strong></span> <span class='ocrx_word' id='word_1_190' title='bbox 260 3697 401 3787; x_wconf 89' lang='lat' dir='ltr'><strong>eligendi</strong></span> <span class='ocrx_word' id='word_1_191' title='bbox 420 3699 454 3763; x_wconf 90' lang='lat' dir='ltr'><strong>in</strong></span> <span class='ocrx_word' id='word_1_192' title='bbox 477 3706 694 3786; x_wconf 90' lang='lat' dir='ltr'><strong>promotorem</strong></span> <span class='ocrx_word' id='word_1_193' title='bbox 714 3719 814 3760; x_wconf 88' lang='lat' dir='ltr'><strong>unum</strong></span> <span class='ocrx_word' id='word_1_194' title='bbox 836 3697 1077 3782; x_wconf 84' lang='lat' dir='ltr'><strong>magistrorum,</strong></span> <span class='ocrx_word' id='word_1_195' title='bbox 1101 3698 1318 3788; x_wconf 88' lang='lat' dir='ltr'><strong>cuiuscunque</strong></span> <span class='ocrx_word' id='word_1_196' title='bbox 1338 3699 1434 3764; x_wconf 86' lang='lat' dir='ltr'><strong>fuerit</strong></span> <span class='ocrx_word' id='word_1_197' title='bbox 1455 3699 1565 3762; x_wconf 87' lang='lat' dir='ltr'><strong>nacio-</strong></span> 
     </span>
     <span class='ocr_line' id='line_1_29' title="bbox 135 3795 1563 3886; baseline -0.005 -18"><span class='ocrx_word' id='word_1_198' title='bbox 135 3805 204 3884; x_wconf 89' lang='lat' dir='ltr'><strong>nis,</strong></span> <span class='ocrx_word' id='word_1_199' title='bbox 233 3801 285 3866; x_wconf 92' lang='lat' dir='ltr'><strong>cui</strong></span> <span class='ocrx_word' id='word_1_200' title='bbox 316 3797 444 3886; x_wconf 88' lang='lat' dir='ltr'><strong>publice</strong></span> <span class='ocrx_word' id='word_1_201' title='bbox 470 3797 512 3862; x_wconf 90' lang='lat' dir='ltr'><strong>ad</strong></span> <span class='ocrx_word' id='word_1_202' title='bbox 535 3795 722 3862; x_wconf 90' lang='lat' dir='ltr'><strong>cathedram</strong></span> <span class='ocrx_word' id='word_1_203' title='bbox 750 3795 847 3860; x_wconf 89' lang='lat' dir='ltr'><strong>faciet</strong></span> <span class='ocrx_word' id='word_1_204' title='bbox 882 3795 984 3862; x_wconf 85' lang='lat' dir='ltr'><strong>libere</strong></span> <span class='ocrx_word' id='word_1_205' title='bbox 1006 3799 1208 3884; x_wconf 86' lang='lat' dir='ltr'><strong>praesentari</strong></span> <span class='ocrx_word' id='word_1_206' title='bbox 1234 3822 1295 3886; x_wconf 90' lang='lat' dir='ltr'><strong>pro</strong></span> <span class='ocrx_word' id='word_1_207' title='bbox 1326 3801 1376 3865; x_wconf 88' lang='lat' dir='ltr'><strong>sui</strong></span> <span class='ocrx_word' id='word_1_208' title='bbox 1405 3808 1437 3862; x_wconf 90' lang='lat' dir='ltr'><strong>et</strong></span> <span class='ocrx_word' id='word_1_209' title='bbox 1465 3795 1563 3862; x_wconf 90' lang='lat' dir='ltr'><strong>facul-</strong></span> 
     </span>
     <span class='ocr_line' id='line_1_30' title="bbox 136 3894 1564 3985; baseline -0.006 -17"><span class='ocrx_word' id='word_1_210' title='bbox 136 3903 215 3968; x_wconf 89' lang='lat' dir='ltr'><strong>tatis</strong></span> <span class='ocrx_word' id='word_1_211' title='bbox 237 3900 360 3964; x_wconf 90' lang='lat' dir='ltr'><strong>honore</strong></span> <span class='ocrx_word' id='word_1_212' title='bbox 386 3906 529 3979; x_wconf 88' lang='lat' dir='ltr'><strong>tantum,</strong></span> <span class='ocrx_word' id='word_1_213' title='bbox 557 3905 712 3983; x_wconf 89' lang='lat' dir='ltr'><strong>quantum</strong></span> <span class='ocrx_word' id='word_1_214' title='bbox 742 3917 820 3960; x_wconf 88' lang='lat' dir='ltr'><strong>suae</strong></span> <span class='ocrx_word' id='word_1_215' title='bbox 842 3894 999 3982; x_wconf 83' lang='lat' dir='ltr'><strong>legalitati</strong></span> <span class='ocrx_word' id='word_1_216' title='bbox 1029 3898 1135 3962; x_wconf 88' lang='lat' dir='ltr'><strong>visum</strong></span> <span class='ocrx_word' id='word_1_217' title='bbox 1157 3898 1254 3964; x_wconf 70' lang='lat' dir='ltr'><strong>faerit</strong></span> <span class='ocrx_word' id='word_1_218' title='bbox 1276 3897 1447 3985; x_wconf 87' lang='lat' dir='ltr'><strong>expedire,</strong></span> <span class='ocrx_word' id='word_1_219' title='bbox 1473 3919 1564 3983; x_wconf 88' lang='lat' dir='ltr'><strong>prae-</strong></span> 
     </span>
     <span class='ocr_line' id='line_1_31' title="bbox 136 3993 1608 4083; baseline -0.004 -15"><span class='ocrx_word' id='word_1_220' title='bbox 136 4004 238 4068; x_wconf 88' lang='lat' dir='ltr'><strong>missa</strong></span> <span class='ocrx_word' id='word_1_221' title='bbox 266 4008 375 4064; x_wconf 86' lang='lat' dir='ltr'><strong>tamen</strong></span> <span class='ocrx_word' id='word_1_222' title='bbox 403 3996 467 4061; x_wconf 87' lang='lat' dir='ltr'><strong>lide</strong></span> <span class='ocrx_word' id='word_1_223' title='bbox 502 3995 589 4061; x_wconf 89' lang='lat' dir='ltr'><strong>facta</strong></span> <span class='ocrx_word' id='word_1_224' title='bbox 617 3993 896 4060; x_wconf 87' lang='lat' dir='ltr'><strong>examinatoribus</strong></span> <span class='ocrx_word' id='word_1_225' title='bbox 929 4005 961 4060; x_wconf 89' lang='lat' dir='ltr'><strong>et</strong></span> <span class='ocrx_word' id='word_1_226' title='bbox 984 3995 1131 4060; x_wconf 87' lang='lat' dir='ltr'><strong>facultati</strong></span> <span class='ocrx_word' id='word_1_227' title='bbox 1166 3998 1381 4083; x_wconf 89' lang='lat' dir='ltr'><strong>promissione</strong></span> <span class='ocrx_word' id='word_1_228' title='bbox 1413 3995 1608 4062; x_wconf 74' lang='lat' dir='ltr'><strong>manualiao</strong></span> 
     </span>
     <span class='ocr_line' id='line_1_32' title="bbox 137 4093 1565 4186; baseline -0.004 -20"><span class='ocrx_word' id='word_1_229' title='bbox 137 4099 235 4184; x_wconf 81' lang='lat' dir='ltr'><strong>Quod</strong></span> <span class='ocrx_word' id='word_1_230' title='bbox 258 4099 394 4186; x_wconf 87' lang='lat' dir='ltr'><strong>quisque</strong></span> <span class='ocrx_word' id='word_1_231' title='bbox 417 4093 655 4183; x_wconf 89' lang='lat' dir='ltr'><strong>promovendus</strong></span> <span class='ocrx_word' id='word_1_232' title='bbox 678 4093 814 4158; x_wconf 88' lang='lat' dir='ltr'><strong>daturus</strong></span> <span class='ocrx_word' id='word_1_233' title='bbox 835 4093 876 4158; x_wconf 90' lang='lat' dir='ltr'><strong>eit</strong></span> <span class='ocrx_word' id='word_1_234' title='bbox 895 4117 953 4160; x_wconf 89' lang='lat' dir='ltr'><strong>suo</strong></span> <span class='ocrx_word' id='word_1_235' title='bbox 975 4096 1162 4182; x_wconf 89' lang='lat' dir='ltr'><strong>promotori,</strong></span> <span class='ocrx_word' id='word_1_236' title='bbox 1184 4118 1249 4160; x_wconf 90' lang='lat' dir='ltr'><strong>non</strong></span> <span class='ocrx_word' id='word_1_237' title='bbox 1271 4095 1354 4162; x_wconf 89' lang='lat' dir='ltr'><strong>olam</strong></span> <span class='ocrx_word' id='word_1_238' title='bbox 1376 4096 1434 4162; x_wconf 88' lang='lat' dir='ltr'><strong>sed</strong></span> <span class='ocrx_word' id='word_1_239' title='bbox 1458 4094 1565 4184; x_wconf 89' lang='lat' dir='ltr'><strong>palam</strong></span> 
     </span>
     <span class='ocr_line' id='line_1_33' title="bbox 138 4193 1564 4290; baseline -0.004 -24"><span class='ocrx_word' id='word_1_240' title='bbox 138 4197 344 4290; x_wconf 89' lang='lat' dir='ltr'><strong>praesentari</strong></span> <span class='ocrx_word' id='word_1_241' title='bbox 368 4195 493 4260; x_wconf 84' lang='lat' dir='ltr'><strong>faciat³</strong></span> <span class='ocrx_word' id='word_1_242' title='bbox 521 4204 668 4281; x_wconf 89' lang='lat' dir='ltr'><strong>tempore</strong></span> <span class='ocrx_word' id='word_1_243' title='bbox 698 4215 775 4260; x_wconf 88' lang='lat' dir='ltr'><strong>auae</strong></span> <span class='ocrx_word' id='word_1_244' title='bbox 796 4195 1015 4280; x_wconf 89' lang='lat' dir='ltr'><strong>promocionis</strong></span> <span class='ocrx_word' id='word_1_245' title='bbox 1043 4217 1103 4282; x_wconf 91' lang='lat' dir='ltr'><strong>pro</strong></span> <span class='ocrx_word' id='word_1_246' title='bbox 1132 4193 1280 4259; x_wconf 88' lang='lat' dir='ltr'><strong>sollemni</strong></span> <span class='ocrx_word' id='word_1_247' title='bbox 1310 4195 1431 4261; x_wconf 89' lang='lat' dir='ltr'><strong>honore</strong></span> <span class='ocrx_word' id='word_1_248' title='bbox 1458 4197 1564 4261; x_wconf 86' lang='lat' dir='ltr'><strong>tocius</strong></span> 
     </span>
     <span class='ocr_line' id='line_1_34' title="bbox 137 4291 1567 4383; baseline -0.005 -16"><span class='ocrx_word' id='word_1_249' title='bbox 137 4297 321 4380; x_wconf 85' lang='lat' dir='ltr'><strong>facultatis3</strong></span> <span class='ocrx_word' id='word_1_250' title='bbox 352 4316 476 4383; x_wconf 89' lang='lat' dir='ltr'><strong>pauper</strong></span> <span class='ocrx_word' id='word_1_251' title='bbox 497 4315 593 4377; x_wconf 89' lang='lat' dir='ltr'><strong>vero,</strong></span> <span class='ocrx_word' id='word_1_252' title='bbox 622 4294 677 4382; x_wconf 92' lang='lat' dir='ltr'><strong>qui</strong></span> <span class='ocrx_word' id='word_1_253' title='bbox 700 4294 858 4377; x_wconf 79' lang='lat' dir='ltr'><strong>signatum</strong></span> <span class='ocrx_word' id='word_1_254' title='bbox 889 4292 1049 4360; x_wconf 86' lang='lat' dir='ltr'><strong>redimere</strong></span> <span class='ocrx_word' id='word_1_255' title='bbox 1075 4316 1139 4359; x_wconf 89' lang='lat' dir='ltr'><strong>non</strong></span> <span class='ocrx_word' id='word_1_256' title='bbox 1158 4291 1279 4376; x_wconf 88' lang='lat' dir='ltr'><strong>valuit,</strong></span> <span class='ocrx_word' id='word_1_257' title='bbox 1308 4295 1411 4381; x_wconf 88' lang='lat' dir='ltr'><strong>gratis</strong></span> <span class='ocrx_word' id='word_1_258' title='bbox 1433 4305 1567 4383; x_wconf 88' lang='lat' dir='ltr'><strong>propter</strong></span> 
     </span>
     <span class='ocr_line' id='line_1_35' title="bbox 140 4390 1567 4483; baseline -0.006 -17"><span class='ocrx_word' id='word_1_259' title='bbox 140 4399 236 4466; x_wconf 83' lang='lat' dir='ltr'><strong>damu</strong></span> <span class='ocrx_word' id='word_1_260' title='bbox 253 4403 493 4483; x_wconf 87' lang='lat' dir='ltr'><strong>promoveatur.</strong></span> <span class='ocrx_word' id='word_1_261' title='bbox 513 4393 677 4460; x_wconf 90' lang='lat' dir='ltr'><strong>Peccunia</strong></span> <span class='ocrx_word' id='word_1_262' title='bbox 696 4415 775 4459; x_wconf 88' lang='lat' dir='ltr'><strong>vero</strong></span> <span class='ocrx_word' id='word_1_263' title='bbox 796 4391 905 4458; x_wconf 88' lang='lat' dir='ltr'><strong>oblata</strong></span> <span class='ocrx_word' id='word_1_264' title='bbox 926 4393 988 4458; x_wconf 90' lang='lat' dir='ltr'><strong>hoc</strong></span> <span class='ocrx_word' id='word_1_265' title='bbox 1009 4393 1104 4459; x_wconf 91' lang='lat' dir='ltr'><strong>modo</strong></span> <span class='ocrx_word' id='word_1_266' title='bbox 1126 4390 1301 4476; x_wconf 87' lang='lat' dir='ltr'><strong>dividatur,</strong></span> <span class='ocrx_word' id='word_1_267' title='bbox 1324 4393 1419 4482; x_wconf 91' lang='lat' dir='ltr'><strong>quod,</strong></span> <span class='ocrx_word' id='word_1_268' title='bbox 1441 4393 1567 4459; x_wconf 88' lang='lat' dir='ltr'><strong>duabus</strong></span> 
     </span>
     <span class='ocr_line' id='line_1_36' title="bbox 136 4491 1607 4588; baseline -0.005 -24"><span class='ocrx_word' id='word_1_269' title='bbox 136 4496 289 4588; x_wconf 88' lang='lat' dir='ltr'><strong>partibus</strong></span> <span class='ocrx_word' id='word_1_270' title='bbox 311 4496 394 4560; x_wconf 86' lang='lat' dir='ltr'><strong>inter</strong></span> <span class='ocrx_word' id='word_1_271' title='bbox 415 4493 588 4580; x_wconf 88' lang='lat' dir='ltr'><strong>magistros</strong></span> <span class='ocrx_word' id='word_1_272' title='bbox 610 4493 651 4558; x_wconf 87' lang='lat' dir='ltr'><strong>do</strong></span> <span class='ocrx_word' id='word_1_273' title='bbox 672 4492 808 4559; x_wconf 89' lang='lat' dir='ltr'><strong>concilio</strong></span> <span class='ocrx_word' id='word_1_274' title='bbox 828 4491 991 4558; x_wconf 89' lang='lat' dir='ltr'><strong>facultatis</strong></span> <span class='ocrx_word' id='word_1_275' title='bbox 1012 4491 1188 4578; x_wconf 90' lang='lat' dir='ltr'><strong>aequaliter</strong></span> <span class='ocrx_word' id='word_1_276' title='bbox 1209 4491 1338 4575; x_wconf 86' lang='lat' dir='ltr'><strong>divisis,</strong></span> <span class='ocrx_word' id='word_1_277' title='bbox 1364 4495 1466 4558; x_wconf 89' lang='lat' dir='ltr'><strong>tercia</strong></span> <span class='ocrx_word' id='word_1_278' title='bbox 1485 4499 1607 4580; x_wconf 84' lang='lat' dir='ltr'><strong>pars35</strong></span> 
     </span>
     <span class='ocr_line' id='line_1_37' title="bbox 136 4589 1566 4680; baseline -0.008 -15"><span class='ocrx_word' id='word_1_279' title='bbox 136 4602 223 4665; x_wconf 86' lang='lat' dir='ltr'><strong>iuter</strong></span> <span class='ocrx_word' id='word_1_280' title='bbox 252 4604 378 4662; x_wconf 88' lang='lat' dir='ltr'><strong>ceteros</strong></span> <span class='ocrx_word' id='word_1_281' title='bbox 406 4595 580 4680; x_wconf 88' lang='lat' dir='ltr'><strong>magistros</strong></span> <span class='ocrx_word' id='word_1_282' title='bbox 607 4601 701 4658; x_wconf 83' lang='lat' dir='ltr'><strong>extra</strong></span> <span class='ocrx_word' id='word_1_283' title='bbox 731 4591 900 4658; x_wconf 89' lang='lat' dir='ltr'><strong>concilium</strong></span> <span class='ocrx_word' id='word_1_284' title='bbox 929 4591 1117 4679; x_wconf 86' lang='lat' dir='ltr'><strong>praedictae</strong></span> <span class='ocrx_word' id='word_1_285' title='bbox 1139 4589 1301 4658; x_wconf 78' lang='lat' dir='ltr'><strong>factdtatis</strong></span> <span class='ocrx_word' id='word_1_286' title='bbox 1323 4604 1396 4658; x_wconf 87' lang='lat' dir='ltr'><strong>actu</strong></span> <span class='ocrx_word' id='word_1_287' title='bbox 1418 4600 1566 4678; x_wconf 89' lang='lat' dir='ltr'><strong>regentes</strong></span> 
     </span>
     <span class='ocr_line' id='line_1_38' title="bbox 136 4692 586 4765; baseline -0.024 0"><span class='ocrx_word' id='word_1_288' title='bbox 136 4696 343 4765; x_wconf 87' lang='lat' dir='ltr'><strong>uniformiter</strong></span> <span class='ocrx_word' id='word_1_289' title='bbox 364 4692 586 4759; x_wconf 89' lang='lat' dir='ltr'><strong>distribuatur.</strong></span> 
     </span>
    </p>
   </div>
   <div class='ocr_carea' id='block_1_12' title="bbox 135 4904 1573 5236">
    <p class='ocr_par' dir='ltr' id='par_1_12' title="bbox 135 4904 1573 5072">
     <span class='ocr_line' id='line_1_39' title="bbox 228 4904 1573 4977; baseline -0.006 -8"><span class='ocrx_word' id='word_1_290' title='bbox 228 4909 326 4968; x_wconf 88' lang='lat' dir='ltr'><strong>tUnd</strong></span> <span class='ocrx_word' id='word_1_291' title='bbox 342 4925 416 4964; x_wconf 77' lang='lat' dir='ltr'><strong>zvar</strong></span> <span class='ocrx_word' id='word_1_292' title='bbox 430 4907 469 4962; x_wconf 89' lang='lat' dir='ltr'><strong>im</strong></span> <span class='ocrx_word' id='word_1_293' title='bbox 487 4905 753 4977; x_wconf 76' lang='lat' dir='ltr'><strong>Summerrcmester3</strong></span> <span class='ocrx_word' id='word_1_294' title='bbox 782 4908 857 4965; x_wconf 89' lang='lat' dir='ltr'><strong>deun</strong></span> <span class='ocrx_word' id='word_1_295' title='bbox 884 4912 970 4964; x_wconf 90' lang='lat' dir='ltr'><strong>unten</strong></span> <span class='ocrx_word' id='word_1_296' title='bbox 1000 4905 1069 4962; x_wconf 76' lang='lat' dir='ltr'><strong>vird</strong></span> <span class='ocrx_word' id='word_1_297' title='bbox 1099 4906 1231 4964; x_wconf 85' lang='lat' dir='ltr'><strong>Nicolaus</strong></span> <span class='ocrx_word' id='word_1_298' title='bbox 1248 4908 1359 4966; x_wconf 83' lang='lat' dir='ltr'><strong>Garden</strong></span> <span class='ocrx_word' id='word_1_299' title='bbox 1387 4905 1422 4961; x_wconf 87' lang='lat' dir='ltr'><strong>de</strong></span> <span class='ocrx_word' id='word_1_300' title='bbox 1438 4904 1573 4977; x_wconf 80' lang='lat' dir='ltr'><strong>Gripben·</strong></span> 
     </span>
     <span class='ocr_line' id='line_1_40' title="bbox 135 4994 867 5072; baseline -0.005 -20"><span class='ocrx_word' id='word_1_301' title='bbox 135 4999 231 5072; x_wconf 82' lang='lat' dir='ltr'><strong>hagan</strong></span> <span class='ocrx_word' id='word_1_302' title='bbox 251 4994 293 5050; x_wconf 89' lang='lat' dir='ltr'><strong>als</strong></span> <span class='ocrx_word' id='word_1_303' title='bbox 310 4994 407 5050; x_wconf 87' lang='lat' dir='ltr'><strong>Decan</strong></span> <span class='ocrx_word' id='word_1_304' title='bbox 425 4997 557 5064; x_wconf 76' lang='lat' dir='ltr'><strong>genennt,</strong></span> <span class='ocrx_word' id='word_1_305' title='bbox 574 5007 631 5046; x_wconf 81' lang='lat' dir='ltr'><strong>vas</strong></span> <span class='ocrx_word' id='word_1_306' title='bbox 648 5007 678 5047; x_wconf 90' lang='lat' dir='ltr'><strong>er</strong></span> <span class='ocrx_word' id='word_1_307' title='bbox 697 4997 776 5050; x_wconf 73' lang='lat'>1445·</span> <span class='ocrx_word' id='word_1_308' title='bbox 802 5009 867 5048; x_wconf 80' lang='lat' dir='ltr'><strong>war.</strong></span> 
     </span>
    </p>

    <p class='ocr_par' dir='ltr' id='par_1_13' title="bbox 223 5073 1241 5148">
     <span class='ocr_line' id='line_1_41' title="bbox 223 5073 1241 5148; baseline -0.004 -14"><span class='ocrx_word' id='word_1_309' title='bbox 223 5085 240 5137; x_wconf 77' lang='lat'>2</span> <span class='ocrx_word' id='word_1_310' title='bbox 260 5079 318 5134; x_wconf 87' lang='lat' dir='ltr'><strong>Der</strong></span> <span class='ocrx_word' id='word_1_311' title='bbox 334 5078 417 5134; x_wconf 82' lang='lat' dir='ltr'><strong>letata</strong></span> <span class='ocrx_word' id='word_1_312' title='bbox 435 5075 521 5132; x_wconf 83' lang='lat' dir='ltr'><strong>hatest</strong></span> <span class='ocrx_word' id='word_1_313' title='bbox 536 5075 717 5148; x_wconf 71' lang='lat' dir='ltr'><strong>rohstindig:</strong></span> <span class='ocrx_word' id='word_1_314' title='bbox 743 5075 885 5132; x_wconf 75' lang='lat' dir='ltr'><strong>conradus</strong></span> <span class='ocrx_word' id='word_1_315' title='bbox 902 5073 1056 5144; x_wconf 80' lang='lat' dir='ltr'><strong>Deiuhartii¹</strong></span> <span class='ocrx_word' id='word_1_316' title='bbox 1074 5075 1109 5131; x_wconf 86' lang='lat' dir='ltr'><strong>de</strong></span> <span class='ocrx_word' id='word_1_317' title='bbox 1125 5075 1241 5136; x_wconf 86' lang='lat' dir='ltr'><strong>Wetter.</strong></span> 
     </span>
    </p>

    <p class='ocr_par' dir='ltr' id='par_1_14' title="bbox 225 5159 639 5236">
     <span class='ocr_line' id='line_1_42' title="bbox 225 5159 639 5236; baseline -0.014 -14"><span class='ocrx_word' id='word_1_318' title='bbox 225 5168 242 5226; x_wconf 85' lang='grc'><strong>3</strong></span> <span class='ocrx_word' id='word_1_319' title='bbox 263 5161 432 5222; x_wconf 87' lang='lat' dir='ltr'><strong>Undsutlich</strong></span> <span class='ocrx_word' id='word_1_320' title='bbox 451 5159 639 5236; x_wconf 82' lang='lat' dir='ltr'><strong>geschrieben.</strong></span> 
     </span>
    </p>
   </div>
   <div class='ocr_carea' id='block_1_13' title="bbox 0 0 1884 6072">
    <p class='ocr_par' dir='ltr' id='par_1_15' title="bbox 0 0 1884 6072">
     <span class='ocr_line' id='line_1_43' title="bbox 0 0 1884 6072; baseline 0 0"><span class='ocrx_word' id='word_1_321' title='bbox 0 0 1884 6072; x_wconf 95' lang='lat' dir='ltr'><strong> </strong></span> 
     </span>
    </p>
   </div>
  </div>
 </body>
</html>
