3794 6060
617 447 667 496 Dis
684 445 865 498 Marmarion
882 461 944 496 rom
960 445 1044 498 Jahre
1058 453 1131 499 1446.
1558 453 1580 516 9

237 625 290 691 Iu*
305 647 444 712 quorum
473 627 614 694 omnium
642 637 674 694 et
695 630 894 716 singulorum
914 630 1009 696 fidem
1039 639 1070 696 el
1091 632 1309 716 testimopium
1330 634 1580 720 praemissorum

161 738 352 815 praesentes
373 737 511 812 nostras,
533 724 803 814 reformationem,
826 730 1061 797 ordinationem
1082 739 1114 794 et
1135 739 1255 796 statute
1269 731 1304 796 in
1320 755 1354 797 se
1371 733 1580 834 contiupntes,

160 829 263 894 nostri
283 826 449 894 miseriei
467 829 669 916 principatus
697 833 813 898 maiori
835 830 953 918 sigillo,
978 853 1041 916 quo
1060 853 1119 896 nos
1142 829 1345 915 wilhelmus,
1367 835 1435 898 eius
1454 855 1580 920 germa-

161 949 235 1010 nus,
259 929 421 992 coutimur
447 927 490 992 sd
511 951 681 1014 praeseus,
702 931 927 998 mandavimus
954 929 1103 996 roborari
1128 951 1167 995 ac
1193 941 1403 998 marmoratum
1433 955 1580 1000 reveren·

160 1026 235 1092 dum
257 1028 293 1092 in
313 1027 444 1094 Christo
465 1037 606 1115 petrem,
632 1028 795 1096 dominum
825 1033 1030 1119 episcopum,
1058 1028 1284 1098 cancellarium
1304 1033 1434 1098 unicum
1453 1041 1485 1098 et
1506 1055 1579 1099 ron·
1604 1043 1621 1099 5

160 1135 362 1192 servatorem
388 1127 494 1193 dictae
521 1127 626 1194 almae
653 1131 892 1216 universitatis,
921 1132 954 1196 in
985 1131 1112 1216 signum
1140 1131 1189 1195 sui
1210 1153 1386 1198 consensus
1409 1131 1581 1220 diligenter

160 1227 405 1392 requisivippus,
438 1228 543 1293 maius
580 1251 672 1294 suum
701 1229 843 1317 sigillum
874 1230 1101 1319 praesentibus
1131 1253 1196 1296 uua
1230 1253 1301 1297 cum
1331 1241 1442 1299 nosuo
1473 1231 1580 1320 sigillo

160 1347 309 1414 coappen

240 1491 285 1558 Et
305 1516 383 1577 nos,
412 1493 466 1560 dei
487 1505 519 1560 et
542 1497 740 1584 apostolicae
762 1497 850 1562 sedis
870 1498 984 1582 gracie
1012 1497 1173 1564 Iohannes
1199 1498 1371 1586 episcopus
1398 1497 1580 1565 ldsrsebur·

158 1593 279 1678 gensis,
300 1592 513 1660 cancellarium
530 1597 644 1661 unicus
664 1619 765 1684 supra
786 1597 1004 1662 mentionatae
1026 1597 1131 1662 almae
1150 1598 1369 1664 universitatis
1390 1621 1430 1664 ac
1450 1609 1623 1666 consor-10

159 1703 253 1756 vator
275 1693 396 1758 iurium
416 1693 672 1780 praedictorum,
699 1698 961 1783 recognoscimus
988 1696 1136 1762 omnihus
1166 1706 1199 1763 et
1225 1697 1359 1783 singulis
1386 1698 1581 1786 supradictis

159 1800 307 1858 nostnrm
327 1791 516 1860 adhibuisse
538 1816 728 1860 consensum
748 1799 872 1882 pariter
890 1804 923 1861 et
937 1819 1116 1878 assensum,
1137 1797 1273 1862 mauu-is
1296 1821 1393 1885 super
1409 1798 1471 1864 hiis
1491 1795 1582 1864 habi·

158 1893 200 1956 tis
222 1891 399 1978 petitorum
428 1893 587 1977 consiliis,
610 1893 696 1960 unde
713 1894 757 1960 ad
777 1896 1024 1982 requisicicnem
1047 1897 1215 1964 honestam
1235 1895 1494 1984 supradiororum
1511 1895 1581 1962 illu-

159 1991 274 2056 strium
302 1993 487 2079 principum
520 1994 726 2060 fimdatorum
755 1993 836 2060 dicti
863 1994 961 2060 studii
987 1997 1175 2084 praemissis
1203 1995 1351 2062 omnibus
1378 2005 1410 2061 et
1437 1994 1582 2082 singulis,

158 2099 257 2177 prout
278 2091 488 2158 rationabilia
508 2095 667 2177 existunt,
695 2094 860 2160 decretum
880 2103 1026 2162 nostrum
1047 2107 1080 2161 et
1100 2097 1325 2162 auctoritatem
1345 2097 1579 2182 interponimus
1592 2105 1623 2160 15

158 2211 199 2254 ac
221 2199 369 2256 nostrum
388 2194 491 2258 maius
512 2193 654 2279 sigillum
677 2193 903 2282 praesentibus
933 2194 1050 2260 litteris
1076 2205 1231 2282 perpetue
1251 2193 1414 2262 duraturis
1435 2192 1582 2262 ducimus

159 2289 462 2378 coappendendum.

242 2388 368 2455 Datum
402 2400 434 2456 et
468 2402 575 2458 actum
603 2391 746 2481 Lipozk,
782 2414 866 2458 anno
901 2393 1023 2460 domini
1060 2393 1230 2460 millesimo
1265 2392 1581 2480 quadringentesimo

158 2489 324 2554 tricesimo
347 2501 473 2576 octauo,
494 2493 577 2560 feria
598 2493 701 2558 tercia
714 2492 868 2578 proxima
887 2502 961 2579 post
978 2492 1122 2560 Methiae
1141 2490 1290 2580 apostoli.

168 2901 192 2946 4.
213 2896 282 2947 Dus
303 2887 539 2949 suardusuuu
558 2898 751 2950 smunmcu
769 2899 795 2949 11
814 2897 886 2950 UND
905 2897 1081 2950 BISGHOFS
1099 2895 1287 2950 JOHANNRS
1305 2896 1564 2952 aurosusrwu
1590 2891 1625 2949 20

700 3014 761 3050 rom
777 3005 814 3051 12.
827 3001 929 3050 Jauusr
943 3004 1015 3048 lue.
1029 2998 1038 3032 ¹

158 3195 463 3258 ssoumusromm
484 3197 718 3248 suaruuosuu
732 3197 1052 3246 raommcmuosuu
1070 3198 1116 3246 ur
1129 3196 1472 3264 commonuimus
1490 3200 1578 3250 rosr

724 3296 990 3346 muurrrouuu.
1006 3281 1019 3320 ²

239 3411 503 3494 Fredericus,
527 3395 708 3499 dei'gracia
722 3411 790 3478 dux
809 3411 982 3493 Saxoniae,
1004 3411 1089 3476 seori
1103 3409 1243 3476 Romani
1264 3413 1393 3498 imperii
1406 3413 1581 3479 archimar-

159 3513 318 3594 sohalcus,
341 3511 543 3599 Thuringise
564 3513 766 3600 lantgravius
788 3534 827 3577 ao
849 3511 992 3576 marchio
1012 3510 1212 3594 Misenensis,
1235 3509 1446 3594 Iohannes,
1467 3511 1625 3578 asdem25

158 3615 272 3700 gracia
307 3614 480 3699 spiscopus
509 3611 806 3698 Merueborgensis,
845 3609 1055 3676 cancellarius
1083 3613 1197 3676 misus
1229 3612 1334 3677 almae
1360 3611 1583 3678 universitatis

159 3711 257 3778 studii
279 3711 483 3799 Liptzensis,
506 3710 744 3778 venerabilibus
768 3721 799 3776 et
819 3711 1008 3776 reverendis
1029 3711 1119 3794 viris,
1141 3713 1323 3798 magistris,
1345 3710 1530 3778 doctoribus
1552 3721 1584 3776 et

160 3809 349 3894 scolaribus,
372 3813 406 3875 in
426 3808 514 3876 dicta
534 3811 900 3898 universitate³Liptzk
924 3810 1206 3894 commorantibus,
1227 3813 1373 3878 favorem
1394 3820 1426 3875 et
1448 3810 1583 3877 salutem

161 3934 233 3977 cum
254 3913 396 3977 omnium
417 3908 575 3976 bonorum
596 3911 805 3977 incremento.

229 4084 240 4134 1
261 4077 308 4132 Sis
324 4077 361 4131 ist
384 4094 439 4130 nur
463 4073 652 4130 abschriftlich
679 4075 804 4132 crhalten
825 4075 854 4130 in
878 4075 940 4130 dem
957 4074 1015 4132 MS.
1036 4081 1084 4130 mc
1110 4074 1157 4130 fol.
1175 4075 1224 4131 der
1240 4074 1585 4146 Universiuubibliothsk,

163 4161 203 4219 Bl.
212 4166 241 4217 21
257 4161 296 4234 fg.
331 4162 385 4216 Die
397 4159 568 4216 Universitiit
584 4159 759 4230 verweigcrto
775 4157 1202 4230 dieAnnslme(vgl.Urkund1.
1220 4158 1376 4225 Quelleu.S.
1390 4165 1439 4216 720
1456 4159 1513 4232 fg),
1526 4162 1583 4216 und

162 4248 212 4302 das
229 4246 369 4320 Original,
387 4243 503 4300 welches
519 4243 634 4300 deshalb
652 4243 730 4300 nicht
746 4243 776 4298 in
792 4245 845 4299 den
863 4244 962 4298 Fiscus
977 4241 1189 4315 aufgeuommen
1207 4243 1297 4312 ward,
1314 4242 1422 4299 scheint
1440 4245 1507 4299 bald
1525 4261 1582 4300 ver-

163 4331 236 4386 loreu
255 4347 403 4405 gegaugeu
422 4346 457 4383 su
475 4329 540 4385 sein.
575 4327 614 4383 Es
631 4328 731 4384 beruht
748 4328 800 4383 aui
814 4328 901 4383 ciuem
920 4325 1072 4396 Irrthume,
1094 4344 1172 4382 weun
1189 4326 1235 4381 ioh
1250 4327 1398 4399 (Urkundl.
1420 4327 1535 4394 Quelleu
1553 4327 1581 4383 S.

164 4413 222 4487 5³5)
238 4415 386 4485 summme,
408 4415 473 4470 dass
490 4419 571 4468 uuter
593 4413 642 4468 der
661 4414 738 4467 14481·
755 4413 800 4470 bei
817 4412 949 4470 Revision
972 4412 1020 4467 des
1037 4411 1135 4467 Fiscus
1152 4409 1309 4468 erwihntsu
1326 4413 1506 4484 Resmsnatio
1522 4412 1582 4466 smi-

163 4501 298 4554 serritutis
320 4519 380 4556 mm
396 4499 491 4570 sipillo
514 4500 594 4554 &scm
613 4497 658 4552 die
684 4496 862 4553 vorstehcnde
879 4495 1071 4552 Reformatiou
1095 4514 1130 4550 au
1153 4493 1296 4552 verstshen
1319 4496 1366 4552 sei.
1401 4497 1440 4551 Es
1466 4496 1503 4551 ist
1521 4496 1585 4551 viel·

164 4581 238 4638 mehr
253 4583 298 4639 dis
316 4589 427 4640 untert
446 4584 636 4656 abgedruckte
653 4582 844 4639 Reformation
862 4598 915 4636 von
935 4585 998 4635 1438
1015 4580 1152 4652 gemeiut,
1165 4580 1210 4634 die
1226 4579 1279 4635 seit
1300 4582 1377 4636 mssa
1395 4581 1432 4636 im
1449 4579 1582 4636 Rationa-

165 4665 218 4720 rius
230 4667 304 4722 Fisci
322 4669 484 4724 vorkommt.

229 4751 392 4808 Auffallend
409 4753 446 4808 ist
462 4771 503 4824 es,
527 4752 592 4807 dass
608 4752 682 4806 disse
699 4751 833 4809 Urkunde
851 4767 914 4806 vom
933 4757 972 4808 11.
990 4746 1100 4803 Januar
1116 4747 1203 4804 datirt
1217 4748 1262 4818 ist,
1279 4747 1406 4804 wihrerm
1423 4746 1468 4801 die
1485 4745 1582 4800 6118111-

166 4835 233 4892 liohe
248 4836 424 4892 Publioation
440 4835 583 4894 dersslbsn
601 4835 703 4891 bereits
719 4852 763 4890 sm
785 4838 823 4888 11.
836 4830 946 4887 Jauuar
963 4831 1086 4904 ersolgte.
1120 4832 1184 4904 Vgl
1204 4831 1340 4889 Urkundl.
1355 4829 1471 4896 Quellen
1481 4830 1508 4886 S.
1524 4833 1581 4886 120.

166 4937 430 5077 selbehmindvm
452 4941 502 4994 sed
521 4945 588 5010 post
605 4937 807 4990 immutarem
830 4932 960 4990 scheinsu
976 4933 1185 5006 uschgslragen
1208 4949 1244 4987 ru
1261 4931 1331 5000 sein,
1355 4929 1428 4986 doch
1451 4945 1507 4984 von
1523 4929 1583 4986 der·

270 5022 299 5078 fl
356 5063 362 5075 .

230 5127 245 5176 3
260 5121 446 5181 Gesehfisben
462 5123 536 5180 steht
551 5125 643 5180 dinae
658 5121 846 5179 micardis&
862 5118 935 5175 ohue
952 5120 991 5176 iu.
