3748 6070
318 431 380 502 332
806 437 858 492 ue
879 440 1099 504 psuuosuossa
1114 442 1243 494 rausa

320 613 527 702 subsequenti
553 621 621 685 eius
643 623 891 690 conversacione
916 623 1074 694 laudabili
1101 633 1336 714 praesumatur.
1376 623 1423 690 Et
1443 623 1540 692 ulan
1566 643 1739 690 excessum

319 714 456 784 facultas
488 721 612 786 arcium
643 731 774 808 reputat
802 722 978 789 notabilem
1008 735 1041 791 et
1068 727 1239 808 notorium,
1271 723 1312 790 de
1341 745 1405 810 quo
1437 745 1497 810 per
1520 733 1680 788 rectorem
1706 731 1741 790 et

319 834 501 884 assessores
523 821 590 885 eius
611 821 831 887 incarceratus
852 823 957 905 fuerit,
978 823 1032 890 vel
1052 827 1080 890 si
1100 823 1250 913 publicus
1270 824 1502 888 meritricarius
1523 821 1632 902 fuerit,
1652 820 1737 886 scili-

320 923 371 979 cet
396 917 482 1000 quod
508 919 542 984 in
564 919 658 985 domo
685 921 900 986 habitacionis
929 945 1006 990 suae
1033 924 1199 989 mulierem
1228 931 1411 1008 suspectam
1440 920 1569 1009 publice
1597 923 1737 986 tenuerit

277 1021 294 1074 5
320 1013 373 1078 vel
398 1015 441 1080 ad
467 1018 636 1084 comodum
661 1019 779 1086 bursae
805 1043 883 1086 auae
908 1023 1005 1088 talem
1030 1023 1262 1106 introduxerit,
1290 1031 1322 1088 et
1350 1021 1391 1086 de
1415 1021 1476 1087 hoc
1497 1021 1664 1086 convictus
1684 1019 1737 1085 vel

319 1114 484 1180 confessus
506 1117 557 1183 vel
578 1139 638 1205 per
659 1129 885 1186 conventorem
906 1131 1039 1210 propter
1065 1123 1150 1189 huuc
1177 1132 1210 1187 et
1235 1120 1410 1208 quemlibet
1438 1119 1537 1185 alium
1567 1141 1737 1186 exoessum

319 1211 360 1278 dc
386 1213 485 1281 bursa
512 1239 571 1282 sua
593 1218 747 1306 expulsus
767 1220 879 1302 fuerit,
905 1221 958 1286 vel
984 1223 1018 1286 in
1043 1220 1222 1309 prostibulo
1244 1219 1296 1288 vel
1322 1228 1416 1286 extra
1443 1217 1573 1306 publice
1600 1241 1636 1286 se
1663 1241 1736 1306 per-

319 1314 470 1396 cusserit,
498 1315 549 1382 vel
570 1316 616 1382 ibi
637 1317 824 1384 uulneratus
845 1341 887 1384 ex
908 1319 1004 1408 culpa
1024 1343 1082 1386 sua
1101 1320 1200 1386 fixerit
1220 1327 1335 1408 captus
1355 1318 1409 1383 vel
1430 1317 1660 1406 deprehensus,
1683 1317 1736 1384 vel

319 1412 374 1498 qui
395 1411 438 1478 ad
457 1413 586 1482 taxilles
608 1417 642 1482 in
663 1417 807 1484 tabernis
828 1417 956 1506 publice
983 1420 1105 1503 luserit,
1133 1419 1185 1486 vel
1212 1417 1423 1485 hastiludium
1448 1419 1483 1482 in
1510 1417 1581 1484 foro
1608 1416 1736 1506 publice

280 1518 312 1574 10
320 1515 515 1598 exercuerit,
542 1515 595 1582 vel
625 1518 680 1602 qui
706 1517 816 1582 verbis
841 1520 1006 1585 iniuriosis
1030 1519 1171 1606 aliquem
1195 1519 1424 1604 magistrorum
1448 1514 1579 1603 publice
1604 1516 1736 1584 laeserit

318 1609 370 1674 vel
396 1612 503 1698 ipsum
525 1616 681 1684 iniuriose
706 1621 918 1704 percusserit,
943 1618 998 1692 vel
1023 1619 1144 1684 firrtum
1164 1617 1216 1684 vel
1244 1617 1324 1684 elios
1345 1638 1509 1699 excessus,
1537 1638 1618 1701 quus
1640 1617 1735 1680 cumi-

318 1719 404 1776 tatur
423 1712 556 1778 infamia
577 1714 629 1780 vel
650 1716 847 1800 scandalum,
875 1719 1071 1784 commiserit
1091 1717 1143 1782 vel
1170 1717 1422 1804 perpetraverit:
1463 1737 1600 1802 quorum
1627 1715 1734 1780 nullus

319 1811 422 1876 eciam
442 1812 471 1876 si
491 1812 532 1878 de
554 1813 663 1902 aliquo
684 1817 925 1903 praedictorum
946 1839 1137 1883 excessuum
1159 1825 1328 1902 suspectus
1348 1813 1401 1880 vel
1426 1815 1601 1880 infamatus
1630 1814 1734 1896 fuerit,

318 1911 381 1974 nisi
402 1932 436 1976 se
458 1910 577 1978 detali
598 1937 657 2000 per
677 1939 769 1982 suum
789 1918 1004 1982 iuramentum
1023 1917 1273 2002 expurgaverit,
1300 1913 1344 1980 ed
1368 1935 1506 1980 examen
1526 1912 1579 1979 vel
1600 1922 1736 2000 tempta·

279 2017 309 2073 15
319 2032 402 2092 meu,
428 2019 465 2076 ut
485 2014 699 2097 praemissum
720 2025 783 2098 est,
811 2015 918 2104 aliquo
938 2014 1034 2082 modu
1054 2014 1251 2080 admittatur.
1293 2014 1338 2079 Et
1367 2015 1395 2079 si
1421 2012 1549 2099 aliquis,
1577 2011 1736 2078 defectum

316 2109 472 2176 natalium
491 2113 634 2198 paciens,
662 2113 705 2179 ad
729 2113 869 2204 aliquem
895 2114 1032 2201 gradum
1054 2114 1090 2180 in
1111 2112 1235 2178 artibus
1256 2113 1352 2178 brerit
1372 2121 1540 2200 promotus
1562 2121 1594 2176 et
1615 2110 1657 2178 de
1677 2109 1737 2176 boo

318 2211 505 2292 constiterit,
527 2209 578 2276 vel
600 2213 628 2276 si
649 2211 689 2277 dc
709 2219 781 2301 ipso
801 2213 932 2302 publica
955 2212 1084 2279 laborat
1104 2213 1247 2296 infamia,
1274 2212 1393 2276 nisiae
1415 2209 1489 2278 talis
1510 2209 1619 2275 debito
1641 2209 1735 2278 modo

319 2312 566 2395 expurgaverit,
598 2312 748 2378 exclusus
780 2315 822 2378 sit
853 2324 1008 2402 perpetue
1040 2335 1061 2378 a
1092 2311 1245 2377 facultate
1277 2311 1417 2393 arcium,
1448 2310 1604 2396 magister
1635 2311 1736 2374 mam

319 2407 415 2472 talem
449 2410 586 2475 scienter
618 2434 813 2498 promovens
845 2413 887 2480 ab
923 2411 1051 2479 actibus
1084 2409 1264 2476 scolasticis
1295 2432 1355 2498 per
1391 2409 1564 2475 triennium
1597 2409 1640 2474 sit
1670 2431 1735 2474 sus·

277 2513 451 2594 wpensus.

338 2679 386 2739 41.
408 2691 478 2753 Quo
500 2693 600 2744 uouo
622 2695 880 2746 reouovursuus
901 2699 938 2746 ru
957 2699 1105 2747 tarmus
1127 2695 1291 2746 rausum
1310 2691 1420 2742 susus
1443 2692 1479 2740 m
1498 2690 1620 2740 ausam
1640 2692 1706 2740 vsu

789 2795 972 2846 conusens
991 2799 1037 2846 nr
1059 2797 1130 2858 ouo
1152 2793 1263 2844 nouo.

400 2924 480 2990 Item
500 2924 606 2990 nullus
629 2926 818 2992 admittatur
845 2928 887 2994 ad
914 2952 1051 2996 examen
1072 2930 1125 2996 vel
1154 2935 1351 3014 temptamen
1380 2925 1412 2988 in
1440 2919 1576 3004 artibus,
1604 2923 1667 2988 nisi
1695 2921 1734 2988 ad

318 3025 423 3088 minus
444 3045 503 3111 per
524 3047 642 3090 annum
663 3029 823 3114 integrum
843 3029 878 3092 in
897 3027 997 3094 bursa
1018 3028 1069 3094 vel
1089 3028 1224 3114 collegio
1245 3024 1379 3106 steterit,
1408 3022 1472 3086 nisi
1492 3019 1576 3086 filius
1598 3022 1735 3086 civitatis

279 3122 418 3190 nuent
438 3123 490 3189 vel
512 3123 593 3190 aliae
616 3124 697 3190 adeo
718 3125 911 3192 habundans
931 3127 983 3193 vel
1004 3128 1155 3194 notabilis
1176 3125 1281 3206 fuerit,
1311 3121 1397 3211 quod
1419 3119 1548 3187 domum
1570 3122 1735 3210 propriam

319 3232 428 3288 tenere
449 3233 481 3288 et
502 3245 663 3311 expensas
684 3227 835 3314 proprias
856 3249 921 3293 una
943 3249 1016 3292 cum
1043 3229 1200 3314 magistro
1222 3222 1273 3288 vel
1302 3221 1511 3288 informatore
1519 3221 1538 3302 ¹,
1565 3218 1618 3284 vel
1624 3270 1634 3303 ‚
1661 3243 1735 3307 pau·

317 3331 443 3408 pertate
464 3332 630 3409 gravatus,
653 3325 824 3390 serviendo
845 3325 923 3390 alibi
945 3349 1107 3413 expensas
1128 3329 1162 3391 in
1184 3333 1250 3390 tcto
1272 3321 1324 3387 vel
1345 3343 1405 3410 pro
1426 3318 1600 3384 medietate
1621 3321 1736 3408 poterit
1813 3336 1818 3346 ·

317 3419 439 3487 habere
464 3423 577 3508 gratis,
604 3421 645 3488 de
672 3424 851 3510 quotidem
880 3423 1026 3491 facultati
1056 3425 1116 3490 sub
1139 3449 1198 3491 sua
1225 3420 1429 3490 consciencia
1456 3441 1515 3506 per
1541 3419 1624 3485 duos
1651 3422 1735 3486 viros

317 3520 472 3607 ydoneos,
494 3523 550 3606 qui
571 3521 707 3587 credant
726 3523 774 3587 ita
795 3523 874 3606 fore,
893 3524 1003 3590 facere
1024 3522 1196 3611 obligatur.

273 3713 308 3770 30
449 3711 498 3774 42.
519 3723 566 3769 nn
586 3723 789 3772 masunrro
811 3723 1039 3773 raouovaunr
1061 3725 1098 3772 m
1118 3722 1266 3772 tarmus
1288 3719 1356 3768 vau
1377 3718 1603 3770 ammarum

911 3859 971 3924 Vgl.
990 3874 1015 3908 a.
1033 3859 1071 3910 St
1091 3860 1132 3912 29.

400 3989 483 4054 Item
513 3987 655 4053 decanus
686 3987 808 4055 nullum
839 3989 935 4056 debet
964 3989 1143 4056 inscribere
1175 4011 1236 4077 pro
1259 3979 1422 4070 examine,
1453 3986 1517 4052 nisi
1547 3988 1641 4076 prius
1673 3985 1733 4052 tale

318 4089 431 4153 fecerit
461 4089 690 4154 iuramentum:
731 4089 824 4176 „Ego
856 4091 903 4156 .N.
933 4091 1020 4172 iuro,
1052 4089 1139 4178 quod
1168 4109 1229 4153 nec
1258 4087 1389 4154 accione
1418 4107 1479 4151 nec
1507 4084 1649 4169 ulcione,
1677 4109 1733 4152 uec

316 4185 418 4254 verbo
439 4209 498 4252 nec
519 4188 616 4270 facto,
632 4210 703 4252 mec
724 4211 783 4277 per
812 4212 863 4254 me
883 4212 944 4256 nec
970 4213 1029 4278 per
1051 4189 1161 4270 aliurn,
1188 4209 1249 4252 nec
1270 4185 1391 4252 directe
1412 4206 1473 4250 nec
1494 4184 1662 4269 indirecte,
1686 4183 1732 4250 vel

277 4297 510 4376 35quocunque
540 4285 604 4353 alio
631 4288 728 4354 modo
755 4311 807 4354 me
833 4289 931 4354 velim
957 4288 1140 4370 vindicare,
1170 4288 1198 4352 si
1226 4286 1269 4351 ad
1298 4307 1435 4350 examen
1460 4284 1514 4350 vel
1542 4293 1732 4373 temptamen

318 4409 386 4453 non
412 4385 503 4450 fuero
531 4385 692 4452 admissus
721 4387 772 4453 vel
801 4389 902 4454 eciam
934 4399 1010 4476 post
1037 4409 1173 4452 examen
1202 4385 1255 4450 vel
1282 4395 1480 4473 temptamen
1507 4385 1655 4467 reiectus,
1680 4381 1733 4448 sub

318 4505 427 4572 poena
451 4484 595 4572 periurii,
621 4486 708 4570 quod
733 4497 847 4552 contra
872 4489 995 4553 faciens
1023 4487 1095 4573 ipso
1122 4485 1208 4550 facto
1234 4487 1375 4567 incurro,
1401 4495 1433 4550 et
1454 4491 1582 4549 centum
1606 4484 1734 4550 floreno·

317 4607 400 4666 rum,
429 4605 565 4671 quorum
593 4585 749 4651 medietas
777 4585 871 4652 cedat
898 4588 960 4670 illi,
989 4609 1083 4674 quern
1115 4585 1162 4649 sic
1189 4585 1360 4671 impetam,
1387 4582 1452 4649 alis
1478 4603 1557 4648 veru
1583 4582 1732 4648 medietas

319 4683 415 4751 cedat
434 4682 612 4750 facultati.“

401 4957 412 5007 1
434 4949 575 5008 monach
591 4967 647 5005 war
663 4949 784 5024 amangs
797 4953 903 5024 poterit
918 4950 1107 5024 gcoehriebsn,
1126 4949 1193 5005 aber
1210 4948 1309 5004 wieder
1327 4945 1547 5018 smgestricben.
