3788 6078
874 423 924 474 Dic
941 421 1126 486 theologlache
1138 419 1266 475 rasuras

842 639 1045 688 contuemur
1065 637 1289 686 racuurams.

968 759 1074 822 Caput
1089 757 1164 807 x111.

436 867 561 934 Recens
581 880 706 935 creatam
724 869 836 936 doctor
851 871 947 938 huius
970 869 1099 938 scholae
1119 869 1250 958 publice
1271 867 1387 934 docere
1409 891 1448 934 ac
1469 869 1641 956 disputare
1661 877 1770 956 potest,

353 969 410 1034 sed
432 971 466 1032 in
488 967 657 1034 consilium
678 978 710 1034 et
729 970 891 1036 facultatis
921 970 1091 1057 collegium
1119 968 1161 1034 ab
1187 971 1319 1054 antiquo
1346 969 1434 1032 intra
1469 968 1638 1034 biennium
1668 969 1771 1032 venire

311 1079 328 1132 5
355 1090 420 1133 non
448 1069 560 1154 potuit.
609 1067 705 1148 Quod
734 1092 791 1135 nos
820 1071 1035 1157 corrigentes,
1062 1069 1215 1134 iussimus
1244 1091 1282 1132 ao
1309 1069 1533 1154 permisimus,
1554 1067 1699 1132 themata
1718 1089 1772 1130 sua

354 1169 438 1232 inter
450 1168 705 1254 promovendum
721 1169 886 1256 explicata
907 1168 1037 1258 publice
1056 1171 1091 1234 in
1114 1167 1225 1232 schola
1246 1167 1413 1254 disputare
1434 1189 1585 1256 quenque
1608 1175 1640 1232 et
1661 1169 1770 1254 postri-

357 1265 409 1330 die
431 1267 571 1353 quinque
593 1289 708 1333 aureos
736 1269 945 1336 ioachimicos
972 1268 1158 1356 persolvere
1186 1266 1391 1352 doctoribus,
1420 1267 1460 1332 de
1489 1290 1554 1353 qua
1583 1275 1694 1332 tamen
1723 1288 1770 1352 pe

356 1368 450 1430 cunia
471 1367 595 1453 etipse
616 1370 798 1455 portionem
820 1371 975 1456 accipiat,
1003 1391 1043 1432 ac
1064 1379 1132 1431 tum
1154 1370 1293 1453 primum
1317 1368 1359 1431 sit
1378 1390 1462 1432 unus
1484 1365 1525 1430 de
1547 1365 1696 1452 collegio.
1736 1363 1770 1430 Id

358 1465 444 1554 quod
459 1476 567 1531 tamen
581 1466 622 1531 de
641 1467 696 1532 hio
717 1471 834 1534 creatis
855 1467 1051 1534 intellectum
1072 1466 1232 1547 volumus,
1252 1489 1328 1532 nam
1348 1475 1499 1532 externos
1521 1487 1607 1530 anno
1628 1487 1693 1530 uno
1713 1487 1772 1528 non

314 1577 346 1632 10
356 1565 478 1653 placuit
499 1565 642 1649 liberari,
664 1567 750 1653 quod
772 1569 806 1633 in
828 1569 968 1653 antiquis
988 1566 1050 1630 fuit
1071 1565 1327 1653 quadriennium.

703 1792 707 1801 ,
762 1730 819 1820 [Bl.
833 1731 879 1820 5⁸]
908 1749 1080 1798 mussas
1101 1748 1369 1800 rsouorroruu.

955 1869 1063 1933 Caput
1084 1869 1170 1918 xlm.

435 1982 725 2048 Bacoalanreatum
747 1984 906 2069 petiturus
928 1981 1111 2070 theologico
1132 1982 1212 2047 fiseo
1239 2005 1299 2046 sex
1326 2004 1442 2047 aureos
1467 1981 1500 2045 in
1528 2003 1610 2046 auro
1632 1989 1771 2045 numeret

353 2082 595 2149 conservandae
610 2082 796 2147 academiae
812 2104 940 2166 caussa,
960 2092 1099 2171 quatuor
1120 2104 1236 2148 aureos
1256 2079 1444 2147 doctoribus
1464 2079 1593 2167 collegii
1613 2117 1655 2126 —
1685 2079 1772 2144 decet

313 2195 343 2250 15
353 2185 448 2265 enim,
470 2182 740 2266 significationem
753 2180 895 2270 aliquam
908 2181 1118 2268 gratitudinis
1132 2181 1259 2246 ostendi
1274 2203 1353 2268 erga
1367 2204 1432 2264 eos,
1454 2181 1509 2266 qni
1529 2179 1662 2246 labores
1684 2182 1770 2244 susti·

353 2293 430 2348 nent
451 2280 676 2364 consiliorum,
697 2281 951 2370 disputationum
970 2293 1003 2346 et
1023 2283 1209 2346 examinum
1231 2317 1289 2364 —,
1315 2280 1445 2346 famulis
1467 2279 1608 2368 publicis
1630 2277 1772 2345 similiter
1874 2335 1875 2370 ,

354 2379 456 2447 solide
479 2403 595 2445 aureos
617 2380 706 2446 duos.
743 2380 975 2446 Licentiandus
997 2379 1144 2446 similiter
1163 2403 1278 2446 aureos
1300 2383 1442 2468 quinque
1463 2379 1655 2444 doctoribus
1676 2377 1771 2444 facul·

352 2482 430 2545 tatis
453 2481 487 2544 in
509 2502 589 2544 auro
611 2490 766 2562 numeret,
790 2489 822 2546 et
842 2480 923 2545 alios
943 2483 977 2545 in
998 2503 1077 2546 auro
1101 2480 1190 2546 duos.
1234 2480 1270 2546 Si
1298 2503 1380 2545 unus
1408 2491 1474 2563 est,
1502 2481 1676 2566 pecuniam
1705 2503 1771 2544 eam

355 2601 527 2646 aureorum
550 2579 689 2664 quinque
710 2578 983 2666 proeancellarius
1010 2592 1110 2646 totam
1132 2578 1275 2666 abripiat
1303 2577 1344 2644 ob
1372 2578 1601 2667 disputationis
1623 2601 1771 2666 operam3

310 2683 382 2746 fflsi
403 2677 530 2766 plures,
553 2677 707 2764 quicquid
727 2677 774 2742 illi
795 2677 1025 2764 dependerint,
1054 2681 1089 2743 in
1118 2678 1260 2765 reliquos
1290 2681 1413 2765 pariter
1435 2676 1600 2742 dividatur
1623 2679 1771 2744 adiuncto

351 2775 628 2844 vicecancellario.
681 2777 787 2841 Detur
820 2787 989 2864 praeterea
1028 2801 1198 2844 neccarum
1231 2781 1385 2865 episcopo
1411 2789 1444 2842 et
1471 2800 1605 2862 aureus,
1635 2779 1772 2864 itemque

352 2899 469 2942 aureus
497 2875 754 2942 vicecancellarii
782 2875 924 2958 famulo,
956 2877 1135 2942 adcersitus
1165 2877 1208 2942 ad
1241 2899 1313 2942 eum
1339 2875 1476 2959 scheda,
1498 2887 1533 2942 ut
1562 2887 1613 2942 est
1639 2879 1675 2942 in
1704 2899 1771 2942 oon-

354 2974 532 3044 suetudine.

432 3074 487 3140 Ad
507 3075 645 3162 gradum
673 3074 869 3142 doctoralem
899 3077 1080 3165 pendantur
1105 3075 1290 3142 doctoribus
1313 3076 1424 3142 decem
1445 3085 1477 3141 et
1496 3085 1569 3142 octo
1590 3098 1773 3163 sexagenas

310 3177 506 3264 ttantiquae
520 3197 540 3239 a
553 3173 698 3262 singulis,
716 3178 912 3261 promotoris
935 3188 1042 3243 autem
1063 3180 1242 3264 praemium
1263 3179 1325 3242 erit
1347 3199 1368 3242 a
1387 3175 1523 3263 singulis
1545 3174 1772 3263 promovendis

349 3297 466 3342 aureus
493 3274 705 3361 Hungaricus
728 3297 821 3340 unus.

435 3374 567 3440 Debent
593 3398 670 3440 vcro
700 3375 847 3462 insigniti
870 3387 936 3460 ter,
965 3376 1064 3442 semel
1084 3378 1117 3441 in
1137 3399 1256 3464 magno
1277 3386 1310 3442 et
1330 3374 1462 3464 publico
1485 3374 1637 3463 prandio,
1660 3378 1771 3441 iterum

352 3475 481 3563 vesperi
496 3473 538 3538 ad
553 3495 696 3558 coenam,
715 3473 873 3560 postridie
890 3499 1018 3542 rursum
1037 3475 1186 3542 doctores
1202 3476 1386 3563 theologiae
1407 3497 1519 3541 omnes
1541 3474 1585 3540 ad
1605 3473 1772 3540 honestum

353 3574 536 3641 convivium
558 3575 706 3638 invitare.

309 3684 344 3742 ³0
435 3675 535 3738 Fiant
561 3693 687 3760 quoque
713 3673 748 3738 in
776 3695 870 3738 suum
897 3671 1009 3740 orbern
1040 3687 1072 3740 et
1106 3675 1251 3740 ordinem
1285 3675 1525 3760 promotionum
1552 3672 1715 3739 conmoda
1743 3683 1790 3766 et¹
1874 3683 1875 3760 ἦ

353 3795 473 3860 operae
493 3775 527 3837 in
550 3771 685 3859 singulis
707 3772 863 3856 gradibus
885 3776 969 3840 inter
990 3774 1076 3840 solos
1098 3772 1138 3839 de
1160 3773 1310 3860 collegio,
1332 3795 1371 3838 ac
1397 3773 1546 3860 primarii
1574 3774 1772 3858 promotoris
1874 3779 1875 3864 fi

354 3873 480 3958 collega
501 3874 535 3936 in
556 3873 765 3958 consequenti
787 3872 958 3939 doctoratu
978 3873 1035 3940 liat
1057 3883 1222 3962 promotor
1243 3876 1324 3960 ipse.

438 3971 507 4036 Nec
526 3994 604 4036 vero
626 3968 729 4035 abiis
750 3971 944 4038 excludendi
965 3975 1099 4039 veniunt
1120 3973 1233 4057 solum,
1257 3974 1312 4060 qui
1332 3971 1473 4037 nondum
1496 3972 1611 4036 inserti
1630 3982 1709 4036 sunt
1728 3971 1770 4035 fa-

353 4071 491 4153 cultatis,
514 4069 598 4158 quod
621 4091 718 4157 saepe
740 4069 898 4154 diximus,
920 4071 1055 4159 collegio
1077 4081 1174 4157 atque
1196 4071 1346 4153 consilio,
1370 4070 1428 4136 sed
1449 4071 1536 4153 etii,
1558 4072 1624 4156 qui,
1648 4093 1721 4138 cum
1741 4071 1771 4134 in

310 4170 478 4259 ttoppido
507 4169 704 4235 consistendi
728 4169 833 4236 studio
854 4194 919 4236 uon
941 4175 1085 4258 agitant,
1107 4174 1254 4258 irrepunt
1275 4195 1293 4236 e
1315 4172 1497 4258 propinquo
1520 4181 1552 4234 et
1573 4193 1617 4236 ex
1638 4169 1770 4250 insidiis,

352 4268 504 4336 lucellum
523 4280 697 4352 venantes,
726 4269 838 4335 relicto
865 4269 939 4336 aliis
967 4270 1078 4337 labore
1107 4281 1202 4358 atque
1229 4273 1405 4336 certamine
1432 4269 1596 4356 legitimo,
1626 4279 1770 4335 carentes
1874 4281 1875 4290 ’

354 4369 595 4455 acturegentiae
617 4379 648 4434 et
668 4369 872 4455 praesentiae
892 4371 1031 4436 nomine
1063 4369 1169 4434 Extra
1189 4367 1374 4435 facultatem
1395 4391 1473 4435 vero
1494 4368 1604 4436 etalii
1625 4368 1770 4434 doctores

354 4467 484 4538 labores
506 4467 695 4556 disputandi
717 4478 750 4533 et
769 4471 1009 4536 enarrationum
1030 4471 1225 4554 sustineant,
1254 4479 1286 4534 et
1314 4491 1505 4536 consensum
1526 4467 1696 4535 doctrinae
1716 4489 1769 4554 pa·

352 4573 432 4636 riter
452 4577 603 4634 traantur
624 4591 698 4633 oum
719 4565 866 4654 collegio.

310 4748 344 4805 40
810 4750 991 4801 numerus
1010 4751 1047 4800 nt
1065 4751 1314 4801 summarum.

969 4869 1074 4936 Caput
1089 4871 1147 4924 XV.

436 4988 472 5054 Si
495 5010 570 5054 vere
600 4987 827 5066 aestimamus,
857 4982 963 5050 nullus
989 4985 1089 5049 totius
1119 4985 1206 5050 vitae
1234 4985 1357 5072 gradus
1384 4986 1519 5052 sustinet
1546 4985 1711 5052 difficilius
1738 4995 1766 5050 et
1874 4969 1875 4984 ¹

353 5089 458 5154 maius
486 5109 602 5154 munus
631 5106 726 5174 quam
756 5083 809 5149 hic
843 5082 940 5168 ordo,
966 5085 1017 5149 cui
1048 5083 1290 5150 commendatur
1316 5082 1493 5174 explicatio
1520 5094 1554 5151 et
1583 5085 1764 5152 diiudicatio
