3794 6066
317 455 376 521 104
788 454 845 504 Des
862 453 997 504 lohannes
1014 454 1092 504 Fabri
1111 455 1144 504 ds
1162 455 1278 506 Werdss

315 645 348 702 et
368 634 541 719 custodiat,
563 657 603 701 ac
624 637 794 702 victoriam
816 635 922 702 eidem
943 645 1056 703 contra
1076 635 1181 704 dictos
1202 636 1310 704 hostes
1333 661 1410 706 suos
1432 638 1603 722 concedat,
1625 661 1740 728 pacem

316 735 456 823 denique
481 745 512 802 et
538 733 805 823 tranquillitatem
831 736 999 824 largiatur.
1051 735 1257 804 Oblationem
1283 747 1422 824 protunc
1448 739 1571 804 lacmnt
1602 749 1635 804 et
1664 738 1740 806 inde

316 859 381 902 non
400 835 555 901 recedant
574 837 637 900 nisi
659 837 760 902 missa
780 835 965 903 huiusmodi
986 835 1087 904 finita.
1133 835 1201 902 Sub
1222 859 1328 924 poena
1347 839 1443 904 unius
1463 837 1579 906 floreni
1601 847 1663 904 etc.

344 1009 394 1072 22.
424 1021 619 1071 munerun
639 1021 708 1070 rao
732 1020 832 1070 mssa
853 1019 1115 1070 unwassrrsrrs
1137 1019 1183 1068 oa
1204 1019 1327 1070 novun
1348 1022 1536 1072 ramensis
1556 1021 1716 1074 onmruss

288 1112 305 1168 5
898 1121 1143 1170 nncsursuns.
1335 1119 1339 1128 ·

399 1235 535 1302 Mandat
560 1235 709 1302 omnibus
736 1246 768 1302 et
794 1236 928 1324 singulis
957 1246 1033 1320 etc,
1067 1246 1228 1326 quatenus
1263 1259 1337 1302 cras
1363 1236 1446 1304 hora
1472 1261 1511 1308 n.
1541 1240 1575 1305 in
1603 1239 1743 1307 ecclesia

318 1337 422 1404 sancti
443 1336 490 1403 Ν.
511 1336 705 1401 conveniant
733 1345 766 1402 et
796 1338 915 1402 missae
949 1337 1171 1403 universitatis
1203 1335 1325 1403 ibidem
1358 1335 1401 1402 ad
1435 1335 1565 1404 laudem
1597 1348 1631 1404 et
1651 1335 1740 1428 [13⁸]

317 1438 471 1504 honorem
491 1437 739 1522 cunctipotentis
761 1435 814 1502 dei
834 1435 1152 1525 gloriosissimeque
1173 1437 1311 1522 virginis
1333 1437 1448 1502 matris
1462 1435 1589 1504 Mariae
1604 1437 1646 1506 ob
1664 1441 1742 1506 novi

317 1535 476 1624 principis
496 1535 590 1604 huius
611 1545 719 1601 terrae
741 1546 773 1600 et
793 1537 896 1622 patris
917 1535 1110 1623 gaudiosam
1131 1537 1388 1624 procreationem
1410 1535 1609 1604 sollemniter
1624 1537 1742 1604 decan·

278 1647 311 1703 10
319 1635 439 1702 tandae
466 1645 498 1702 et
524 1637 666 1701 sermoni
690 1633 773 1700 inibi
799 1633 906 1701 fiendo
931 1635 1082 1702 decenter
1103 1635 1263 1702 habituati
1284 1637 1448 1718 intersint,
1477 1635 1675 1704 oblationem
1695 1639 1742 1705 fa·

319 1738 406 1802 ciant
425 1745 457 1801 et
476 1735 553 1802 inde
573 1758 639 1802 non
658 1733 814 1801 recedant
831 1736 896 1800 nisi
916 1735 979 1802 hiis
990 1736 1099 1802 finitis.
1130 1735 1198 1801 Sub
1212 1758 1319 1824 poena
1328 1745 1466 1824 quatuor
1480 1759 1670 1824 grossorum
1684 1747 1742 1804 etc

376 1910 426 1974 23.
460 1920 655 1971 munerun
675 1919 722 1968 nn
745 1918 936 1970 suroamus
957 1919 1073 1969 rreum
1092 1918 1300 1969 smannens
1320 1920 1587 1972 summamus
1606 1921 1683 1971 soa

902 2020 1156 2070 orraunmrms.

403 2133 539 2202 Mandat
563 2134 711 2202 omnibns
741 2143 774 2201 at
794 2135 929 2223 singulis
950 2137 1170 2202 universitatis
1192 2135 1336 2202 eiusdem
1356 2137 1547 2226 suppositis,
1579 2147 1741 2228 quatenus

281 2238 383 2305 15hoc
405 2259 477 2302 sero
498 2233 675 2323 diebusque
696 2245 728 2302 et
746 2236 895 2302 noctibus
918 2234 1142 2324 sequentibus,
1169 2235 1244 2302 dum
1272 2246 1396 2303 sutores
1416 2238 1510 2304 iuxta
1530 2238 1629 2304 ritum
1649 2261 1743 2306 suum

320 2338 408 2404 faces
438 2335 602 2419 ardentes,
630 2359 711 2424 quas
737 2336 844 2403 lumen
871 2335 1027 2402 Hallense
1052 2337 1210 2419 vocitant,
1237 2357 1297 2422 per
1323 2337 1414 2402 vicos
1441 2346 1474 2402 et
1499 2335 1627 2425 plateas
1647 2338 1743 2405 huius

320 2436 434 2525 oppidi
455 2436 692 2518 circumferent,
714 2438 749 2502 in
768 2437 835 2502 suis
856 2434 1111 2502 habitationibus
1133 2445 1165 2500 et
1186 2435 1314 2500 stantiis
1336 2458 1407 2502 sese
1431 2437 1619 2502 contineant
1638 2439 1743 2526 ipsos-

321 2539 437 2628 quein
458 2538 526 2602 suis
548 2537 709 2602 consuetis
731 2533 1014 2618 sollemnitatibus,
1036 2536 1105 2601 sive
1126 2535 1215 2601 faces
1235 2534 1491 2602 circumferendo
1512 2537 1582 2602 sive
1605 2537 1743 2604 choreas

322 2636 485 2720 ducendo,
518 2657 722 2724 nequaquam
755 2633 951 2723 impediant,
985 2633 1176 2722 perturbent
1203 2635 1271 2699 sive
1298 2637 1412 2723 quovis
1439 2634 1535 2702 modo
1563 2636 1744 2722 molestent,

281 2748 435 2805 aevorum
464 2737 573 2824 potius
602 2757 658 2800 eos
684 2737 775 2823 ipsos
802 2732 1023 2800 huiuscemodi
1050 2757 1124 2800 suos
1144 2736 1225 2800 ritus
1246 2734 1380 2822 pacifice
1402 2745 1434 2800 et
1454 2737 1561 2824 quiete
1581 2759 1742 2824 peragere

322 2838 522 2928 permittant
564 2833 632 2902 Sub
654 2857 761 2923 poena
780 2836 874 2900 unius
896 2856 1079 2921 sexagenas
1098 2856 1204 2901 novae
1225 2844 1285 2900 eto.

383 3010 434 3072 2⁴1·
464 3019 658 3070 manarunt
679 3018 843 3068 TEMPORE
864 3017 1075 3067 namnetas
1097 3018 1332 3070 chananeam!
1352 3019 1676 3072 matermortua

923 3117 1153 3167 murmannus.

404 3236 541 3304 Mandat
561 3243 636 3318 etc,
665 3243 823 3322 quatenus
843 3233 965 3300 nullum
986 3236 1132 3322 ipsorum
1152 3233 1213 3300 hoc
1233 3255 1383 3320 vespere,
1409 3232 1487 3301 dum
1510 3235 1668 3304 candelae
1689 3238 1742 3306 do·

280 3343 481 3408 teminorum
510 3333 806 3422 magistrandorum
838 3335 873 3398 in
903 3333 1027 3399 artibus
1059 3335 1151 3400 iuxta
1182 3334 1348 3420 antiquam
1376 3341 1408 3399 et
1428 3332 1625 3402 laudabilem
1655 3332 1741 3426 [13¹³]

320 3441 414 3506 huius
437 3435 658 3504 universitatis
680 3432 941 3500 consuetudinem
963 3432 1160 3500 sollemniter
1180 3433 1462 3517 circumferentur,
1491 3436 1525 3500 in
1545 3434 1675 3523 plateis,
1697 3438 1742 3501 vi·

321 3541 378 3622 cis,
400 3537 545 3623 collegiis
566 3544 622 3600 aut
642 3533 749 3600 bursis
772 3532 929 3598 clamores
950 3531 1124 3600 horribiles
1146 3533 1313 3614 suscitare,
1335 3554 1428 3598 arma
1449 3532 1575 3601 deferre
1597 3559 1654 3602 seu
1676 3536 1740 3603 alia

322 3656 532 3726 quaecunque
564 3632 694 3716 illicita,
724 3641 861 3721 propter
895 3654 977 3718 quae
1007 3633 1203 3699 universitas
1232 3630 1397 3697 antedicta
1421 3634 1595 3722 inquietari
1623 3646 1741 3724 posset,

324 3757 477 3803 exercere
499 3741 694 3822 praesumat.
739 3731 808 3797 Sub
829 3753 935 3818 poena
953 3732 1051 3796 trium
1070 3731 1281 3815 florenorum,
1301 3733 1505 3798 universitati
1526 3743 1587 3800 etc.

281 3913 316 3970 ³0
371 3910 420 3972 25.
453 3916 648 3968 munerun
668 3916 737 3965 rao
759 3915 926 3966 sannsmo
949 3915 1225 3984 conversorum,
1246 3916 1454 3968 manamaus
1474 3920 1520 3968 nr
1543 3919 1692 3970 ruucrrs

930 4013 1131 4066 sonvnunm.

405 4131 544 4200 Mandat
558 4129 707 4196 omnibus
729 4140 761 4196 et
781 4129 917 4217 singulis
936 4129 1132 4216 bursalibus,
1154 4132 1393 4221 paedagogium
1414 4134 1476 4201 hoo
1495 4135 1742 4202 immorantibus

325 4259 365 4302 ac
385 4233 429 4300 ad
447 4235 523 4298 iura
542 4229 720 4297 bursalium
741 4229 823 4296 inibi
843 4231 969 4297 ratione
989 4233 1128 4298 stantiae
1148 4235 1300 4316 astrictis,
1321 4243 1478 4321 quatenus
1491 4235 1741 4302 conventoribns

324 4333 468 4401 eiusdem
488 4355 548 4419 pro
570 4329 717 4414 sallario,
737 4329 912 4417 lignalibus
933 4341 965 4397 et
985 4333 1137 4418 punctis¹
1159 4331 1245 4398 infra
1265 4331 1418 4416 triduum,
1441 4355 1462 4398 a
1482 4332 1568 4400 datis
1590 4357 1741 4423 praesen·

281 4434 410 4504 ³5tibns
439 4429 726 4519 computandum2,
758 4429 888 4496 realiter
919 4441 951 4496 et
983 4453 1056 4496 cum
1087 4430 1203 4496 effectu
1233 4431 1449 4516 satisfaciant,
1479 4433 1539 4499 sub
1565 4457 1675 4522 poena
1702 4459 1742 4500 .v.

323 4555 529 4623 grossorum,
549 4528 814 4596 irremissibiliter
835 4527 1132 4618 persolvendorum.
1173 4529 1238 4612 Qui
1259 4553 1354 4615 vero,
1382 4531 1568 4600 huiusmodi
1588 4535 1741 4602 mandato

322 4658 388 4700 non
413 4627 576 4721 parendo,
602 4630 686 4717 ipsis
711 4631 797 4696 infra
824 4631 1061 4719 praescriptum
1087 4631 1258 4695 terminum
1286 4631 1473 4698 satisfacere
1497 4632 1587 4701 haud
1608 4657 1741 4702 curave-

324 4744 413 4818 runt,
439 4729 592 4822 proxima
618 4728 671 4794 die
695 4753 733 4794 n,
759 4752 869 4796 ceram
897 4737 1156 4820 praememorato
1186 4727 1317 4795 domino
1353 4740 1480 4798 rectore
1504 4733 1539 4798 in
1564 4731 1637 4800 loco
1666 4757 1742 4800 suae

324 4835 438 4902 solitae
458 4828 657 4898 residentiae
676 4827 817 4918 legitime
838 4836 1063 4919 compareant,
1084 4850 1224 4917 poenam
1243 4828 1427 4898 huiusmodi
1450 4833 1661 4919 persoluturi,
1688 4845 1742 4902 aut

393 5073 405 5123 1
421 5072 528 5204 pucelle»
542 5061 803 5205 unzsnafgelder,
820 5063 919 5120 dadis
935 5061 1093 5118 mannen
1109 5059 1187 5117 ralla
1203 5061 1291 5119 durch
1308 5063 1418 5120 Pnnkte
1435 5065 1539 5122 notiert
1556 5065 1677 5123 worden.

392 5157 408 5207 2
427 5151 502 5222 Verg
536 5165 573 5204 ru
616 5165 655 5204 ro.
677 5153 716 5204 17.
