3758 6072
489 442 574 495 Drittc
592 440 857 511 Ststntcnrcdaction,
876 453 929 494 ron
949 438 1138 494 ultro-149⁰.

427 681 457 744 3.
483 692 543 756 our
564 693 601 742 m
621 690 818 742 nnncrroue
838 691 967 740 uncam
988 691 1106 741 vocsu
1127 690 1252 738 araur.

209 808 293 874 Item
311 806 418 874 nullus
438 808 474 874 in
495 806 651 874 electione
672 806 787 876 decem
806 829 920 874 vocem
941 807 1056 891 habet,
1085 807 1148 872 nisi
1170 806 1212 870 sit
1232 803 1273 870 de
1293 803 1426 869 oonsilio
1447 803 1547 868 facul-

128 909 207 974 tatis
231 916 264 973 at
284 916 360 973 actu
380 929 498 994 regens
521 908 556 972 in
577 907 691 974 eadem
712 916 745 973 et
763 904 877 974 babitu
897 904 1079 994 magistrali
1101 903 1242 972 indutus.

534 1079 564 1139 4.
589 1091 637 1138 ns
659 1089 759 1140 nono
779 1089 947 1138 neronum
968 1089 1144 1139 nucarum,

206 1208 290 1273 Item
312 1203 426 1272 electio
447 1205 563 1272 decani
582 1207 617 1271 in
635 1205 721 1272 buno
740 1205 872 1272 modum
893 1203 989 1272 debet
1010 1205 1183 1272 celebrari:
1204 1206 1309 1292 primo
1330 1203 1546 1270 fiatinduccio
1572 1213 1588 1269 5

127 1328 186 1394 per
208 1328 308 1373 vocas
329 1303 540 1390 singulorum,
560 1312 593 1370 at
613 1306 641 1370 si
659 1306 765 1371 maior
784 1327 862 1393 pars
884 1305 918 1369 in
938 1303 1077 1392 aliquem
1099 1307 1147 1370 sic
1169 1304 1375 1385 consenserit,
1397 1302 1473 1368 talis
1487 1326 1547 1392 pro

125 1405 250 1472 decano
271 1403 449 1487 babeatur3
478 1405 605 1470 aivam
625 1406 730 1470 maior
750 1426 829 1492 pars
857 1405 892 1469 in
923 1402 1062 1491 aliquem
1081 1427 1146 1470 non
1167 1403 1381 1485 consenserit,
1407 1413 1485 1467 tunc
1506 1401 1549 1468 ad

125 1503 316 1569 scrutinium
345 1502 561 1592 procedatur,
588 1505 623 1569 in
652 1525 714 1590 quo
742 1505 771 1570 si
797 1503 905 1569 nullus
934 1504 1012 1586 erit,
1038 1503 1094 1568 fiet
1122 1503 1398 1591 compromissum.
1438 1501 1483 1566 Et
1501 1501 1548 1565 sic

126 1602 249 1669 electus
270 1604 305 1668 in
326 1603 483 1669 decanum
509 1603 619 1668 statim
640 1611 769 1669 tenetur
790 1602 968 1668 decanatum
991 1601 1131 1668 officium
1152 1622 1332 1685 assumere,
1363 1599 1423 1667 sub
1444 1622 1549 1688 poena

126 1703 222 1768 unius
244 1725 438 1790 sexagenas,
461 1711 493 1768 ct
513 1701 627 1768 decani
649 1703 773 1788 antiqui
795 1701 1014 1768 officiumnon
1032 1702 1206 1789 expirabit,
1228 1699 1546 1768 doneoindecanum
1557 1709 1589 1764 10

126 1803 174 1867 sic
209 1801 332 1869 electus
360 1801 551 1890 acceptabit
594 1801 630 1868 Si
664 1823 743 1868 vero
770 1804 818 1866 sic
846 1801 966 1866 electus
999 1801 1175 1868 decanatus
1210 1802 1350 1868 officium
1383 1821 1547 1866 assumere

122 1910 307 1985 recusaret,
328 1903 463 1985 tociens,
485 1901 638 1986 quociens
660 1900 780 1966 clectus
800 1901 907 1983 fucrit,
926 1921 1025 1966 unam
1046 1923 1245 1988 sexagenum
1265 1899 1430 1987 persolvat
1446 1898 1546 1966 facul·

120 2003 191 2067 tati.
246 1999 291 2066 Et
319 2011 492 2090 postquam
519 2001 648 2066 functum
676 2000 773 2066 fucrit
803 1999 909 2067 offimo
938 1999 1129 2084 decanatus,
1162 2009 1240 2065 tunc
1272 1998 1472 2088 peramplius
1500 1998 1544 2065 ad

122 2099 259 2166 eundem
288 2099 516 2166 assumendum
544 2101 630 2166 infra
657 2099 841 2186 quindecim
867 2121 986 2183 annos,
1017 2108 1090 2186 post
1115 2098 1177 2166 hoc
1196 2101 1348 2166 continue
1368 2100 1544 2186 proximos,

122 2198 219 2266 debet
248 2221 320 2266 esse
347 2199 496 2283 inabilis,
534 2197 707 2266 dummodo
740 2209 849 2266 tamen
878 2199 964 2265 infra
989 2197 1069 2264 illud
1098 2209 1224 2287 tempus
1251 2198 1307 2263 alii
1336 2200 1483 2286 magistri
1505 2198 1546 2264 de
1555 2209 1586 2263 15

120 2299 236 2366 mem
251 2301 382 2364 natione
396 2299 498 2366 abilae
519 2309 552 2364 et
573 2299 693 2386 ydonei
712 2309 864 2387 poterunt
883 2299 1030 2385 reperiri,
1051 2299 1116 2362 nisi
1139 2301 1242 2364 eciam
1253 2297 1547 2386 aliquismagistro·

119 2409 288 2485 rumpuat
310 2398 503 2466 decanatum
524 2397 566 2466 dc
591 2397 736 2486 quolibet
754 2400 788 2464 in
811 2396 937 2464 artibus
966 2396 1179 2486 disputasset;
1215 2397 1289 2464 talis
1317 2399 1402 2463 enim
1422 2398 1546 2464 ratione

120 2497 307 2566 hrainsmodi
343 2498 581 2587 disputacionis
612 2497 795 2565 laboriosae
829 2507 861 2564 et
889 2498 1074 2564 fructuosae
1102 2495 1254 2584 eligibilis
1288 2496 1470 2564 censebitur
1502 2495 1547 2562 ad

119 2597 324 2666 decmatum.

537 2687 569 2747 5.
589 2699 637 2748 nn
660 2697 862 2748 [urrunnun
882 2696 967 2746 uovr
987 2697 1127 2747 nucum.
1551 2687 1586 2745 20

199 2816 282 2881 Item
294 2813 414 2880 electus
426 2813 460 2879 in
481 2812 640 2879 decanum
650 2813 814 2882 facultatis
831 2815 956 2880 arcium
964 2812 1087 2880 iurabit
1101 2815 1222 2880 seniori
1237 2813 1400 2880 facultatis
1414 2815 1544 2879 nornine

119 2913 264 2981 eusdem
284 2912 449 2980 facultatis
478 2910 538 2978 sub
561 2912 624 2979 hac
645 2914 764 2979 forma:
791 2913 886 3000 „Ego
907 2913 946 2982 N.
968 2915 1057 2997 iuro,
1087 2913 1173 3003 quod
1197 2922 1316 2979 statuta
1339 2909 1370 3001 [4
1379 2911 1404 3000 ⁸]
1427 2923 1459 2978 et
1479 2923 1544 2980 sta·

122 3013 245 3080 tuenda
265 3036 328 3101 pro
346 3012 433 3079 bono
455 3011 620 3078 facultatis
640 3013 764 3078 arcium
785 3013 920 3078 firmiter
939 3011 1038 3078 velim
1068 3010 1243 3079 observare
1266 3021 1308 3095 et,
1329 3021 1484 3100 quantum
1509 3014 1544 3078 in

118 3135 169 3178 me
189 3121 249 3198 est,
272 3115 341 3179 sine
363 3111 437 3180 dolo
458 3120 490 3177 et
509 3111 624 3176 frauda
646 3110 687 3177 ab
710 3110 860 3179 omnibus
881 3111 989 3176 facere
1011 3109 1209 3177 observari.“

202 3212 295 3296 Item,
318 3211 406 3300 quod
427 3211 585 3293 decanus,
608 3209 648 3275 de
669 3232 754 3277 novo
775 3219 976 3297 assumptus,
998 3209 1039 3275 de
1060 3220 1166 3276 cetero
1188 3233 1269 3298 pura
1291 3219 1323 3276 ct
1343 3208 1584 3296 simpliciter,25

119 3333 183 3376 non
201 3311 237 3376 vi
257 3323 314 3377 aut
340 3333 453 3399 prece,
483 3310 697 3399 promissione
724 3319 780 3376 aut
805 3310 931 3396 precio,
958 3331 1061 3395 neque
1089 3307 1153 3374 alio
1174 3309 1317 3398 impulsu
1344 3318 1376 3374 ct
1396 3307 1541 3373 subordi-

118 3412 249 3477 natione
271 3410 424 3498 eligatur,
453 3409 603 3497 quodque
628 3409 755 3496 ipsein
782 3431 841 3474 sua
864 3409 1084 3497 assumptione
1104 3411 1189 3474 inter
1210 3408 1276 3474 alia
1298 3409 1348 3474 sui
1368 3409 1542 3474 iuramenti

119 3509 265 3597 capitula
283 3513 387 3578 eciam
407 3511 515 3576 iurare
538 3518 695 3592 teneatur,
715 3507 802 3597 quod
822 3529 927 3594 neque
946 3531 1007 3596 pro
1030 3509 1098 3575 eius
1116 3507 1291 3597 adeptione
1312 3529 1370 3596 per
1391 3529 1542 3594 seneque

118 3631 176 3696 per
197 3609 316 3694 abum,
348 3610 470 3676 directe
492 3629 548 3675 scu
568 3607 740 3692 indirecte,
761 3606 891 3696 publice
912 3607 965 3674 vel
985 3605 1125 3692 occulte,
1152 3610 1269 3676 institit
1288 3616 1345 3675 aut
1365 3629 1424 3695 per
1444 3605 1542 3673 alium

123 3731 180 3774 sen
207 3731 268 3796 per
290 3708 372 3776 alios
393 3711 516 3776 instare
536 3708 621 3774 fecit
664 3706 702 3774 si
722 3709 794 3795 quis
815 3716 923 3774 autern
944 3707 1005 3774 hoc
1025 3710 1240 3774 iuramentum
1260 3717 1429 3798 praestare
1451 3715 1583 3774 recu-³0

120 3809 253 3894 saverit,
275 3818 394 3876 extum
413 3808 457 3875 ad
478 3807 671 3876 decanatum
690 3805 780 3874 illum
801 3807 897 3874 debet
917 3829 989 3874 esse
1010 3807 1219 3876 inabilitatus.

284 4004 328 4072 Π.
347 4005 519 4074 Statuta
537 4007 756 4074 cernencia
782 4002 979 4070 decanum
1004 4005 1232 4076 facultatis
1259 4008 1414 4074 arcium

635 4113 674 4174 et
699 4105 836 4194 ipsius
863 4103 1062 4172 officium.

826 4245 839 4305 1

197 4351 352 4418 Deoanus
370 4353 408 4419 in
430 4352 515 4419 festo
536 4353 642 4418 sancti
663 4351 796 4440 Aegidii
818 4357 889 4435 (dea
912 4359 939 4422 1.
962 4359 1147 4442 Septcntcr)
1169 4354 1331 4426 tenebitur
1360 4371 1581 4429 convocare35

117 4473 226 4518 omnes
256 4454 433 4540 magistros
458 4454 492 4518 in
520 4451 674 4518 facultate
703 4456 826 4520 arcium
853 4454 897 4521 ad
916 4453 1174 4523 distribuendum
1195 4457 1297 4524 libros
1320 4483 1417 4548 super
1437 4471 1538 4527 muta-

117 4572 209 4720 ἓξὲξ
228 4549 518 4722 ξηθὶζζέγοωαίἰ.
559 4550 651 4618 Idem
671 4552 728 4620 fiet
747 4554 783 4620 in
805 4553 857 4622 die
877 4553 1030 4642 Gregorii
1052 4553 1096 4643 (rt
1119 4562 1167 4624 12.
1188 4555 1295 4648 Mra)
1318 4583 1415 4648 super
1436 4570 1537 4628 muta-

518 4823 546 4885 2.
570 4833 619 4884 nn
645 4835 911 4889 nxncuroamus
934 4837 1178 4890 suaruroaun.

197 4935 282 5004 Item
302 4935 425 5024 placuit
443 4935 624 5024 magistris,
650 4935 737 5025 quod
764 4935 906 5005 decanus
927 4939 969 5004 sit
990 4937 1154 5028 obligatus
1176 4940 1235 5008 sub
1256 4963 1314 5008 suo
1342 4941 1577 5027 iuramentum

117 5035 203 5122 quod
222 5033 372 5102 facultati
390 5037 569 5126 praestitit,
599 5033 643 5101 ad
668 5033 806 5103 fideliter
827 5037 1051 5127 exequendum
1071 5050 1103 5106 et
1122 5039 1394 5108 manutenendum
1415 5051 1536 5109 statuta

116 5134 289 5204 facultatis.
327 5135 372 5204 Et
392 5157 466 5205 cum
484 5133 548 5205 hoc
558 5137 655 5205 iuxta
666 5156 766 5206 unum
777 5137 945 5228 antiquum
960 5148 1126 5227 statutum,
1142 5143 1230 5211 facta
1240 5141 1396 5212 electione
1409 5140 1534 5230 decani,
