3788 6078
365 465 425 534 562
878 468 928 519 Die
948 467 1132 533 meologtrche
1150 467 1278 520 Faculttt.

366 648 569 734 theologicae
590 649 753 715 facultatis
774 658 851 714 tunc
873 659 1060 736 praesentes
1085 651 1262 739 aequaliter
1283 649 1491 732 dividendos,
1519 649 1600 715 dare
1621 647 1740 714 debent
1758 659 1784 713 et

367 747 553 836 persolvere
568 771 642 813 cum
661 749 786 832 effectu,
808 749 850 814 ad
873 749 960 838 quod
980 751 1082 815 eciam
1103 752 1170 816 suis
1192 750 1295 816 literis
1316 747 1518 834 theologicae
1537 749 1687 815 facultati
1708 747 1783 813 dats

366 871 401 912 se
426 858 602 934 spontanee
624 847 818 934 obligarunt.

452 1020 500 1083 39.
524 1009 585 1100 [Bl.
599 1011 664 1101 22²]
687 1015 782 1081 Anno
800 1013 1015 1080 domicillae
1037 1015 1071 1079 in
1093 1015 1236 1100 profesto
1256 1023 1389 1078 sanctae
1400 1013 1529 1100 Agatae
1541 1017 1583 1096 (d
1595 1015 1782 1088 ahiram)

324 1127 341 1180 5
368 1113 552 1181 conclusum
575 1115 636 1178 fuit
657 1115 860 1180 concorditer
881 1137 941 1202 per
967 1137 1077 1180 omnes
1104 1111 1252 1178 doctores
1280 1112 1321 1178 de
1347 1112 1482 1178 coasilio
1510 1112 1680 1178 facultatis
1706 1111 1782 1176 theo-

366 1215 507 1300 logicae,
529 1213 631 1298 quod,
655 1215 682 1278 si
712 1215 801 1302 quis,
831 1215 900 1278 sive
926 1212 1080 1278 secularis
1109 1214 1178 1276 sive
1202 1210 1390 1300 religiosus,
1417 1221 1606 1298 assumptus
1632 1211 1780 1275 fueritin

367 1312 586 1378 baccalarium
618 1311 800 1400 theologiae
829 1312 872 1378 ad
899 1312 1071 1398 legendum
1101 1333 1231 1376 cursum
1259 1310 1311 1376 vel
1333 1311 1513 1376 sentencias
1535 1321 1632 1375 exus
1651 1332 1784 1376 mensem

369 1411 606 1496 theologorum,
628 1411 714 1498 quod
734 1410 819 1478 ultra
842 1413 969 1478 solitam
990 1411 1176 1498 pecuniam,
1198 1433 1296 1498 quam
1323 1420 1450 1476 tenetur
1478 1409 1606 1476 solvere
1627 1411 1662 1474 in
1684 1433 1784 1474 mense

367 1509 592 1596 theologorum
614 1533 674 1597 pro
694 1512 920 1577 consolacione
942 1512 1125 1592 doctorum,
1147 1510 1250 1574 eciam
1275 1511 1316 1574 sit
1344 1508 1506 1596 obligatus
1534 1509 1578 1574 ad
1601 1507 1782 1574 solvendum

327 1619 469 1674 tttunum
491 1608 646 1674 florenum
668 1632 835 1674 conensem
856 1623 992 1698 propter
1013 1609 1083 1690 hoc,
1106 1607 1192 1697 quod
1213 1618 1308 1673 extra
1329 1630 1471 1672 mensem
1492 1609 1662 1696 recipitur.

452 1781 500 1840 40.
522 1771 617 1840 Anno
643 1779 720 1841 ¹502
744 1773 795 1840 die
817 1787 933 1864 quarta
955 1775 1074 1840 mensis
1094 1772 1287 1838 Novembris
1309 1769 1355 1858 (d.
1366 1781 1396 1838 4.
1406 1777 1582 1850 November)
1605 1772 1782 1838 conclusum

368 1875 428 1940 fuit
452 1873 653 1938 concorditer
675 1883 707 1938 et
728 1884 880 1940 statutum
891 1924 901 1958 ,
934 1873 1020 1960 quod
1047 1875 1081 1939 in
1113 1882 1208 1938 antea
1236 1871 1278 1936 ad
1306 1869 1476 1958 legendum
1497 1895 1628 1937 cursum
1649 1875 1685 1936 in
1703 1871 1781 1936 theo

366 1973 471 2060 logia,
492 1973 556 2036 nisi
580 1995 614 2036 se
636 1971 718 2037 velle
745 1972 815 2038 lieri
844 1971 994 2038 clericum
1015 1973 1216 2060 promiserit,
1241 1969 1283 2036 ad
1305 1973 1485 2036 sentencias
1504 1993 1583 2037 vero
1605 1993 1666 2058 pro
1688 1973 1782 2036 forma

367 2071 540 2159 legendas,
567 2072 628 2135 nisi
652 2069 692 2135 de
714 2073 800 2138 facto
824 2075 857 2138 in
876 2071 1055 2138 minoribns
1078 2073 1212 2153 existat,
1235 2069 1279 2136 ad
1306 2069 1475 2136 licenciam
1506 2081 1614 2135 autem
1635 2072 1782 2158 recipien-

327 2171 455 2253 ttdum,
475 2171 537 2234 nisi
559 2171 592 2234 in
614 2169 790 2236 malorihus
814 2171 993 2254 ordinibus,
1013 2170 1056 2236 ad
1076 2171 1182 2236 minus
1206 2167 1468 2250 subdiaconatus,
1489 2181 1564 2235 actu
1592 2170 1693 2234 faerit
1718 2193 1781 2234 con·

367 2273 512 2352 stitutus,
534 2291 594 2355 per
614 2269 801 2335 facultatem
822 2271 1035 2357 theologicam
1067 2271 1196 2335 omnino
1224 2291 1290 2334 aon
1321 2268 1544 2338 admittatnrz¹
1574 2268 1662 2356 quod
1690 2271 1781 2334 eciam

367 2369 517 2436 doctores
544 2379 576 2432 et
602 2368 765 2434 licenciati
792 2393 928 2436 unacum
957 2369 1151 2436 baccalariis
1175 2370 1210 2432 in
1238 2368 1408 2454 principiis
1436 2370 1471 2432 in
1500 2389 1633 2432 cursum
1663 2383 1696 2434 et
1721 2391 1781 2432 sen·

366 2471 490 2535 tencias
516 2477 572 2532 aut
592 2467 759 2534 licenciam
781 2470 999 2556 recipiendam
1022 2491 1082 2554 pro
1107 2468 1228 2534 honore
1248 2467 1413 2532 facultatis
1433 2465 1638 2552 theologicae
1659 2478 1778 2533 tenean-

365 2581 417 2636 tur
440 2571 606 2633 interesse.

324 2744 359 2800 20
635 2740 683 2803 41.
707 2730 853 2822 [ulam]
882 2753 1033 2800 marsal
1055 2751 1123 2800 rao
1146 2751 1526 2800 vrcsaauosnnsmsro.

449 2865 731 2933 Reverendissime
765 2877 857 2954 pater
890 2875 921 2930 et
956 2866 1086 2932 domine
1118 2867 1376 2953 graciosissimel
1424 2867 1564 2932 Vestrae
1601 2866 1777 2953 paternitati

366 2967 539 3032 affectuose
579 2966 876 3032 recommendamus
908 2965 1110 3032 venerabiles
1139 2969 1250 3049 viros,
1272 2965 1436 3032 'videlicet
1465 2967 1641 3050 magistros
1673 2966 1711 3030 N.
1738 2965 1778 3044 li,

366 3068 522 3132 stancius
546 3066 784 3154 supplicantes,
806 3075 963 3153 quatenus
987 3075 1097 3130 vestra
1116 3075 1254 3154 paterna
1281 3067 1385 3154 pietas
1407 3065 1608 3151 theologicae
1628 3065 1777 3130 facultatis

370 3169 488 3232 intuitu
513 3165 696 3231 honorabili
725 3169 812 3248 viro,
842 3165 973 3230 domino
999 3167 1155 3251 magistro
1186 3166 1235 3248 N,
1261 3167 1296 3230 in
1327 3187 1421 3230 sacra
1451 3167 1576 3252 pagina
1603 3165 1776 3252 professori,

323 3267 573 3332 25autoritatem
602 3265 681 3330 velit
710 3265 885 3332 concedere
921 3265 1076 3350 praefatis
1111 3266 1278 3351 magistris
1310 3265 1479 3332 licenciam
1510 3267 1544 3331 in
1573 3267 1776 3352 sacrapagim

366 3363 571 3446 conferendi,
602 3364 688 3450 quod
717 3367 799 3432 votis
829 3363 978 3430 omnibus
1009 3363 1097 3451 apud
1129 3364 1263 3430 eandem
1286 3365 1324 3429 V.
1352 3365 1390 3430 P.
1418 3367 1568 3453 cupimus
1601 3365 1775 3453 promereri.

366 3465 443 3533 Dat.
466 3463 589 3550 Liptzk
608 3465 681 3550 ipso
702 3463 754 3528 die
776 3475 835 3530 etc.
879 3463 946 3528 Sub
969 3462 1075 3548 sigillo
1098 3463 1148 3546 N,
1170 3487 1233 3550 quo
1258 3466 1379 3530 utimur
1400 3487 1459 3551 pro
1479 3466 1656 3551 praesenti.

469 3581 606 3644 Vestrae
628 3581 834 3666 paternitatis
856 3579 991 3644 humiles
1013 3589 1168 3661 oratores,
1190 3579 1332 3646 decanus
1354 3581 1516 3666 ceterique
1537 3581 1686 3666 magistri

655 3679 818 3744 facultatis
840 3678 1041 3765 theologicae
1062 3681 1283 3746 universitatis
1301 3679 1496 3766 Liptzensis.

323 3805 358 3860 30
450 3794 731 3861 Revereudissimo
760 3797 793 3860 in
821 3797 927 3864 Oriato
955 3798 1042 3885 patri
1070 3819 1110 3862 ac
1138 3795 1283 3878 domino,
1311 3794 1441 3862 domino
1462 3795 1513 3878 N,
1547 3796 1699 3883 episcopo

532 3893 809 3982 Merssburgcnsi,
832 3897 1054 3962 univcrsitatis
1077 3895 1262 3982 Liptzensis
1289 3894 1484 3961 cancellario
1515 3895 1622 3977 unico,

806 3994 934 4062 domino
956 4005 1067 4062 nostro
1089 3995 1340 4081 graciosissimo.

702 4201 752 4262 42.
781 4211 934 4260 mrrsas
955 4211 1163 4261 vocsmoms
1183 4212 1230 4258 sn
1251 4211 1448 4260 nrosacrsu.

444 4323 655 4392 Honorabilis
672 4327 801 4393 domine
820 4328 984 4414 magister,
1006 4328 1076 4391 sitis
1098 4347 1170 4392 cras
1191 4325 1273 4392 hora
1292 4349 1379 4393 nona
1399 4329 1433 4392 in
1453 4324 1586 4392 lectorio
1605 4325 1770 4392 ordinaria-

320 4435 433 4492 3⁵rum
459 4422 545 4512 [23⁸]
566 4426 824 4513 disputaciouum
846 4426 889 4492 ad
912 4425 1106 4514 capiendum
1127 4424 1297 4492 hcenciam
1324 4427 1358 4491 in
1379 4449 1475 4492 sacra
1494 4425 1666 4514 theologia
1704 4423 1770 4490 Dat

363 4547 447 4590 anno
470 4523 528 4589 tali
549 4534 580 4590 ot
601 4525 654 4590 die
675 4525 732 4591 tali
754 4537 813 4591 etc.

771 4641 930 4728 Magister
952 4643 1001 4707 .N.
1023 4663 1137 4706 sacrae
1159 4640 1342 4728 theologiae
1362 4643 1528 4730 professor
1550 4653 1583 4708 et
1603 4641 1735 4708 decanus

1068 4739 1232 4806 facultatis
1252 4741 1408 4809 eiusdem.

589 4855 784 4922 Honorabili
805 4859 892 4941 viro,
915 4857 1045 4922 domino
1072 4859 1229 4944 magistro
1251 4857 1310 4942 .N.,
1332 4859 1376 4924 ad
1396 4857 1566 4924 licenciam

819 4958 853 5022 in
876 4979 970 5022 sacra
989 4954 1151 5042 theologia
1174 4956 1325 5023 admisso.

450 5145 458 5194 Ι
480 5139 534 5193 Am
552 5139 661 5193 Raude:
685 5138 739 5200 Qut
755 5157 809 5192 aon
827 5147 865 5192 eat
883 5139 912 5192 ia
930 5138 1075 5200 orrlias'bua
1090 5139 1248 5208 uanioribus,
1267 5155 1323 5192 aea
1340 5140 1503 5194 udrrrs'ttatrsr
1518 5141 1561 5193 ad
1577 5139 1699 5194 mm.
