3748 6070
374 455 434 524 324
870 449 920 508 bt·
938 451 1157 520 pbilosopbbrlss
1172 451 1300 508 ranst.

374 657 434 724 pro
456 634 578 702 decano
599 633 772 718 babeatur3
801 636 829 700 si
850 657 928 702 vero
949 636 1052 703 maior
1078 657 1156 724 pars
1177 636 1211 700 iu
1232 633 1371 723 aliquem
1391 657 1457 702 non
1482 636 1690 718 consenserit,
1718 643 1800 698 tunc

373 735 417 800 ad
443 735 630 800 scrutinium
651 733 854 821 procedatur,
880 737 914 800 in
936 757 998 823 quo
1020 736 1048 800 si
1068 733 1172 800 nullus
1194 735 1269 818 erit,
1294 733 1349 800 liet
1370 736 1647 822 compromissum.
1677 733 1724 798 Et
1744 734 1796 798 sio

375 833 495 901 electus
516 835 551 900 in
571 833 728 900 decmum
756 835 865 898 statim
892 843 1018 899 tenetur
1041 833 1216 900 decanatum
1242 833 1382 900 officium
1404 857 1578 918 assumere,
1604 832 1667 899 sub
1688 854 1800 920 poena

374 936 469 1000 unius
496 955 693 1019 sexagenae3
723 941 756 998 et
782 931 897 998 decani
926 935 1049 1019 antiqui
1071 933 1211 1000 offim'nm
1231 955 1296 998 uon
1318 933 1492 1020 expirabit,
1521 932 1625 999 donec
1642 934 1678 996 in
1700 931 1797 996 deca·

333 1041 350 1096 5
376 1055 453 1098 num
483 1033 530 1098 sic
557 1030 677 1097 electus
705 1031 904 1119 acceptabit3
938 1035 966 1098 si
994 1055 1074 1098 vero
1105 1033 1152 1098 sic
1184 1030 1304 1098 electus
1330 1032 1506 1099 decanatus
1533 1032 1676 1098 officium
1704 1053 1798 1095 man·

378 1153 466 1196 mere
485 1141 665 1213 recusaret,
694 1132 815 1196 tociens
841 1133 994 1220 quociens
1015 1131 1135 1198 electus
1155 1131 1266 1216 fuerit,
1292 1155 1388 1199 unam
1409 1155 1607 1219 sexagenum
1630 1129 1798 1219 persolvet

376 1229 532 1297 facultati.

843 1355 871 1416 5.
893 1365 940 1413 ne
960 1363 1163 1415 mnsrrrro
1183 1363 1322 1414 uncum

969 1485 1030 1549 Vgl.
1047 1501 1071 1535 a.
1091 1485 1130 1538 st.
1148 1485 1192 1536 5⁸.

337 1605 368 1660 10
458 1595 540 1661 Item
562 1595 683 1662 electus
703 1597 737 1661 in
761 1595 917 1662 decanum
942 1596 1105 1664 facultatis
1131 1600 1255 1664 arcium
1275 1599 1395 1664 iurabit
1415 1597 1534 1663 seniori
1552 1594 1717 1664 facultatis
1735 1619 1796 1662 no·

377 1696 463 1760 mine
484 1695 629 1760 eiusdem
649 1694 812 1762 facultatis
834 1695 893 1761 sub
916 1696 978 1762 heo
998 1697 1115 1764 forma:
1147 1699 1241 1786 „Ego
1263 1698 1309 1764 .N.
1329 1700 1409 1780 iuro,
1429 1696 1515 1785 quod
1537 1705 1658 1762 statuta
1677 1707 1709 1762 et
1728 1707 1795 1761 sta-

376 1793 497 1859 tuenda
525 1816 585 1879 pro
605 1792 690 1860 bono
710 1793 872 1860 facultatis
893 1797 1016 1861 arolum
1037 1796 1172 1862 firmiter
1192 1797 1288 1862 velim
1308 1795 1481 1861 observare
1504 1805 1550 1880 et,
1579 1806 1730 1882 qnantum
1759 1798 1795 1859 in

246 1903 250 1910 '
375 1915 427 1958 me
450 1901 513 1977 est,
536 1896 605 1959 sine
626 1893 700 1961 dolo
720 1905 752 1960 et
770 1893 884 1960 fraude
905 1893 947 1960 ab
970 1895 1118 1961 omnibus
1138 1896 1246 1962 facere
1267 1894 1465 1962 observari.“

432 2065 461 2127 6.
482 2076 529 2124 ns
551 2078 752 2128 mnsunuro
773 2077 903 2126 rrsuoo
925 2079 993 2127 orn
1011 2078 1219 2128 sssuurruu
1238 2079 1285 2126 sn
1308 2077 1494 2127 cossmrnu
1514 2075 1736 2125 rscunrsma

337 2202 368 2258 15
917 2197 977 2261 vn.
995 2212 1020 2247 s
1040 2197 1077 2248 ss
1095 2198 1111 2249 o
1129 2213 1154 2250 ιι.
1173 2199 1213 2258 27,
1233 2197 1255 2250 ι.

458 2308 541 2374 Item
561 2309 696 2396 quilibet
716 2311 872 2398 magister
893 2312 1036 2376 existens
1056 2309 1097 2378 de
1116 2311 1268 2378 facultate
1290 2311 1413 2376 arcium
1429 2307 1482 2374 vel
1504 2307 1544 2373 de
1564 2331 1649 2374 novo
1668 2311 1792 2374 intrans

377 2407 547 2474 consilium
573 2407 695 2473 iurabit
723 2408 845 2476 decano
872 2408 933 2474 sub
963 2410 1025 2476 hac
1049 2409 1169 2476 forma:
1209 2409 1304 2496 „Ego
1326 2409 1375 2474 .N.
1402 2410 1474 2475 iuro
1495 2407 1591 2474 vobis
1618 2407 1739 2474 decano
1761 2417 1793 2472 et

377 2509 495 2573 vestris
525 2506 766 2573 successoribus
793 2509 1014 2574 reverenciam
1041 2519 1073 2574 et
1101 2509 1323 2576 obedienciam
1349 2511 1383 2574 in
1410 2507 1507 2573 licitis
1534 2517 1567 2572 et
1591 2507 1734 2574 honestis
1763 2515 1794 2572 et

380 2628 511 2672 servare
534 2614 655 2672 sumta
676 2615 708 2671 et
734 2607 903 2673 statuenda
924 2631 984 2696 pro
1004 2629 1101 2696 posse
1123 2619 1155 2673 ct
1181 2631 1277 2674 nosse
1298 2617 1330 2674 et
1350 2629 1526 2694 procurare
1550 2607 1669 2673 bonum
1695 2607 1792 2672 facul·

336 2707 466 2770 scafis.
507 2704 589 2770 Item
615 2707 696 2789 iuro,
724 2705 821 2792 quod,
851 2710 1129 2796 quocienscunque
1156 2710 1189 2773 in
1218 2708 1374 2773 decanum
1399 2709 1514 2772 autin
1543 2708 1792 2772 examinatorem

380 2803 672 2893 promovendorum
693 2805 726 2869 in
746 2805 871 2871 artibus
890 2816 957 2872 tam
976 2807 1020 2872 ad
1040 2808 1261 2893 magisterium
1282 2829 1377 2895 quam
1399 2805 1442 2870 ad
1461 2805 1711 2870 baccalaristum
1730 2805 1791 2869 ele-

379 2911 448 2968 ctus
469 2903 571 2987 fuero,
600 2903 771 2970 admittere
791 2904 888 2970 velim
908 2905 1112 2994 simpliciter-¹
1135 2905 1251 2994 dignos
1272 2917 1304 2972 et
1323 2907 1445 2971 reicere
1465 2905 1626 2992 indignos.
1668 2903 1722 2971 Sic
1740 2927 1791 2968 me

379 3003 460 3069 deus
480 3002 612 3070 adiuvet
632 3014 664 3070 et
684 3013 798 3072 sancta
818 3004 871 3071 dei
890 3005 1121 3093 evangelium

619 3193 646 3254 7.
669 3204 730 3265 our
748 3205 889 3254 omnus
908 3205 1032 3256 ussum
1051 3205 1098 3254 su
1118 3203 1305 3255 cossurus
1323 3204 1547 3256 rscunrsrrs.

336 3345 369 3402 25
851 3341 912 3405 vn.
933 3354 958 3394 ι.
977 3341 1015 3392 ει.
1033 3342 1056 3394 r.
1077 3339 1118 3402 us.
1135 3341 1160 3392 a.
1178 3341 1220 3409 so,
1238 3340 1321 3432 2315.

458 3470 541 3536 Item
567 3469 674 3536 nullus
701 3470 931 3556 magistrorum
955 3473 989 3536 in
1016 3481 1112 3537 antea
1138 3469 1183 3536 sd
1212 3469 1379 3538 consilium
1406 3468 1569 3540 facultatis
1596 3468 1788 3548 admittatur,

377 3571 439 3635 nisi
460 3571 496 3635 in
516 3571 719 3636 consciencia
739 3592 798 3634 sua
818 3569 920 3653 dicat,
948 3569 1035 3658 quod
1055 3579 1205 3656 quartum
1224 3591 1344 3634 annum
1365 3571 1415 3636 sui
1436 3569 1616 3654 magisterii
1635 3570 1669 3634 in
1688 3564 1788 3634 sudio

377 3669 537 3735 manendo
560 3669 704 3754 attigerit
725 3678 757 3733 et
785 3667 948 3732 biennium
971 3691 1063 3733 suum
1086 3690 1159 3733 cum
1186 3667 1300 3733 effectu
1326 3665 1378 3733 bio
1398 3667 1450 3733 vsl
1478 3665 1557 3732 alibi
1577 3665 1787 3755 compleverit,

377 3777 410 3832 et
441 3766 527 3855 quod
559 3769 593 3831 in
622 3766 838 3854 quadraginta
871 3765 1147 3853 disputationibus
1179 3766 1352 3833 ordinariis
1384 3765 1556 3854 arguebat,
1586 3766 1639 3834 vel
1672 3766 1788 3831 taciem

336 3874 535 3951 topraeseus
554 3866 615 3930 fnit
635 3878 668 3930 et
687 3864 792 3930 locum
813 3866 971 3952 arguendi
993 3866 1113 3933 habere
1133 3889 1198 3932 non
1218 3869 1374 3953 potuerit,
1403 3877 1435 3932 et
1455 3865 1542 3952 quod
1563 3868 1669 3933 oocics
1689 3873 1787 3929 exus·

321 3989 328 4000 ¹
379 3963 543 4030 ordinarie
562 3963 752 4052 disputavit.

680 4135 710 4200 8.
731 4127 792 4219 [Bl.
813 4127 884 4219 57¹]
904 4149 951 4198 on
973 4150 1073 4199 nono
1097 4148 1297 4198 conessum
1318 4149 1497 4199 omrrnruu.

952 4270 1014 4334 Vgl.
1035 4284 1061 4320 ι.
1081 4267 1119 4318 St.
1137 4267 1178 4332 22,
1196 4267 1220 4320 8.

461 4379 544 4444 Item
561 4378 673 4447 volens
698 4379 859 4468 complere
879 4381 1045 4448 biennium
1065 4373 1244 4467 magisterii
1270 4383 1319 4448 siti
1345 4391 1472 4448 tenetur
1498 4403 1558 4470 per
1586 4381 1667 4448 duos
1692 4397 1786 4444 annos

338 4477 526 4568 osquolibet
545 4478 651 4546 medio
672 4480 780 4568 legere
802 4480 845 4546 sd
865 4483 970 4548 minus
991 4505 1050 4570 per
1070 4491 1135 4546 tres
1161 4503 1287 4547 menses
1316 4479 1442 4571 aliquas
1467 4481 1628 4548 leociones
1653 4479 1694 4546 ad
1718 4497 1785 4564 gra·

380 4580 457 4647 dum
477 4579 655 4663 magisterii
677 4578 730 4646 vel
754 4578 992 4648 baccalariatus
1015 4581 1221 4668 pertinentes,
1250 4589 1282 4646 et
1306 4591 1478 4669 antequam
1500 4579 1682 4648 huiusmodi
1705 4575 1785 4642 bien

379 4681 469 4746 nium
489 4677 698 4764 compleverit
719 4678 772 4746 hio
790 4679 842 4746 vel
862 4680 951 4764 alibi,
972 4681 1016 4746 ad
1037 4679 1207 4748 consilium
1227 4679 1389 4746 facultatis
1409 4703 1474 4746 nou
1495 4678 1707 4746 admittatur.¹

459 4949 470 5001 l
490 4941 654 5012 riuspls'os'tw
676 4939 713 4995 ist
736 4957 781 4997 sm
797 4943 897 5000 Raude
915 4943 1128 5016 nscbgetragm.
1166 4944 1201 5000 In
1222 4945 1272 5002 der
1288 4943 1521 5016 urqsriiuglicben
1537 4940 1784 5007 mame-ms

383 5026 452 5084 fehlt
468 5045 498 5084 es
515 5024 659 5082 ebenfalls

467 5117 482 5170 2
500 5109 647 5167 Reschlnss
665 5126 728 5166 vom
746 5115 787 5166 3⁰.
804 5111 879 5185 Aug.
897 5116 970 5169 1436.
