3768 6072
356 478 411 542 178
921 477 975 528 Das
993 491 1086 541 gruem
1104 477 1207 542 Collcg.

371 699 417 756 Ill.
439 708 485 754 In:
508 707 606 754 MODO
631 707 855 754 l'ltOPllNlilt'Dl
878 709 1040 757 rnnlnlaa
1063 709 1130 756 VEL
1153 707 1372 756 SCHOLARIUM
1394 709 1533 756 CONTRA
1554 708 1738 756 PRAEPOSI·

685 807 767 870 TUM,
792 807 1040 855 OOIJLEGIA'I'I'II
1061 809 1128 856 vul.
1150 807 1417 856 COMMENSALEM.

434 923 515 987 Item
538 921 644 986 nullus
667 921 706 984 de
734 921 857 986 familia
879 921 1006 1008 collegii
1032 945 1136 1008 neque
1165 924 1282 1013 aliquis
1310 923 1515 1004 scholarium,
1545 925 1778 1008 magistrorum

351 1023 401 1088 vel
424 1021 687 1088 commensalium
705 1020 744 1086 de
761 1021 895 1107 collegio
909 1033 1072 1110 proponat
1091 1023 1214 1112 aliquid
1235 1035 1346 1088 contra
1369 1023 1589 1110 praepositum
1602 1021 1655 1086 vel
1678 1025 1779 1108 magi-

309 1134 325 1187 5
353 1133 453 1186 strum
475 1121 525 1186 vel
555 1120 801 1186 commensalem
823 1123 908 1186 infra
930 1145 1086 1206 mensam,
1117 1121 1174 1186 sed
1205 1125 1232 1187 si
1259 1123 1398 1210 aliquem
1426 1121 1585 1186 defectum
1615 1121 1777 1202 habuerit,

351 1221 438 1286 client
467 1224 652 1308 praeposito
682 1219 732 1284 vel
765 1221 920 1306 magistro
952 1245 1019 1305 sue,
1048 1231 1178 1286 servata
1207 1222 1375 1288 honestate
1402 1221 1502 1286 verbo
1530 1235 1560 1285 ct
1590 1221 1688 1304 sacto,
1719 1222 1779 1287 sub

351 1343 455 1408 poena
476 1319 671 1386 exclusionis
695 1319 735 1384 de
756 1319 891 1406 collegio
914 1344 1016 1408 usque
1037 1320 1079 1386 ad
1102 1320 1229 1408 collegii
1250 1321 1554 1388 reconciliationem.

395 1513 440 1572 ll.
462 1525 508 1570 DE
530 1520 629 1568 MODO
652 1521 857 1570 EMENDANDI
879 1521 1076 1570 SOIIOLARES
1099 1507 1363 1571 IIAGISTRORUII¹
1386 1523 1452 1570 PER
1474 1521 1727 1570 PRAEPOSITL'M.

433 1638 516 1702 Item
545 1639 573 1702 si
602 1638 807 1724 praepositus
830 1635 927 1701 habet
949 1637 1187 1726 displicentiam
1213 1661 1310 1724 super
1338 1639 1424 1702 facto
1452 1637 1590 1702 alicuius
1619 1638 1779 1703 scholaris

312 1747 342 1802 10
352 1738 528 1824 magistri,²
549 1737 635 1824 quod
658 1734 827 1822 collegium
849 1737 964 1822 tangit,
986 1746 1104 1802 extunc
1126 1737 1330 1825 praepositus
1352 1747 1514 1824 proponat
1534 1740 1691 1822 nragistro
1705 1738 1780 1802 talis

351 1836 518 1918 scholaris
542 1859 675 1900 monens
697 1857 768 1900 eum
789 1859 886 1923 snper
907 1838 1107 1902 correctione
1129 1837 1273 1902 ciusdem
1295 1836 1440 1902 scolaris.
1477 1835 1602 1917 Quodsi
1623 1841 1780 1924 magister

351 1937 449 2001 talem
473 1934 653 2000 scholarem
677 1937 841 2022 corrigere
862 1958 926 2001 non
947 1937 1111 2001 curaverit
1138 1947 1194 2002 aut
1222 1935 1379 2002 scholaris
1408 1959 1466 2022 per
1494 1937 1686 2021 snagistrum
1710 1958 1780 1999 cor-

352 2047 459 2100 rectus
489 2059 523 2098 sc
550 2059 614 2100 non
641 2034 876 2116 emendaverit,
907 2045 1026 2102 extunc
1052 2041 1258 2124 praepositus
1285 2033 1412 2122 collegii
1441 2057 1572 2099 causam
1596 2037 1691 2100 istam
1716 2035 1780 2100 col-

350 2134 436 2222 legio
458 2144 632 2223 proponat,
654 2157 750 2222 quam
773 2134 943 2221 collegium
965 2139 1057 2202 iuxta
1076 2135 1262 2222 qualitatem
1284 2137 1363 2202 facti
1385 2135 1525 2202 decidat.

314 2313 344 2368 ¹5
692 2309 739 2370 12·
760 2321 806 2368 DII
829 2321 1036 2370 HONESTATE
1059 2319 1223 2369 cotanen
1246 2321 1433 2370 SERVANDA.

435 2437 517 2502 Item
547 2437 751 2522 praepositus
774 2446 902 2500 tenetur
924 2459 996 2500 cum
1024 2435 1193 2522 diligentia
1220 2437 1392 2522 respicere,
1422 2447 1576 2523 quantum
1603 2435 1637 2498 in
1659 2457 1698 2498 eo
1722 2447 1780 2514 est,

353 2547 384 2600 et
405 2561 463 2624 per
482 2536 638 2602 familiam
660 2559 752 2600 auam
775 2547 808 2600 et
829 2557 887 2620 per
910 2533 1095 2622 inquilinos,
1117 2535 1204 2622 quod
1225 2545 1373 2602 servetur
1393 2534 1546 2601 honestas
1568 2533 1700 2618 collegii
1722 2556 1780 2620 per

354 2637 439 2701 diem
461 2646 493 2700 et
513 2645 650 2700 noctem.

470 2809 514 2870 13.
537 2821 583 2868 na
606 2819 801 2868 snrunmrs
824 2818 1054 2868 eoussrrours
1075 2819 1120 2866 nr
1142 2817 1242 2866 nono
1265 2819 1420 2866 nruaunr
1440 2819 1654 2866 annumeras

312 2911 347 2970 20
949 2919 994 2966 s'r
1017 2918 1173 2966 auarus.

434 3036 516 3100 Item
537 3035 685 3120 magistri
707 3056 817 3098 omnes
838 3033 1007 3098 comedant
1031 3033 1124 3098 simul
1154 3037 1187 3099 in
1208 3057 1330 3118 mensa,
1355 3045 1483 3099 etanta
1511 3034 1708 3100 locationem
1734 3033 1777 3098 ad

355 3159 498 3202 mensam
521 3147 594 3221 post
619 3133 771 3198 lotionem
792 3133 901 3198 dicant
921 3145 1107 3199 reverenter
1128 3131 1318 3216 benedicite,
1346 3144 1468 3200 stantes
1491 3135 1670 3198 secundnm
1693 3133 1776 3198 ordi·

355 3259 427 3300 nem
449 3233 577 3320 collegii
600 3243 630 3297 et
652 3241 767 3320 postea
789 3232 1031 3316 commensales,
1060 3233 1146 3322 quod
1168 3233 1255 3300 dIcat
1277 3237 1491 3321 praepositus,
1514 3235 1663 3298 siluerit
1690 3257 1782 3320 prae·

356 3359 429 3401 sens
461 3345 492 3400 ct
526 3333 706 3421 presbyter.
750 3331 815 3397 Sed
847 3334 1033 3420 praeposito
1067 3333 1201 3398 absente
1233 3357 1272 3399 ac
1302 3357 1367 3398 non
1397 3335 1556 3398 existente
1589 3334 1781 3420 presbytero

313 3435 444 3501 ridicae
468 3436 574 3500 senior
596 3434 751 3520 magister
773 3433 946 3520 presbyter
976 3455 1140 3520 praesens.
1185 3433 1311 3515 Quodsi
1338 3456 1402 3498 non
1430 3437 1586 3518 magister
1610 3434 1783 3520 presbyter

355 3557 510 3624 praesens
541 3536 652 3616 fuerit,
683 3542 801 3598 extunc
831 3531 919 3596 dicat
947 3531 1119 3620 presbyter
1149 3533 1373 3598 commensalis
1404 3533 1455 3598 vel
1488 3534 1596 3596 senior
1628 3535 1783 3618 magister

356 3660 418 3700 non
446 3633 628 3722 presbyter.
666 3633 709 3696 Et
736 3641 908 3720 postquam
937 3632 977 3695 de
1004 3653 1116 3696 mensa
1139 3633 1353 3714 surrexerint,
1381 3632 1490 3719 legant
1518 3632 1696 3696 seeundum
1717 3655 1781 3695 rno-

356 3736 433 3800 dmn
454 3733 656 3821 praedictum
677 3734 811 3817 gratias,
833 3741 955 3795 stantes
975 3731 1009 3794 in
1029 3731 1141 3796 ordine
1162 3756 1219 3799 sno
1242 3743 1272 3797 ct
1293 3743 1407 3819 postca
1428 3730 1674 3796 commensales.

773 3905 819 3964 14.
842 3916 889 3964 nn
910 3915 1089 3966 ermricus
1113 3917 1363 3966 annonarum.

318 4045 352 4100 30
436 4035 516 4098 Item
546 4033 751 4119 praepositus
774 4031 825 4096 vel
854 4034 887 4095 in
916 4034 1021 4119 capite
1043 4055 1174 4098 mensae
1200 4033 1315 4098 sedens
1342 4033 1476 4098 absente
1497 4033 1688 4118 praeposito
1709 4043 1781 4119 post

359 4155 514 4214 mensam,
543 4135 629 4198 l'aeta
655 4131 783 4208 lotione,
810 4133 947 4217 primam
976 4131 1164 4198 bibitionem
1192 4133 1307 4214 faeiat,
1337 4155 1402 4220 qua
1430 4154 1488 4220 per
1510 4141 1614 4196 totam
1636 4153 1778 4196 mensam

359 4232 530 4320 completo,
554 4233 660 4295 statim
684 4229 726 4294 ad
747 4231 871 4318 gratias
896 4229 1067 4297 dicendrun
1088 4243 1223 4322 surgant
1246 4233 1287 4298 de
1308 4255 1429 4298 mensa.

492 4403 538 4463 15.
560 4415 606 4462 DE
628 4415 699 4464 Non
721 4413 841 4462 DANDO
862 4415 1022 4464 nunctum)
1043 4417 1160 4464 nxrtta
1181 4417 1319 4466 mansan
1341 4415 1619 4465 complanamus,

442 4529 521 4594 Item
546 4530 749 4617 praepositus
773 4539 899 4595 tenetur
922 4531 1103 4618 providere,
1131 4509 1217 4618 quod
1238 4531 1318 4596 nulli
1340 4531 1433 4598 detur
1454 4531 1559 4618 primo
1582 4541 1679 4597 extra
1698 4553 1782 4596 men-

318 4643 429 4697 35sam
457 4630 498 4694 de
520 4629 625 4714 aliquo
652 4629 855 4714 ferculorum,
881 4632 945 4694 nisi
972 4633 1139 4717 magistris
1167 4631 1383 4697 residentibus
1406 4633 1572 4696 inmensa
1597 4630 1663 4697 tale
1684 4633 1784 4696 leren-

360 4732 426 4796 lum
449 4732 492 4796 sit
513 4731 617 4816 primo
638 4729 906 4798 administratum.

439 5067 721 5206 lilli'dilibiiblgbor
737 5145 873 5200 selrolorris
891 5143 1106 5214 naelrgctrageu.
1136 5142 1376 5199 Wahrscheinlielr
1395 5144 1495 5216 gehdrt
1511 5161 1542 5200 es
1558 5163 1609 5200 vor
1624 5146 1755 5216 mpritn'.
