3768 6072
567 403 619 458 on
637 405 757 458 suasu
774 419 828 458 von
847 399 1019 458 ntor-rtur.
1449 403 1510 474 243

99 587 190 652 Petro
201 586 316 670 Loser,
336 584 469 652 Andrea
490 583 687 669 Doleatoris,
709 587 892 671 licentiatis,
914 589 1078 652 canonicis
1100 585 1255 653 ecclesiae
1276 589 1408 653 maioris
1429 589 1512 654 Mer·

102 685 313 772 seburgeusis,
334 695 366 750 et
386 683 534 770 pluribus
557 683 631 754 aliis
644 686 709 752 fide
725 687 833 774 dignis
854 687 1002 774 personis
1021 685 1157 752 testibus
1177 687 1220 752 ad
1242 690 1423 776 praemissa
1443 710 1514 775 spe·

101 785 220 850 cialiter
243 787 366 850 vocatis
386 795 418 848 et
437 787 570 868 rogatis.
1171 805 1175 814 ·

175 883 221 948 Et
240 905 310 970 ego,
334 881 554 949 Theodericus
575 884 774 970 Leymbach,
803 885 940 950 clericus
960 883 1219 972 Maguntinensis
1238 885 1387 970 diocesis,
1410 885 1514 974 publi-

99 1006 151 1050 cus
172 1005 268 1048 sacra
288 981 449 1071 imperiali
469 985 660 1049 auctoritate
678 987 833 1066 notarius,
855 986 932 1070 quia
948 984 1096 1050 omnibus
1113 994 1145 1050 et
1161 985 1296 1072 singulis
1313 986 1512 1073 praemissis,
1538 995 1555 1048 o

99 1083 171 1148 dum
193 1083 241 1148 sic
262 1093 299 1148 ut
319 1084 536 1168 praemittitur
559 1093 732 1169 agerentur
753 1093 785 1148 et
805 1083 928 1166 fierent,
955 1107 1021 1148 una
1046 1105 1118 1148 cum
1145 1087 1399 1172 praenominatis
1425 1087 1513 1148 testi-

98 1183 152 1246 bus
172 1203 328 1268 praesens
349 1182 479 1246 interfui
502 1204 603 1268 eaque
624 1185 671 1248 sic
691 1183 763 1249 fieri
783 1182 853 1248 vidi
873 1193 906 1248 et
926 1182 1047 1266 audivi,
1074 1183 1196 1250 idcirco
1221 1205 1376 1271 praesens
1408 1182 1513 1269 pubb-

97 1305 164 1346 cum
183 1283 440 1363 instrumentum,
461 1303 520 1368 per
541 1282 650 1364 alium,
672 1305 723 1348 me
744 1282 817 1346 aliis
838 1281 1029 1369 praepedito
1048 1284 1198 1368 negotiis,
1223 1282 1361 1348 fideliter
1386 1284 1510 1368 ingros-

99 1393 212 1462 satum,
241 1380 358 1446 exinde
387 1382 520 1464 confeci,
549 1381 740 1469 subscripsi,
769 1380 935 1468 publicavi
957 1391 988 1445 et
1015 1383 1050 1445 in
1070 1381 1154 1446 hanc
1182 1380 1346 1468 publicam
1374 1383 1513 1448 formam

95 1480 202 1566 redegi
234 1479 390 1567 signoque
418 1489 449 1544 et
475 1483 605 1546 nomine
632 1482 713 1546 meis
741 1479 844 1546 solitis
873 1491 905 1545 et
932 1481 1093 1546 consuetis
1122 1482 1264 1566 signavi,
1292 1481 1326 1545 iu
1353 1479 1451 1546 fidem
1481 1491 1512 1546 et
1523 1491 1554 1546 10

96 1580 313 1644 testimonium
334 1580 475 1644 omnium
498 1591 530 1644 et
550 1579 750 1666 singulorum
772 1581 1026 1667 praemissorum
1051 1590 1185 1666 rogatus
1207 1588 1239 1644 et
1259 1582 1441 1668 requisitus.

131 1768 160 1828 2.
185 1779 391 1828 cunctotum
411 1781 458 1828 Du
476 1779 609 1830 GROSSO
630 1782 698 1828 PER
719 1780 924 1848 MAGISTROS,
946 1780 1182 1831 brecantinos
1203 1781 1247 1828 ΕΤ
1271 1780 1473 1830 succentus

131 1878 305 1928 PRAESENS
329 1879 530 1928 contuemur
550 1881 597 1928 Du
622 1880 717 1929 NOVO
737 1881 933 1930 mumulus
959 1880 1028 1928 PRO
1051 1879 1277 1930 UTENSILOEUS
1299 1880 1472 1942 coctum

630 1979 828 2030 Bunsnnmu
848 1979 978 2028 DANDO.

173 2099 234 2198 [Bl.
254 2109 328 2196 24⁸]
351 2111 446 2175 Anno
471 2109 591 2176 domini
610 2119 700 2196 1494,
722 2113 776 2178 die
795 2135 873 2178 vero
896 2113 999 2176 sancti
1021 2110 1175 2176 Iohannis
1197 2121 1272 2177 ante
1292 2121 1422 2200 portam
1442 2109 1556 2176 lati-15

94 2233 176 2293 narn,
199 2211 260 2274 fuit
273 2209 475 2274 concorditer
489 2231 548 2294 per
559 2211 747 2296 collegistos
769 2212 950 2298 praesentis
961 2209 1088 2295 collegii
1098 2213 1133 2274 in
1144 2213 1330 2296 praesentia
1343 2214 1514 2296 magistro-

93 2333 162 2374 rum
190 2309 481 2396 infrascriptorum,
509 2320 585 2374 tunc
612 2311 782 2396 collegium
804 2319 1005 2396 praetactum
1027 2311 1266 2374 immorandum
1289 2319 1321 2374 et
1340 2309 1422 2375 inibi
1441 2311 1514 2375 iura

94 2408 271 2474 bursalium
296 2409 498 2490 facientium,
526 2431 565 2473 ac
590 2409 631 2474 de
659 2408 835 2476 eorundem
862 2429 1021 2474 consensu
1049 2407 1234 2474 conclusum
1260 2419 1293 2473 et
1318 2408 1513 2494 ordinatum,

93 2507 177 2594 quod
197 2512 231 2572 in
252 2509 392 2572 futurum
415 2505 550 2591 quilibet
569 2510 810 2593 magistrorum,
832 2507 1090 2572 baccalariorum
1106 2515 1139 2572 et
1157 2508 1352 2591 studentum,
1373 2507 1414 2574 de
1429 2531 1515 2574 novo

92 2609 150 2672 hoc
171 2611 277 2695 ipsum
300 2605 469 2692 collegium
491 2607 598 2670 animo
626 2607 707 2671 inihi
729 2607 878 2673 morundi
904 2611 973 2672 sive
994 2611 1068 2672 iura
1095 2606 1274 2672 bursalium
1299 2607 1441 2673 faciendi
1465 2611 1556 2674 ium

92 2707 252 2792 grediens,
278 2717 424 2791 tempore
452 2707 501 2768 sui
523 2706 674 2770 introitus
695 2729 756 2794 pro
778 2705 970 2772 utensilibus
993 2708 1150 2794 coquinae
1173 2705 1351 2771 bursalium
1372 2717 1404 2772 et
1430 2707 1535 2774 οῐοιι-1

92 2808 190 2872 eturis
212 2805 355 2870 eiusdem
377 2807 565 2871 conventori
586 2827 647 2892 pro
674 2814 819 2894 tempore
840 2807 993 2870 existenti
1016 2829 1115 2872 unum
1135 2827 1284 2892 grossum
1302 2829 1424 2872 novum
1443 2827 1515 2871 cur·

91 2911 190 2970 rentis
211 2915 359 2969 monetae
381 2904 461 2969 dare
483 2912 515 2968 et
536 2904 722 2991 persolvere
742 2903 868 2970 debeat·
909 2903 975 2985 Qui
996 2905 1125 2992 quidem
1157 2905 1264 2990 grossi
1296 2927 1355 2991 per
1376 2927 1513 2971 conven-

93 3013 195 3069 torem
216 3001 352 3089 singulis
373 3003 607 3069 mutationibus
627 3003 799 3088 diligenter
821 3003 930 3089 colligi
951 3015 983 3069 et
1004 3005 1191 3090 praeposito
1213 3001 1342 3089 collegii
1362 3025 1514 3092 praesen·

91 3105 152 3168 tari
175 3101 304 3169 debent
347 3102 438 3183 Quos
458 3101 544 3168 idem
567 3104 773 3189 praepositus
802 3101 893 3188 apud
920 3125 954 3166 se
975 3103 1099 3168 tamdiu
1118 3102 1280 3184 retinebit,
1304 3102 1407 3171 donec
1427 3106 1462 3168 in
1483 3111 1556 3168 ettt

93 3202 134 3266 ad
156 3224 253 3267 usum
274 3211 477 3288 praetactum
496 3203 682 3267 necessario
711 3223 876 3287 exponere
901 3200 1041 3268 habebit.
1084 3201 1203 3266 Actum
1229 3203 1264 3265 in
1290 3199 1386 3266 stuba
1412 3205 1515 3288 magi·

92 3313 230 3366 stromm
256 3300 383 3386 collegii
413 3302 619 3386 praescripti,
646 3298 870 3386 praesentibus
894 3309 926 3364 et
952 3299 1228 3364 consentientibus
1252 3298 1391 3366 dominis
1411 3304 1513 3386 magi·

91 3401 181 3464 stris:
224 3399 355 3464 Pascha
390 3399 586 3464 Alvensleve
620 3397 660 3462 de
694 3397 961 3484 Magdenburgk,
1000 3397 1143 3484 Georgio
1172 3397 1445 3466 Bartholssfelder
1474 3401 1515 3466 de

90 3499 271 3584 Amberga,
294 3497 430 3582 Virgilio
453 3497 689 3563 Wellendorfer
717 3496 758 3561 de
786 3494 995 3582 Saltaburga,
1025 3497 1227 3584 Hieronymo
1248 3497 1289 3562 de
1310 3497 1515 3584 Ochscntitrt,

91 3598 184 3664 Sixto
205 3598 325 3663 Pfeffer
348 3597 389 3662 de
410 3595 563 3679 Werdea,
592 3596 736 3662 Iohanne
762 3595 880 3682 Beligk
911 3595 952 3660 de
982 3595 1103 3680 (incita,
1130 3596 1273 3664 Iohanne
1299 3596 1452 3666 Brunoko
1473 3599 1556 3665 de30

90 3697 287 3764 Stendalia¹

88 3889 114 3948 3.
137 3897 348 3947 OONOLUSUM
368 3897 415 3944 DE
436 3895 611 3954 mutereo
627 3894 782 3942 murno
803 3894 914 3943 SPORN
934 3895 981 3942 bn
998 3897 1265 3946 rmcuuoflnts
1280 3898 1469 3965 rostanno,
1485 3899 1516 3947 Sl

89 3997 262 4045 namucus
277 3997 393 4044 nutem
414 3995 555 4044 SUORUH
577 3995 812 4044 CONFRATRUM
831 3995 1056 4044 nlt'rusxumr
1071 3997 1138 4044 VEL
1159 3997 1358 4048 multtatus
1378 3999 1516 4048 suumn.

174 4127 238 4218 [Βί.
262 4126 335 4214 hil]
358 4129 454 4193 Anno
473 4126 595 4192 domini
619 4133 698 4194 1494
726 4127 759 4190 in
780 4125 894 4212 vigilia
915 4128 1019 4191 sancti
1040 4127 1282 4193 Bartholomaei
1303 4129 1458 4215 apostoli,
1481 4133 1515 4196 in

89 4229 227 4318 speciah
253 4229 482 4293 convocatione
504 4225 631 4314 collegii
658 4225 701 4291 ad
726 4225 788 4290 hoc
817 4222 1001 4312 specialiter
1021 4227 1117 4310 facta,
1143 4239 1179 4292 ut
1200 4250 1268 4314 pax
1288 4239 1320 4292 et
1341 4229 1557 4298 concordia35

88 4333 173 4394 inter
199 4328 376 4414 magistros
403 4325 531 4412 collegii
559 4327 676 4391 firnrris
697 4323 897 4411 temporibus
926 4323 1124 4408 observetur,
1155 4324 1339 4391 conclusum
1360 4329 1422 4394 fuit
1442 4352 1516 4395 con·

88 4429 234 4496 corditer
257 4451 316 4515 per
337 4448 445 4492 omnes
466 4427 640 4511 magistros
662 4434 820 4512 protunc
841 4423 1010 4510 collegium
1036 4433 1326 4510 repraesentantes,
1350 4427 1447 4515 quod,
1474 4451 1516 4493 ex

87 4553 152 4618 quo
179 4530 339 4613 magister
361 4524 523 4590 Martinus
549 4523 657 4611 Sporn
683 4523 724 4588 de
749 4522 1026 4590 Franckenfordis
1057 4546 1288 4612 saepenumero
1320 4529 1416 4592 certis
1447 4529 1514 4592 suis

87 4626 311 4695 confratribus
333 4626 478 4706 iniurias,
503 4625 649 4689 convicia
670 4633 702 4688 et
723 4622 929 4689 contumelias
952 4623 1068 4706 intulit,
1092 4627 1138 4687 eis
1161 4623 1371 4708 detrahendo,
1401 4637 1435 4691 ut
1455 4628 1514 4712 igi-

85 4740 143 4795 tur
164 4729 199 4794 in
221 4728 364 4792 futruum
387 4748 406 4788 a
429 4721 550 4788 talibus
571 4721 741 4806 abstineat,
761 4722 892 4811 placuit,
913 4721 1009 4810 quod,
1032 4722 1060 4786 si
1080 4723 1246 4809 praefatus
1261 4727 1418 4810 magister
1427 4723 1556 4790 Mar-40

360 4894 430 4904 ...-

176 4997 187 5047 1
215 4989 287 5044 Alco
310 4990 438 5046 vrohnten
461 4989 568 5044 damals
592 4995 605 5044 7
631 4987 766 5059 Magister
788 4987 953 5046 miethveise
977 4989 1014 5044 im
1030 4986 1183 5058 Collegium
1204 4988 1306 5058 minora
1329 4988 1403 5043 deun
1420 4988 1516 5044 keiuar

84 5077 138 5133 der
153 5073 352 5148 aufgcfriluteu
370 5091 427 5128 war
446 5073 589 5144 Collegiat.

1289 5164 1346 5224 16·
