<?xml version="1.0" encoding="UTF-8"?>
<!DOCTYPE html PUBLIC "-//W3C//DTD XHTML 1.0 Transitional//EN"
    "http://www.w3.org/TR/xhtml1/DTD/xhtml1-transitional.dtd">
<html xmlns="http://www.w3.org/1999/xhtml" xml:lang="en" lang="en">
 <head>
  <title>
</title>
<meta http-equiv="Content-Type" content="text/html;charset=utf-8" />
  <meta name='ocr-system' content='tesseract 3.04.00' />
  <meta name='ocr-capabilities' content='ocr_page ocr_carea ocr_par ocr_line ocrx_word'/>
</head>
<body>
  <div class='ocr_page' id='page_1' title='image "./diestatutenbche00leipgoog_0078.png"; bbox 0 0 3794 6060; ppageno 0'>
   <div class='ocr_carea' id='block_1_1' title="bbox 531 434 1555 504">
    <p class='ocr_par' dir='ltr' id='par_1_1' title="bbox 531 434 1555 504">
     <span class='ocr_line' id='line_1_1' title="bbox 531 434 1555 504; baseline -0.002 -20"><span class='ocrx_word' id='word_1_1' title='bbox 531 435 578 484; x_wconf 88' lang='lat' dir='ltr'>mit</span> <span class='ocrx_word' id='word_1_2' title='bbox 596 434 862 504; x_wconf 76' lang='lat' dir='ltr'>zqsstsesscatsusn</span> <span class='ocrx_word' id='word_1_3' title='bbox 878 437 920 486; x_wconf 84' lang='lat' dir='ltr'>bis</span> <span class='ocrx_word' id='word_1_4' title='bbox 938 449 997 484; x_wconf 84' lang='lat' dir='ltr'>sum</span> <span class='ocrx_word' id='word_1_5' title='bbox 1015 435 1098 486; x_wconf 82' lang='lat' dir='ltr'>Jsbre</span> <span class='ocrx_word' id='word_1_6' title='bbox 1119 439 1191 484; x_wconf 74' lang='grc'><strong>1400.</strong></span> <span class='ocrx_word' id='word_1_7' title='bbox 1515 434 1555 496; x_wconf 78' lang='grc'>57</span> 
     </span>
    </p>
   </div>
   <div class='ocr_carea' id='block_1_2' title="bbox 130 611 1555 782">
    <p class='ocr_par' dir='ltr' id='par_1_2' title="bbox 130 611 1555 782">
     <span class='ocr_line' id='line_1_2' title="bbox 131 611 1555 699; baseline -0.004 -15"><span class='ocrx_word' id='word_1_8' title='bbox 131 627 233 699; x_wconf 88' lang='lat' dir='ltr'>retur,</span> <span class='ocrx_word' id='word_1_9' title='bbox 265 615 357 682; x_wconf 92' lang='lat' dir='ltr'>illius</span> <span class='ocrx_word' id='word_1_10' title='bbox 384 615 477 682; x_wconf 90' lang='lat' dir='ltr'>dubii</span> <span class='ocrx_word' id='word_1_11' title='bbox 503 615 685 684; x_wconf 81' lang='lat' dir='ltr'>declaracio</span> <span class='ocrx_word' id='word_1_12' title='bbox 709 616 830 681; x_wconf 78' lang='lat' dir='ltr'><strong>rectori</strong></span> <span class='ocrx_word' id='word_1_13' title='bbox 856 623 888 679; x_wconf 88' lang='lat' dir='ltr'>et</span> <span class='ocrx_word' id='word_1_14' title='bbox 916 616 983 682; x_wconf 93' lang='lat' dir='ltr'>suis</span> <span class='ocrx_word' id='word_1_15' title='bbox 1011 615 1233 687; x_wconf 68' lang='lat' dir='ltr'>assessoribus</span> <span class='ocrx_word' id='word_1_16' title='bbox 1259 613 1311 680; x_wconf 88' lang='lat' dir='ltr'>vel</span> <span class='ocrx_word' id='word_1_17' title='bbox 1333 611 1467 680; x_wconf 88' lang='lat' dir='ltr'>consilio</span> <span class='ocrx_word' id='word_1_18' title='bbox 1485 611 1555 678; x_wconf 86' lang='lat' dir='ltr'>uni-</span> 
     </span>
     <span class='ocr_line' id='line_1_3' title="bbox 130 717 513 782; baseline -0.005 0"><span class='ocrx_word' id='word_1_19' title='bbox 130 717 297 782; x_wconf 81' lang='lat' dir='ltr'>versitatis</span> <span class='ocrx_word' id='word_1_20' title='bbox 318 724 513 780; x_wconf 74' lang='lat' dir='ltr'>reservetur.</span> 
     </span>
    </p>
   </div>
   <div class='ocr_carea' id='block_1_3' title="bbox 127 830 1598 1690">
    <p class='ocr_par' dir='ltr' id='par_1_3' title="bbox 127 830 1598 1690">
     <span class='ocr_line' id='line_1_4' title="bbox 214 830 1554 916; baseline -0.005 -18"><span class='ocrx_word' id='word_1_21' title='bbox 214 833 289 900; x_wconf 79' lang='lat' dir='ltr'>ld.¹</span> <span class='ocrx_word' id='word_1_22' title='bbox 316 830 397 896; x_wconf 89' lang='lat' dir='ltr'>ltem</span> <span class='ocrx_word' id='word_1_23' title='bbox 418 841 524 898; x_wconf 89' lang='lat' dir='ltr'>rector</span> <span class='ocrx_word' id='word_1_24' title='bbox 546 835 650 898; x_wconf 76' lang='lat' dir='ltr'>etsui</span> <span class='ocrx_word' id='word_1_25' title='bbox 672 855 855 898; x_wconf 78' lang='lat' dir='ltr'>assessores</span> <span class='ocrx_word' id='word_1_26' title='bbox 876 840 1025 896; x_wconf 88' lang='lat' dir='ltr'>tenentur</span> <span class='ocrx_word' id='word_1_27' title='bbox 1047 830 1107 896; x_wconf 92' lang='lat' dir='ltr'>sub</span> <span class='ocrx_word' id='word_1_28' title='bbox 1132 853 1189 895; x_wconf 92' lang='lat' dir='ltr'>suo</span> <span class='ocrx_word' id='word_1_29' title='bbox 1208 831 1390 896; x_wconf 88' lang='lat' dir='ltr'>iuramento</span> <span class='ocrx_word' id='word_1_30' title='bbox 1405 849 1554 916; x_wconf 88' lang='lat' dir='ltr'>poenam,</span> 
     </span>
     <span class='ocr_line' id='line_1_5' title="bbox 129 927 1556 1019; baseline -0.004 -24"><span class='ocrx_word' id='word_1_31' title='bbox 129 933 162 995; x_wconf 92' lang='lat' dir='ltr'>in</span> <span class='ocrx_word' id='word_1_32' title='bbox 182 951 283 1016; x_wconf 89' lang='lat' dir='ltr'>quam</span> <span class='ocrx_word' id='word_1_33' title='bbox 306 931 381 1016; x_wconf 90' lang='lat' dir='ltr'>quis</span> <span class='ocrx_word' id='word_1_34' title='bbox 403 953 574 1018; x_wconf 88' lang='lat' dir='ltr'>persuum</span> <span class='ocrx_word' id='word_1_35' title='bbox 597 954 765 998; x_wconf 80' lang='lat' dir='ltr'>excessum</span> <span class='ocrx_word' id='word_1_36' title='bbox 787 927 988 1019; x_wconf 78' lang='lat' dir='ltr'>ad[ld¹]eos</span> <span class='ocrx_word' id='word_1_37' title='bbox 1009 929 1185 996; x_wconf 89' lang='lat' dir='ltr'>deductum</span> <span class='ocrx_word' id='word_1_38' title='bbox 1206 927 1333 1012; x_wconf 88' lang='lat' dir='ltr'>incidit,</span> <span class='ocrx_word' id='word_1_39' title='bbox 1364 928 1496 1013; x_wconf 83' lang='lat' dir='ltr'>exigere</span> <span class='ocrx_word' id='word_1_40' title='bbox 1524 933 1556 990; x_wconf 88' lang='lat' dir='ltr'>et</span> 
     </span>
     <span class='ocr_line' id='line_1_6' title="bbox 130 1026 1580 1118; baseline -0.002 -25"><span class='ocrx_word' id='word_1_41' title='bbox 130 1038 340 1118; x_wconf 86' lang='lat' dir='ltr'>extorquere:</span> <span class='ocrx_word' id='word_1_42' title='bbox 363 1031 470 1117; x_wconf 89' lang='lat' dir='ltr'>primo</span> <span class='ocrx_word' id='word_1_43' title='bbox 491 1030 685 1098; x_wconf 79' lang='lat' dir='ltr'>verbotenus</span> <span class='ocrx_word' id='word_1_44' title='bbox 708 1031 918 1098; x_wconf 80' lang='lat' dir='ltr'>excedentem</span> <span class='ocrx_word' id='word_1_45' title='bbox 939 1029 1116 1112; x_wconf 89' lang='lat' dir='ltr'>monendo,</span> <span class='ocrx_word' id='word_1_46' title='bbox 1139 1039 1175 1095; x_wconf 91' lang='lat' dir='ltr'>ut</span> <span class='ocrx_word' id='word_1_47' title='bbox 1195 1027 1281 1094; x_wconf 89' lang='lat' dir='ltr'>infra</span> <span class='ocrx_word' id='word_1_48' title='bbox 1299 1036 1365 1092; x_wconf 89' lang='lat' dir='ltr'>tres</span> <span class='ocrx_word' id='word_1_49' title='bbox 1388 1026 1457 1092; x_wconf 89' lang='lat' dir='ltr'>dies</span> <span class='ocrx_word' id='word_1_50' title='bbox 1479 1033 1580 1114; x_wconf 85' lang='lat' dir='ltr'>poe-5</span> 
     </span>
     <span class='ocr_line' id='line_1_7' title="bbox 129 1127 1554 1214; baseline -0.003 -20"><span class='ocrx_word' id='word_1_51' title='bbox 129 1151 204 1194; x_wconf 83' lang='lat' dir='ltr'>nem</span> <span class='ocrx_word' id='word_1_52' title='bbox 232 1127 342 1193; x_wconf 85' lang='lat' dir='ltr'>solvat</span> <span class='ocrx_word' id='word_1_53' title='bbox 369 1137 425 1194; x_wconf 88' lang='lat' dir='ltr'>aut</span> <span class='ocrx_word' id='word_1_54' title='bbox 453 1151 602 1196; x_wconf 87' lang='lat' dir='ltr'>carceres</span> <span class='ocrx_word' id='word_1_55' title='bbox 630 1132 746 1212; x_wconf 70' lang='lat' dir='ltr'>intret,</span> <span class='ocrx_word' id='word_1_56' title='bbox 790 1139 822 1196; x_wconf 86' lang='lat' dir='ltr'>et</span> <span class='ocrx_word' id='word_1_57' title='bbox 851 1129 1087 1196; x_wconf 88' lang='lat' dir='ltr'>sihuiusmodi</span> <span class='ocrx_word' id='word_1_58' title='bbox 1116 1128 1290 1194; x_wconf 87' lang='lat' dir='ltr'>municioni</span> <span class='ocrx_word' id='word_1_59' title='bbox 1314 1149 1380 1192; x_wconf 90' lang='lat' dir='ltr'>non</span> <span class='ocrx_word' id='word_1_60' title='bbox 1399 1127 1554 1214; x_wconf 89' lang='lat' dir='ltr'>paruerit,</span> 
     </span>
     <span class='ocr_line' id='line_1_8' title="bbox 129 1224 1555 1315; baseline -0.002 -23"><span class='ocrx_word' id='word_1_61' title='bbox 129 1236 259 1294; x_wconf 88' lang='lat' dir='ltr'>moneat</span> <span class='ocrx_word' id='word_1_62' title='bbox 290 1250 365 1292; x_wconf 86' lang='lat' dir='ltr'>eum</span> <span class='ocrx_word' id='word_1_63' title='bbox 392 1227 522 1315; x_wconf 89' lang='lat' dir='ltr'>publice</span> <span class='ocrx_word' id='word_1_64' title='bbox 548 1229 582 1294; x_wconf 90' lang='lat' dir='ltr'>in</span> <span class='ocrx_word' id='word_1_65' title='bbox 607 1230 722 1296; x_wconf 91' lang='lat' dir='ltr'>hostiis</span> <span class='ocrx_word' id='word_1_66' title='bbox 750 1229 959 1295; x_wconf 84' lang='lat' dir='ltr'>ecclesiarum</span> <span class='ocrx_word' id='word_1_67' title='bbox 982 1229 1034 1294; x_wconf 90' lang='lat' dir='ltr'>vel</span> <span class='ocrx_word' id='word_1_68' title='bbox 1056 1228 1280 1314; x_wconf 90' lang='lat' dir='ltr'>collegiorum,</span> <span class='ocrx_word' id='word_1_69' title='bbox 1310 1235 1345 1291; x_wconf 90' lang='lat' dir='ltr'>ut</span> <span class='ocrx_word' id='word_1_70' title='bbox 1365 1226 1451 1290; x_wconf 91' lang='lat' dir='ltr'>infra</span> <span class='ocrx_word' id='word_1_71' title='bbox 1473 1224 1555 1290; x_wconf 89' lang='lat' dir='ltr'>alios</span> 
     </span>
     <span class='ocr_line' id='line_1_9' title="bbox 128 1324 1556 1417; baseline -0.001 -26"><span class='ocrx_word' id='word_1_72' title='bbox 128 1335 192 1391; x_wconf 85' lang='lat' dir='ltr'>tres</span> <span class='ocrx_word' id='word_1_73' title='bbox 223 1325 297 1392; x_wconf 87' lang='lat' dir='ltr'>dies</span> <span class='ocrx_word' id='word_1_74' title='bbox 325 1328 530 1393; x_wconf 79' lang='lat' dir='ltr'>universitati</span> <span class='ocrx_word' id='word_1_75' title='bbox 556 1330 590 1394; x_wconf 90' lang='lat' dir='ltr'>in</span> <span class='ocrx_word' id='word_1_76' title='bbox 619 1330 733 1417; x_wconf 86' lang='lat' dir='ltr'>poenis</span> <span class='ocrx_word' id='word_1_77' title='bbox 753 1329 918 1395; x_wconf 51' lang='lat' dir='ltr'>¹solvendis</span> <span class='ocrx_word' id='word_1_78' title='bbox 940 1329 1130 1394; x_wconf 88' lang='lat' dir='ltr'>satisfaciat.</span> <span class='ocrx_word' id='word_1_79' title='bbox 1171 1325 1262 1392; x_wconf 81' lang='lat' dir='ltr'>Etsi</span> <span class='ocrx_word' id='word_1_80' title='bbox 1284 1324 1468 1390; x_wconf 91' lang='lat' dir='ltr'>huiusmodi</span> <span class='ocrx_word' id='word_1_81' title='bbox 1489 1345 1556 1390; x_wconf 89' lang='lat' dir='ltr'>mo·</span> 
     </span>
     <span class='ocr_line' id='line_1_10' title="bbox 127 1421 1555 1512; baseline -0.003 -22"><span class='ocrx_word' id='word_1_82' title='bbox 127 1427 274 1491; x_wconf 90' lang='lat' dir='ltr'>niciones</span> <span class='ocrx_word' id='word_1_83' title='bbox 303 1427 413 1492; x_wconf 85' lang='lat' dir='ltr'>animo</span> <span class='ocrx_word' id='word_1_84' title='bbox 443 1426 612 1494; x_wconf 88' lang='lat' dir='ltr'>induratus</span> <span class='ocrx_word' id='word_1_85' title='bbox 638 1451 704 1494; x_wconf 90' lang='lat' dir='ltr'>non</span> <span class='ocrx_word' id='word_1_86' title='bbox 732 1429 898 1512; x_wconf 87' lang='lat' dir='ltr'>advertat,</span> <span class='ocrx_word' id='word_1_87' title='bbox 929 1437 1049 1493; x_wconf 87' lang='lat' dir='ltr'>extunc</span> <span class='ocrx_word' id='word_1_88' title='bbox 1081 1425 1124 1490; x_wconf 91' lang='lat' dir='ltr'>ad</span> <span class='ocrx_word' id='word_1_89' title='bbox 1146 1427 1248 1512; x_wconf 91' lang='lat' dir='ltr'>ipsius</span> <span class='ocrx_word' id='word_1_90' title='bbox 1270 1424 1489 1490; x_wconf 79' lang='lat' dir='ltr'>exclusionem</span> <span class='ocrx_word' id='word_1_91' title='bbox 1513 1421 1555 1487; x_wconf 86' lang='lat' dir='ltr'>ab</span> 
     </span>
     <span class='ocr_line' id='line_1_11' title="bbox 128 1523 1598 1617; baseline -0.003 -27"><span class='ocrx_word' id='word_1_92' title='bbox 128 1527 346 1592; x_wconf 75' lang='lat' dir='ltr'>universitate</span> <span class='ocrx_word' id='word_1_93' title='bbox 373 1525 550 1592; x_wconf 89' lang='lat' dir='ltr'>secundum</span> <span class='ocrx_word' id='word_1_94' title='bbox 576 1529 714 1594; x_wconf 86' lang='lat' dir='ltr'>sormam</span> <span class='ocrx_word' id='word_1_95' title='bbox 736 1530 848 1594; x_wconf 87' lang='lat' dir='ltr'>statuti</span> <span class='ocrx_word' id='word_1_96' title='bbox 869 1551 968 1617; x_wconf 88' lang='lat' dir='ltr'>super</span> <span class='ocrx_word' id='word_1_97' title='bbox 988 1525 1084 1591; x_wconf 92' lang='lat' dir='ltr'>modo</span> <span class='ocrx_word' id='word_1_98' title='bbox 1104 1525 1300 1591; x_wconf 85' lang='lat' dir='ltr'>exclusionis</span> <span class='ocrx_word' id='word_1_99' title='bbox 1322 1523 1460 1590; x_wconf 87' lang='lat' dir='ltr'>confecti</span> <span class='ocrx_word' id='word_1_100' title='bbox 1481 1529 1598 1609; x_wconf 87' lang='lat' dir='ltr'>pro-10</span> 
     </span>
     <span class='ocr_line' id='line_1_12' title="bbox 130 1623 277 1690; baseline 0 -2"><span class='ocrx_word' id='word_1_101' title='bbox 130 1623 277 1690; x_wconf 84' lang='lat' dir='ltr'>cedatur.</span> 
     </span>
    </p>
   </div>
   <div class='ocr_carea' id='block_1_4' title="bbox 604 1777 1096 1862">
    <p class='ocr_par' dir='ltr' id='par_1_4' title="bbox 604 1777 1096 1862">
     <span class='ocr_line' id='line_1_13' title="bbox 604 1777 1096 1862; baseline 0.01 -19"><span class='ocrx_word' id='word_1_102' title='bbox 604 1777 677 1844; x_wconf 82' lang='lat'>15·²</span> <span class='ocrx_word' id='word_1_103' title='bbox 703 1795 772 1846; x_wconf 86' lang='lat' dir='ltr'>Voss</span> <span class='ocrx_word' id='word_1_104' title='bbox 792 1796 831 1848; x_wconf 86' lang='lat' dir='ltr'>te.</span> <span class='ocrx_word' id='word_1_105' title='bbox 849 1797 1004 1862; x_wconf 81' lang='lat' dir='ltr'>September</span> <span class='ocrx_word' id='word_1_106' title='bbox 1022 1795 1096 1848; x_wconf 76' lang='lat'><strong>143².</strong></span> 
     </span>
    </p>
   </div>
   <div class='ocr_carea' id='block_1_5' title="bbox 125 1906 1595 2397">
    <p class='ocr_par' dir='ltr' id='par_1_5' title="bbox 125 1906 1595 2397">
     <span class='ocr_line' id='line_1_14' title="bbox 209 1906 1554 1994; baseline -0.003 -21"><span class='ocrx_word' id='word_1_107' title='bbox 209 1906 309 1973; x_wconf 82' lang='lat' dir='ltr'>Anno</span> <span class='ocrx_word' id='word_1_108' title='bbox 330 1907 456 1974; x_wconf 91' lang='lat' dir='ltr'>domini</span> <span class='ocrx_word' id='word_1_109' title='bbox 479 1907 650 1975; x_wconf 88' lang='lat' dir='ltr'>millesimo</span> <span class='ocrx_word' id='word_1_110' title='bbox 672 1913 777 1976; x_wconf 72' lang='grc' dir='ltr'>0000ο</span> <span class='ocrx_word' id='word_1_111' title='bbox 798 1912 962 1978; x_wconf 84' lang='lat' dir='ltr'>tricesimo</span> <span class='ocrx_word' id='word_1_112' title='bbox 983 1909 1136 1994; x_wconf 89' lang='lat' dir='ltr'>secundo,</span> <span class='ocrx_word' id='word_1_113' title='bbox 1158 1909 1211 1976; x_wconf 90' lang='lat' dir='ltr'>die</span> <span class='ocrx_word' id='word_1_114' title='bbox 1233 1909 1447 1974; x_wconf 86' lang='lat' dir='ltr'>decimanona</span> <span class='ocrx_word' id='word_1_115' title='bbox 1467 1927 1554 1970; x_wconf 89' lang='lat' dir='ltr'>meu·</span> 
     </span>
     <span class='ocr_line' id='line_1_15' title="bbox 125 2003 1550 2098; baseline -0.001 -28"><span class='ocrx_word' id='word_1_116' title='bbox 125 2007 170 2072; x_wconf 90' lang='lat' dir='ltr'>sis</span> <span class='ocrx_word' id='word_1_117' title='bbox 191 2007 408 2094; x_wconf 84' lang='lat' dir='ltr'>Septembris,</span> <span class='ocrx_word' id='word_1_118' title='bbox 431 2007 619 2074; x_wconf 84' lang='lat' dir='ltr'>conclusum</span> <span class='ocrx_word' id='word_1_119' title='bbox 638 2008 700 2074; x_wconf 83' lang='lat' dir='ltr'>ibit</span> <span class='ocrx_word' id='word_1_120' title='bbox 715 2009 749 2073; x_wconf 88' lang='lat' dir='ltr'>in</span> <span class='ocrx_word' id='word_1_121' title='bbox 768 2010 913 2098; x_wconf 87' lang='lat' dir='ltr'>generali</span> <span class='ocrx_word' id='word_1_122' title='bbox 927 2012 1164 2077; x_wconf 87' lang='lat' dir='ltr'>convocacione</span> <span class='ocrx_word' id='word_1_123' title='bbox 1178 2010 1409 2094; x_wconf 89' lang='lat' dir='ltr'>magistrorum</span> <span class='ocrx_word' id='word_1_124' title='bbox 1422 2003 1550 2070; x_wconf 85' lang='lat' dir='ltr'>univer·</span> 
     </span>
     <span class='ocr_line' id='line_1_16' title="bbox 127 2105 1595 2198; baseline -0.003 -28"><span class='ocrx_word' id='word_1_125' title='bbox 127 2107 251 2189; x_wconf 87' lang='lat' dir='ltr'>sitatis,</span> <span class='ocrx_word' id='word_1_126' title='bbox 281 2107 470 2194; x_wconf 71' lang='lat' dir='ltr'>specialiter</span> <span class='ocrx_word' id='word_1_127' title='bbox 490 2108 533 2172; x_wconf 89' lang='lat' dir='ltr'>ad</span> <span class='ocrx_word' id='word_1_128' title='bbox 553 2108 615 2174; x_wconf 87' lang='lat' dir='ltr'>boo</span> <span class='ocrx_word' id='word_1_129' title='bbox 635 2109 738 2192; x_wconf 88' lang='lat' dir='ltr'>facta,</span> <span class='ocrx_word' id='word_1_130' title='bbox 764 2121 796 2176; x_wconf 90' lang='lat' dir='ltr'>et</span> <span class='ocrx_word' id='word_1_131' title='bbox 815 2131 875 2197; x_wconf 87' lang='lat' dir='ltr'>per</span> <span class='ocrx_word' id='word_1_132' title='bbox 896 2121 1033 2198; x_wconf 88' lang='lat' dir='ltr'>quatuor</span> <span class='ocrx_word' id='word_1_133' title='bbox 1054 2111 1206 2176; x_wconf 72' lang='lat' dir='ltr'>naciones</span> <span class='ocrx_word' id='word_1_134' title='bbox 1228 2105 1371 2174; x_wconf 88' lang='lat' dir='ltr'>eiusdem</span> <span class='ocrx_word' id='word_1_135' title='bbox 1391 2105 1552 2170; x_wconf 79' lang='lat' dir='ltr'>univemi-</span> <span class='ocrx_word' id='word_1_136' title='bbox 1564 2113 1595 2168; x_wconf 76' lang='lat' dir='ltr'>ti</span> 
     </span>
     <span class='ocr_line' id='line_1_17' title="bbox 125 2203 1556 2298; baseline -0.002 -28"><span class='ocrx_word' id='word_1_137' title='bbox 125 2207 202 2270; x_wconf 81' lang='lat' dir='ltr'>tatis</span> <span class='ocrx_word' id='word_1_138' title='bbox 226 2205 435 2272; x_wconf 87' lang='lat' dir='ltr'>concorditer</span> <span class='ocrx_word' id='word_1_139' title='bbox 457 2207 685 2293; x_wconf 86' lang='lat' dir='ltr'>approbatum,</span> <span class='ocrx_word' id='word_1_140' title='bbox 706 2209 792 2296; x_wconf 90' lang='lat' dir='ltr'>quod</span> <span class='ocrx_word' id='word_1_141' title='bbox 812 2207 935 2274; x_wconf 90' lang='lat' dir='ltr'>nullum</span> <span class='ocrx_word' id='word_1_142' title='bbox 951 2211 1153 2298; x_wconf 90' lang='lat' dir='ltr'>suppositum</span> <span class='ocrx_word' id='word_1_143' title='bbox 1165 2205 1389 2274; x_wconf 85' lang='lat' dir='ltr'>universitatis</span> <span class='ocrx_word' id='word_1_144' title='bbox 1402 2203 1556 2290; x_wconf 87' lang='lat' dir='ltr'>deinceps</span> 
     </span>
     <span class='ocr_line' id='line_1_18' title="bbox 125 2301 1553 2397; baseline -0.003 -27"><span class='ocrx_word' id='word_1_145' title='bbox 125 2305 254 2372; x_wconf 87' lang='lat' dir='ltr'>habitet</span> <span class='ocrx_word' id='word_1_146' title='bbox 275 2307 311 2370; x_wconf 93' lang='lat' dir='ltr'>in</span> <span class='ocrx_word' id='word_1_147' title='bbox 331 2306 442 2394; x_wconf 89' lang='lat' dir='ltr'>aliquo</span> <span class='ocrx_word' id='word_1_148' title='bbox 465 2305 529 2370; x_wconf 87' lang='lat' dir='ltr'>alio</span> <span class='ocrx_word' id='word_1_149' title='bbox 550 2307 621 2374; x_wconf 89' lang='lat' dir='ltr'>loco</span> <span class='ocrx_word' id='word_1_150' title='bbox 642 2307 728 2374; x_wconf 88' lang='lat' dir='ltr'>ultra</span> <span class='ocrx_word' id='word_1_151' title='bbox 748 2331 891 2374; x_wconf 86' lang='lat' dir='ltr'>mensem</span> <span class='ocrx_word' id='word_1_152' title='bbox 913 2331 1011 2397; x_wconf 90' lang='lat' dir='ltr'>quam</span> <span class='ocrx_word' id='word_1_153' title='bbox 1033 2331 1107 2374; x_wconf 92' lang='lat' dir='ltr'>cum</span> <span class='ocrx_word' id='word_1_154' title='bbox 1127 2307 1324 2394; x_wconf 90' lang='lat' dir='ltr'>collegiatis,</span> <span class='ocrx_word' id='word_1_155' title='bbox 1354 2301 1553 2384; x_wconf 89' lang='lat' dir='ltr'>doctoribus,</span> 
     </span>
    </p>
   </div>
   <div class='ocr_carea' id='block_1_6' title="bbox 123 2403 1595 3864">
    <p class='ocr_par' dir='ltr' id='par_1_6' title="bbox 123 2403 1595 3864">
     <span class='ocr_line' id='line_1_19' title="bbox 126 2403 1555 2493; baseline -0.004 -23"><span class='ocrx_word' id='word_1_156' title='bbox 126 2407 295 2493; x_wconf 75' lang='lat' dir='ltr'>magistris</span> <span class='ocrx_word' id='word_1_157' title='bbox 318 2416 395 2473; x_wconf 76' lang='lat' dir='ltr'>aeter</span> <span class='ocrx_word' id='word_1_158' title='bbox 415 2406 618 2493; x_wconf 87' lang='lat' dir='ltr'>regentibus,</span> <span class='ocrx_word' id='word_1_159' title='bbox 640 2407 844 2476; x_wconf 85' lang='lat' dir='ltr'>decretorum</span> <span class='ocrx_word' id='word_1_160' title='bbox 864 2407 916 2474; x_wconf 87' lang='lat' dir='ltr'>vel</span> <span class='ocrx_word' id='word_1_161' title='bbox 938 2409 1120 2476; x_wconf 89' lang='lat' dir='ltr'>medicinae</span> <span class='ocrx_word' id='word_1_162' title='bbox 1140 2405 1345 2474; x_wconf 87' lang='lat' dir='ltr'>baccalsriis.</span> <span class='ocrx_word' id='word_1_163' title='bbox 1390 2403 1426 2467; x_wconf 88' lang='lat' dir='ltr'>Si</span> <span class='ocrx_word' id='word_1_164' title='bbox 1445 2411 1555 2468; x_wconf 63' lang='lat' dir='ltr'>umen</span> 
     </span>
     <span class='ocr_line' id='line_1_20' title="bbox 125 2501 1554 2596; baseline -0.004 -26"><span class='ocrx_word' id='word_1_165' title='bbox 125 2504 260 2591; x_wconf 78' lang='lat' dir='ltr'>aliquod</span> <span class='ocrx_word' id='word_1_166' title='bbox 282 2507 498 2593; x_wconf 91' lang='lat' dir='ltr'>suppositum,</span> <span class='ocrx_word' id='word_1_167' title='bbox 521 2509 739 2594; x_wconf 87' lang='lat' dir='ltr'>cuiuscunque</span> <span class='ocrx_word' id='word_1_168' title='bbox 759 2504 845 2596; x_wconf 68' lang='lat'>[14¹2]</span> <span class='ocrx_word' id='word_1_169' title='bbox 866 2507 1030 2575; x_wconf 82' lang='lat' dir='ltr'>facultatis</span> <span class='ocrx_word' id='word_1_170' title='bbox 1050 2509 1157 2590; x_wconf 80' lang='lat' dir='ltr'>fuerit,</span> <span class='ocrx_word' id='word_1_171' title='bbox 1178 2531 1221 2572; x_wconf 86' lang='lat' dir='ltr'>ex</span> <span class='ocrx_word' id='word_1_172' title='bbox 1239 2501 1433 2571; x_wconf 89' lang='lat' dir='ltr'>racionabili</span> <span class='ocrx_word' id='word_1_173' title='bbox 1455 2521 1554 2566; x_wconf 75' lang='lat' dir='ltr'>musa</span> 
     </span>
     <span class='ocr_line' id='line_1_21' title="bbox 124 2602 1593 2695; baseline -0.005 -23"><span class='ocrx_word' id='word_1_174' title='bbox 124 2603 300 2672; x_wconf 85' lang='lat' dir='ltr'>comodose</span> <span class='ocrx_word' id='word_1_175' title='bbox 327 2614 415 2670; x_wconf 84' lang='lat' dir='ltr'>stare</span> <span class='ocrx_word' id='word_1_176' title='bbox 435 2626 502 2671; x_wconf 90' lang='lat' dir='ltr'>non</span> <span class='ocrx_word' id='word_1_177' title='bbox 522 2609 663 2693; x_wconf 89' lang='lat' dir='ltr'>potuerit</span> <span class='ocrx_word' id='word_1_178' title='bbox 684 2608 718 2672; x_wconf 92' lang='lat' dir='ltr'>in</span> <span class='ocrx_word' id='word_1_179' title='bbox 740 2607 900 2695; x_wconf 87' lang='lat' dir='ltr'>collegiis,</span> <span class='ocrx_word' id='word_1_180' title='bbox 929 2607 1056 2692; x_wconf 91' lang='lat' dir='ltr'>bursis,</span> <span class='ocrx_word' id='word_1_181' title='bbox 1086 2603 1348 2674; x_wconf 89' lang='lat' dir='ltr'>habitacionibus</span> <span class='ocrx_word' id='word_1_182' title='bbox 1371 2602 1593 2683; x_wconf 85' lang='lat' dir='ltr'>doctorum,20</span> 
     </span>
     <span class='ocr_line' id='line_1_22' title="bbox 123 2702 1550 2796; baseline -0.004 -26"><span class='ocrx_word' id='word_1_183' title='bbox 123 2705 358 2794; x_wconf 87' lang='lat' dir='ltr'>magistrorum</span> <span class='ocrx_word' id='word_1_184' title='bbox 378 2702 432 2770; x_wconf 87' lang='lat' dir='ltr'>vel</span> <span class='ocrx_word' id='word_1_185' title='bbox 453 2703 727 2790; x_wconf 85' lang='lat' dir='ltr'>baccalariorum,</span> <span class='ocrx_word' id='word_1_186' title='bbox 750 2715 786 2772; x_wconf 91' lang='lat' dir='ltr'>ut</span> <span class='ocrx_word' id='word_1_187' title='bbox 805 2708 1033 2796; x_wconf 86' lang='lat' dir='ltr'>praemittitur,</span> <span class='ocrx_word' id='word_1_188' title='bbox 1055 2719 1174 2774; x_wconf 90' lang='lat' dir='ltr'>extunc</span> <span class='ocrx_word' id='word_1_189' title='bbox 1196 2713 1302 2772; x_wconf 86' lang='lat' dir='ltr'>rector</span> <span class='ocrx_word' id='word_1_190' title='bbox 1323 2725 1384 2791; x_wconf 89' lang='lat' dir='ltr'>pro</span> <span class='ocrx_word' id='word_1_191' title='bbox 1403 2711 1550 2788; x_wconf 88' lang='lat' dir='ltr'>tempore</span> 
     </span>
     <span class='ocr_line' id='line_1_23' title="bbox 124 2801 1551 2894; baseline -0.004 -24"><span class='ocrx_word' id='word_1_192' title='bbox 124 2808 287 2888; x_wconf 88' lang='lat' dir='ltr'>existens,</span> <span class='ocrx_word' id='word_1_193' title='bbox 313 2803 506 2870; x_wconf 87' lang='lat' dir='ltr'>informatus</span> <span class='ocrx_word' id='word_1_194' title='bbox 534 2829 594 2894; x_wconf 92' lang='lat' dir='ltr'>per</span> <span class='ocrx_word' id='word_1_195' title='bbox 618 2805 834 2890; x_wconf 86' lang='lat' dir='ltr'>ordinarium,</span> <span class='ocrx_word' id='word_1_196' title='bbox 864 2808 893 2873; x_wconf 92' lang='lat' dir='ltr'>si</span> <span class='ocrx_word' id='word_1_197' title='bbox 921 2817 971 2872; x_wconf 90' lang='lat' dir='ltr'>est</span> <span class='ocrx_word' id='word_1_198' title='bbox 995 2808 1130 2874; x_wconf 88' lang='lat' dir='ltr'>scolaris</span> <span class='ocrx_word' id='word_1_199' title='bbox 1149 2809 1184 2872; x_wconf 91' lang='lat' dir='ltr'>in</span> <span class='ocrx_word' id='word_1_200' title='bbox 1203 2808 1290 2888; x_wconf 89' lang='lat' dir='ltr'>iure,</span> <span class='ocrx_word' id='word_1_201' title='bbox 1317 2803 1370 2869; x_wconf 88' lang='lat' dir='ltr'>vel</span> <span class='ocrx_word' id='word_1_202' title='bbox 1393 2801 1551 2866; x_wconf 84' lang='lat' dir='ltr'>decanum</span> 
     </span>
     <span class='ocr_line' id='line_1_24' title="bbox 125 2904 1555 2995; baseline -0.004 -24"><span class='ocrx_word' id='word_1_203' title='bbox 125 2905 260 2971; x_wconf 88' lang='lat' dir='ltr'>alterius</span> <span class='ocrx_word' id='word_1_204' title='bbox 281 2904 467 2985; x_wconf 74' lang='lat' dir='ltr'>facultatis,</span> <span class='ocrx_word' id='word_1_205' title='bbox 488 2905 577 2970; x_wconf 87' lang='lat' dir='ltr'>cuius</span> <span class='ocrx_word' id='word_1_206' title='bbox 600 2906 736 2972; x_wconf 86' lang='lat' dir='ltr'>scolaris</span> <span class='ocrx_word' id='word_1_207' title='bbox 757 2907 915 2988; x_wconf 82' lang='lat' dir='ltr'>extiterit,</span> <span class='ocrx_word' id='word_1_208' title='bbox 938 2906 979 2973; x_wconf 93' lang='lat' dir='ltr'>de</span> <span class='ocrx_word' id='word_1_209' title='bbox 1000 2905 1166 2995; x_wconf 79' lang='lat' dir='ltr'>qualitate,</span> <span class='ocrx_word' id='word_1_210' title='bbox 1189 2905 1380 2973; x_wconf 87' lang='lat' dir='ltr'>condicione</span> <span class='ocrx_word' id='word_1_211' title='bbox 1401 2917 1434 2968; x_wconf 90' lang='lat' dir='ltr'>et</span> <span class='ocrx_word' id='word_1_212' title='bbox 1455 2921 1555 2966; x_wconf 84' lang='lat' dir='ltr'>causa</span> 
     </span>
     <span class='ocr_line' id='line_1_25' title="bbox 123 3003 1553 3093; baseline -0.005 -22"><span class='ocrx_word' id='word_1_213' title='bbox 123 3025 302 3092; x_wconf 71' lang='lat' dir='ltr'>pmonae:</span> <span class='ocrx_word' id='word_1_214' title='bbox 331 3025 415 3090; x_wconf 89' lang='lat' dir='ltr'>quae</span> <span class='ocrx_word' id='word_1_215' title='bbox 436 3004 465 3067; x_wconf 91' lang='lat' dir='ltr'>si</span> <span class='ocrx_word' id='word_1_216' title='bbox 489 3003 697 3070; x_wconf 87' lang='lat' dir='ltr'>racionabilis</span> <span class='ocrx_word' id='word_1_217' title='bbox 717 3005 816 3071; x_wconf 86' lang='lat' dir='ltr'>fuerit</span> <span class='ocrx_word' id='word_1_218' title='bbox 836 3015 868 3072; x_wconf 92' lang='lat' dir='ltr'>et</span> <span class='ocrx_word' id='word_1_219' title='bbox 888 3006 1063 3093; x_wconf 86' lang='lat' dir='ltr'>legittima,</span> <span class='ocrx_word' id='word_1_220' title='bbox 1093 3015 1170 3072; x_wconf 86' lang='lat' dir='ltr'>tunc</span> <span class='ocrx_word' id='word_1_221' title='bbox 1189 3014 1297 3072; x_wconf 88' lang='lat' dir='ltr'>rector</span> <span class='ocrx_word' id='word_1_222' title='bbox 1318 3025 1392 3072; x_wconf 90' lang='lat' dir='ltr'>cum</span> <span class='ocrx_word' id='word_1_223' title='bbox 1414 3003 1481 3069; x_wconf 88' lang='lat' dir='ltr'>suis</span> <span class='ocrx_word' id='word_1_224' title='bbox 1502 3023 1553 3065; x_wconf 92' lang='lat' dir='ltr'>as·</span> 
     </span>
     <span class='ocr_line' id='line_1_26' title="bbox 124 3102 1595 3194; baseline -0.003 -24"><span class='ocrx_word' id='word_1_225' title='bbox 124 3102 312 3170; x_wconf 78' lang='lat' dir='ltr'>sessoribus</span> <span class='ocrx_word' id='word_1_226' title='bbox 340 3103 508 3190; x_wconf 84' lang='lat' dir='ltr'>dispenset</span> <span class='ocrx_word' id='word_1_227' title='bbox 532 3111 566 3170; x_wconf 76' lang='lat' dir='ltr'>et</span> <span class='ocrx_word' id='word_1_228' title='bbox 591 3102 766 3190; x_wconf 82' lang='lat' dir='ltr'>indulgeat</span> <span class='ocrx_word' id='word_1_229' title='bbox 808 3105 853 3170; x_wconf 81' lang='lat' dir='ltr'>Et</span> <span class='ocrx_word' id='word_1_230' title='bbox 873 3104 915 3170; x_wconf 91' lang='lat' dir='ltr'>de</span> <span class='ocrx_word' id='word_1_231' title='bbox 934 3105 997 3171; x_wconf 89' lang='lat' dir='ltr'>bac</span> <span class='ocrx_word' id='word_1_232' title='bbox 1017 3105 1266 3194; x_wconf 86' lang='lat' dir='ltr'>dispensacione</span> <span class='ocrx_word' id='word_1_233' title='bbox 1287 3102 1422 3168; x_wconf 87' lang='lat' dir='ltr'>scolaris</span> <span class='ocrx_word' id='word_1_234' title='bbox 1444 3104 1595 3187; x_wconf 78' lang='lat' dir='ltr'>signe-25</span> 
     </span>
     <span class='ocr_line' id='line_1_27' title="bbox 123 3201 1553 3292; baseline -0.002 -23"><span class='ocrx_word' id='word_1_235' title='bbox 123 3213 192 3268; x_wconf 90' lang='lat' dir='ltr'>tum</span> <span class='ocrx_word' id='word_1_236' title='bbox 225 3201 374 3269; x_wconf 89' lang='lat' dir='ltr'>obtineat</span> <span class='ocrx_word' id='word_1_237' title='bbox 399 3225 420 3267; x_wconf 86' lang='lat' dir='ltr'>a</span> <span class='ocrx_word' id='word_1_238' title='bbox 446 3211 572 3269; x_wconf 88' lang='lat' dir='ltr'>rectore</span> <span class='ocrx_word' id='word_1_239' title='bbox 598 3204 712 3290; x_wconf 87' lang='lat' dir='ltr'>gratis.</span> <span class='ocrx_word' id='word_1_240' title='bbox 755 3203 823 3270; x_wconf 86' lang='lat' dir='ltr'>Sub</span> <span class='ocrx_word' id='word_1_241' title='bbox 845 3227 952 3292; x_wconf 91' lang='lat' dir='ltr'>poena</span> <span class='ocrx_word' id='word_1_242' title='bbox 972 3206 1066 3270; x_wconf 88' lang='lat' dir='ltr'>unius</span> <span class='ocrx_word' id='word_1_243' title='bbox 1085 3203 1215 3286; x_wconf 90' lang='lat' dir='ltr'>floreni,</span> <span class='ocrx_word' id='word_1_244' title='bbox 1245 3203 1369 3269; x_wconf 90' lang='lat' dir='ltr'>tociens</span> <span class='ocrx_word' id='word_1_245' title='bbox 1399 3203 1553 3288; x_wconf 88' lang='lat' dir='ltr'>quociens</span> 
     </span>
     <span class='ocr_line' id='line_1_28' title="bbox 124 3299 1550 3391; baseline -0.004 -22"><span class='ocrx_word' id='word_1_246' title='bbox 124 3302 325 3370; x_wconf 69' lang='lat' dir='ltr'>muranum</span> <span class='ocrx_word' id='word_1_247' title='bbox 343 3302 454 3367; x_wconf 62' lang='lat' dir='ltr'>ficere</span> <span class='ocrx_word' id='word_1_248' title='bbox 473 3303 737 3389; x_wconf 85' lang='lat' dir='ltr'>praesumpserit,</span> <span class='ocrx_word' id='word_1_249' title='bbox 759 3313 791 3370; x_wconf 91' lang='lat' dir='ltr'>et</span> <span class='ocrx_word' id='word_1_250' title='bbox 810 3305 1010 3391; x_wconf 88' lang='lat' dir='ltr'>privacionis</span> <span class='ocrx_word' id='word_1_251' title='bbox 1033 3303 1276 3390; x_wconf 75' lang='lat' dir='ltr'>promocionem</span> <span class='ocrx_word' id='word_1_252' title='bbox 1297 3323 1356 3389; x_wconf 88' lang='lat' dir='ltr'>per</span> <span class='ocrx_word' id='word_1_253' title='bbox 1377 3299 1475 3365; x_wconf 91' lang='lat' dir='ltr'>istum</span> <span class='ocrx_word' id='word_1_254' title='bbox 1495 3322 1550 3364; x_wconf 88' lang='lat' dir='ltr'>an-</span> 
     </span>
     <span class='ocr_line' id='line_1_29' title="bbox 124 3397 1552 3468; baseline -0.001 -2"><span class='ocrx_word' id='word_1_255' title='bbox 124 3425 200 3468; x_wconf 89' lang='lat' dir='ltr'>num</span> <span class='ocrx_word' id='word_1_256' title='bbox 229 3403 264 3467; x_wconf 92' lang='lat' dir='ltr'>in</span> <span class='ocrx_word' id='word_1_257' title='bbox 293 3401 383 3467; x_wconf 89' lang='lat' dir='ltr'>omni</span> <span class='ocrx_word' id='word_1_258' title='bbox 407 3399 562 3467; x_wconf 86' lang='lat' dir='ltr'>facultate</span> <span class='ocrx_word' id='word_1_259' title='bbox 588 3423 714 3468; x_wconf 86' lang='lat' dir='ltr'>necnon</span> <span class='ocrx_word' id='word_1_260' title='bbox 741 3403 910 3468; x_wconf 91' lang='lat' dir='ltr'>carenciae</span> <span class='ocrx_word' id='word_1_261' title='bbox 932 3401 1128 3468; x_wconf 88' lang='lat' dir='ltr'>defensionis</span> <span class='ocrx_word' id='word_1_262' title='bbox 1149 3400 1372 3466; x_wconf 83' lang='lat' dir='ltr'>universitatis</span> <span class='ocrx_word' id='word_1_263' title='bbox 1391 3397 1448 3464; x_wconf 90' lang='lat' dir='ltr'>illa</span> <span class='ocrx_word' id='word_1_264' title='bbox 1469 3399 1552 3464; x_wconf 89' lang='lat' dir='ltr'>vice.</span> 
     </span>
     <span class='ocr_line' id='line_1_30' title="bbox 126 3499 1552 3588; baseline -0.004 -22"><span class='ocrx_word' id='word_1_265' title='bbox 126 3501 169 3566; x_wconf 82' lang='lat' dir='ltr'>Et</span> <span class='ocrx_word' id='word_1_266' title='bbox 194 3499 283 3586; x_wconf 91' lang='lat' dir='ltr'>quod</span> <span class='ocrx_word' id='word_1_267' title='bbox 313 3509 421 3566; x_wconf 87' lang='lat' dir='ltr'>rector</span> <span class='ocrx_word' id='word_1_268' title='bbox 450 3503 493 3564; x_wconf 91' lang='lat' dir='ltr'>sit</span> <span class='ocrx_word' id='word_1_269' title='bbox 517 3502 670 3567; x_wconf 76' lang='lat' dir='ltr'>astricum</span> <span class='ocrx_word' id='word_1_270' title='bbox 700 3500 760 3566; x_wconf 88' lang='lat' dir='ltr'>sub</span> <span class='ocrx_word' id='word_1_271' title='bbox 789 3524 847 3568; x_wconf 88' lang='lat' dir='ltr'>suo</span> <span class='ocrx_word' id='word_1_272' title='bbox 868 3502 1047 3566; x_wconf 86' lang='lat' dir='ltr'>iuramento</span> <span class='ocrx_word' id='word_1_273' title='bbox 1069 3499 1111 3565; x_wconf 89' lang='lat' dir='ltr'>ad</span> <span class='ocrx_word' id='word_1_274' title='bbox 1133 3499 1392 3588; x_wconf 86' lang='lat' dir='ltr'>extorquendum</span> <span class='ocrx_word' id='word_1_275' title='bbox 1414 3519 1552 3584; x_wconf 84' lang='lat' dir='ltr'>poenam</span> 
     </span>
     <span class='ocr_line' id='line_1_31' title="bbox 127 3596 1594 3688; baseline -0.005 -22"><span class='ocrx_word' id='word_1_276' title='bbox 127 3599 405 3682; x_wconf 73' lang='lat' dir='ltr'>conbafacientis,</span> <span class='ocrx_word' id='word_1_277' title='bbox 425 3621 551 3665; x_wconf 86' lang='lat' dir='ltr'>necnon</span> <span class='ocrx_word' id='word_1_278' title='bbox 573 3600 686 3666; x_wconf 89' lang='lat' dir='ltr'>famuli</span> <span class='ocrx_word' id='word_1_279' title='bbox 708 3600 753 3666; x_wconf 92' lang='lat' dir='ltr'>ad</span> <span class='ocrx_word' id='word_1_280' title='bbox 773 3600 945 3687; x_wconf 89' lang='lat' dir='ltr'>diligenter</span> <span class='ocrx_word' id='word_1_281' title='bbox 966 3599 1194 3688; x_wconf 90' lang='lat' dir='ltr'>inquirendum</span> <span class='ocrx_word' id='word_1_282' title='bbox 1215 3608 1248 3664; x_wconf 91' lang='lat' dir='ltr'>et</span> <span class='ocrx_word' id='word_1_283' title='bbox 1268 3599 1386 3664; x_wconf 88' lang='lat' dir='ltr'>rectori</span> <span class='ocrx_word' id='word_1_284' title='bbox 1410 3596 1594 3661; x_wconf 77' lang='lat' dir='ltr'>denudo-³⁰</span> 
     </span>
     <span class='ocr_line' id='line_1_32' title="bbox 128 3697 1551 3787; baseline -0.002 -24"><span class='ocrx_word' id='word_1_285' title='bbox 128 3698 279 3765; x_wconf 82' lang='lat' dir='ltr'>ciendum</span> <span class='ocrx_word' id='word_1_286' title='bbox 309 3697 351 3763; x_wconf 90' lang='lat' dir='ltr'>de</span> <span class='ocrx_word' id='word_1_287' title='bbox 372 3697 493 3764; x_wconf 88' lang='lat' dir='ltr'>talibus</span> <span class='ocrx_word' id='word_1_288' title='bbox 515 3709 628 3766; x_wconf 80' lang='lat' dir='ltr'>contm</span> <span class='ocrx_word' id='word_1_289' title='bbox 650 3699 833 3766; x_wconf 90' lang='lat' dir='ltr'>huiusmodi</span> <span class='ocrx_word' id='word_1_290' title='bbox 854 3707 1007 3766; x_wconf 88' lang='lat' dir='ltr'>statutum</span> <span class='ocrx_word' id='word_1_291' title='bbox 1029 3697 1275 3787; x_wconf 82' lang='lat' dir='ltr'>delinquentes³</span> <span class='ocrx_word' id='word_1_292' title='bbox 1297 3697 1357 3764; x_wconf 89' lang='lat' dir='ltr'>sub</span> <span class='ocrx_word' id='word_1_293' title='bbox 1379 3699 1445 3763; x_wconf 78' lang='lat' dir='ltr'>suris</span> <span class='ocrx_word' id='word_1_294' title='bbox 1465 3697 1551 3762; x_wconf 84' lang='lat' dir='ltr'>iura·</span> 
     </span>
     <span class='ocr_line' id='line_1_33' title="bbox 127 3797 489 3864; baseline 0 -2"><span class='ocrx_word' id='word_1_295' title='bbox 127 3798 241 3864; x_wconf 86' lang='lat' dir='ltr'>mentis</span> <span class='ocrx_word' id='word_1_296' title='bbox 264 3797 331 3863; x_wconf 90' lang='lat' dir='ltr'>sint</span> <span class='ocrx_word' id='word_1_297' title='bbox 351 3798 489 3862; x_wconf 87' lang='lat' dir='ltr'>astricti.</span> 
     </span>
    </p>
   </div>
   <div class='ocr_carea' id='block_1_7' title="bbox 462 3961 1227 4136">
    <p class='ocr_par' dir='ltr' id='par_1_7' title="bbox 462 3961 1227 4136">
     <span class='ocr_line' id='line_1_34' title="bbox 462 3961 1227 4054; baseline 0.003 -24"><span class='ocrx_word' id='word_1_298' title='bbox 462 3971 509 4032; x_wconf 88' lang='lat'>16.</span> <span class='ocrx_word' id='word_1_299' title='bbox 532 3961 592 4052; x_wconf 91' lang='lat' dir='ltr'>[Bl.</span> <span class='ocrx_word' id='word_1_300' title='bbox 611 3962 683 4054; x_wconf 79' lang='lat'>16⁸]</span> <span class='ocrx_word' id='word_1_301' title='bbox 711 3983 759 4032; x_wconf 87' lang='lat' dir='ltr'>ns</span> <span class='ocrx_word' id='word_1_302' title='bbox 780 3982 994 4032; x_wconf 83' lang='lat' dir='ltr'>asnmrmus</span> <span class='ocrx_word' id='word_1_303' title='bbox 1015 3967 1227 4032; x_wconf 72' lang='lat' dir='ltr'>vincamur.⁴</span> 
     </span>
     <span class='ocr_line' id='line_1_35' title="bbox 684 4084 1033 4136; baseline 0 -2"><span class='ocrx_word' id='word_1_304' title='bbox 684 4085 755 4136; x_wconf 84' lang='lat' dir='ltr'>Vom</span> <span class='ocrx_word' id='word_1_305' title='bbox 779 4085 819 4136; x_wconf 74' lang='grc'>22.</span> <span class='ocrx_word' id='word_1_306' title='bbox 838 4084 942 4136; x_wconf 77' lang='lat' dir='ltr'>anuu</span> <span class='ocrx_word' id='word_1_307' title='bbox 961 4084 1033 4136; x_wconf 74' lang='grc'><strong>1434.</strong></span> 
     </span>
    </p>
   </div>
   <div class='ocr_carea' id='block_1_8' title="bbox 127 4193 1594 4582">
    <p class='ocr_par' dir='ltr' id='par_1_8' title="bbox 127 4193 1594 4582">
     <span class='ocr_line' id='line_1_36' title="bbox 205 4193 1594 4284; baseline -0.002 -22"><span class='ocrx_word' id='word_1_308' title='bbox 205 4195 305 4262; x_wconf 84' lang='lat' dir='ltr'>Anno</span> <span class='ocrx_word' id='word_1_309' title='bbox 335 4196 459 4262; x_wconf 90' lang='lat' dir='ltr'>domini</span> <span class='ocrx_word' id='word_1_310' title='bbox 486 4195 657 4264; x_wconf 90' lang='lat' dir='ltr'>millesimo</span> <span class='ocrx_word' id='word_1_311' title='bbox 686 4201 791 4265; x_wconf 75' lang='lat' dir='ltr'>ccccl</span> <span class='ocrx_word' id='word_1_312' title='bbox 817 4198 983 4265; x_wconf 86' lang='lat' dir='ltr'>tricesimo</span> <span class='ocrx_word' id='word_1_313' title='bbox 1010 4207 1144 4284; x_wconf 90' lang='lat' dir='ltr'>quarto,</span> <span class='ocrx_word' id='word_1_314' title='bbox 1172 4196 1225 4263; x_wconf 87' lang='lat' dir='ltr'>die</span> <span class='ocrx_word' id='word_1_315' title='bbox 1250 4193 1594 4262; x_wconf 76' lang='lat' dir='ltr'>vicesimasecundatt</span> 
     </span>
     <span class='ocr_line' id='line_1_37' title="bbox 127 4291 1551 4385; baseline 0.001 -27"><span class='ocrx_word' id='word_1_316' title='bbox 127 4297 242 4360; x_wconf 88' lang='lat' dir='ltr'>mensis</span> <span class='ocrx_word' id='word_1_317' title='bbox 264 4294 429 4380; x_wconf 88' lang='lat' dir='ltr'>Ianuarii,</span> <span class='ocrx_word' id='word_1_318' title='bbox 458 4298 643 4364; x_wconf 87' lang='lat' dir='ltr'>conclusum</span> <span class='ocrx_word' id='word_1_319' title='bbox 664 4299 726 4364; x_wconf 88' lang='lat' dir='ltr'>fuit</span> <span class='ocrx_word' id='word_1_320' title='bbox 746 4299 780 4362; x_wconf 90' lang='lat' dir='ltr'>in</span> <span class='ocrx_word' id='word_1_321' title='bbox 802 4295 947 4385; x_wconf 86' lang='lat' dir='ltr'>generali</span> <span class='ocrx_word' id='word_1_322' title='bbox 970 4299 1208 4363; x_wconf 83' lang='lat' dir='ltr'>convocacione</span> <span class='ocrx_word' id='word_1_323' title='bbox 1229 4297 1461 4382; x_wconf 89' lang='lat' dir='ltr'>magistrorum</span> <span class='ocrx_word' id='word_1_324' title='bbox 1481 4291 1551 4359; x_wconf 78' lang='lat' dir='ltr'>tmi-</span> 
     </span>
     <span class='ocr_line' id='line_1_38' title="bbox 127 4393 1549 4486; baseline -0.001 -28"><span class='ocrx_word' id='word_1_325' title='bbox 127 4394 301 4477; x_wconf 86' lang='lat' dir='ltr'>versitatis,</span> <span class='ocrx_word' id='word_1_326' title='bbox 323 4393 510 4482; x_wconf 84' lang='lat' dir='ltr'>specialiter</span> <span class='ocrx_word' id='word_1_327' title='bbox 527 4396 570 4462; x_wconf 88' lang='lat' dir='ltr'>sd</span> <span class='ocrx_word' id='word_1_328' title='bbox 588 4394 673 4486; x_wconf 79' lang='lat'>[16¹]</span> <span class='ocrx_word' id='word_1_329' title='bbox 689 4397 751 4462; x_wconf 92' lang='lat' dir='ltr'>boc</span> <span class='ocrx_word' id='word_1_330' title='bbox 767 4399 864 4480; x_wconf 86' lang='lat' dir='ltr'>sacta,</span> <span class='ocrx_word' id='word_1_331' title='bbox 886 4405 919 4460; x_wconf 90' lang='lat' dir='ltr'>et</span> <span class='ocrx_word' id='word_1_332' title='bbox 929 4419 988 4482; x_wconf 92' lang='lat' dir='ltr'>per</span> <span class='ocrx_word' id='word_1_333' title='bbox 1007 4406 1146 4483; x_wconf 90' lang='lat' dir='ltr'>quatuor</span> <span class='ocrx_word' id='word_1_334' title='bbox 1160 4397 1313 4462; x_wconf 87' lang='lat' dir='ltr'>naciones</span> <span class='ocrx_word' id='word_1_335' title='bbox 1324 4394 1469 4460; x_wconf 88' lang='lat' dir='ltr'>eiusdem</span> <span class='ocrx_word' id='word_1_336' title='bbox 1480 4393 1549 4457; x_wconf 92' lang='lat' dir='ltr'>uni-</span> 
     </span>
     <span class='ocr_line' id='line_1_39' title="bbox 127 4491 1550 4582; baseline 0 -27"><span class='ocrx_word' id='word_1_337' title='bbox 127 4493 290 4558; x_wconf 84' lang='lat' dir='ltr'>versitatis</span> <span class='ocrx_word' id='word_1_338' title='bbox 319 4493 523 4560; x_wconf 87' lang='lat' dir='ltr'>concorditer</span> <span class='ocrx_word' id='word_1_339' title='bbox 548 4495 781 4582; x_wconf 85' lang='lat' dir='ltr'>approbatum,</span> <span class='ocrx_word' id='word_1_340' title='bbox 808 4498 841 4560; x_wconf 88' lang='lat' dir='ltr'>iu</span> <span class='ocrx_word' id='word_1_341' title='bbox 867 4503 1032 4560; x_wconf 88' lang='lat' dir='ltr'>rectoratu</span> <span class='ocrx_word' id='word_1_342' title='bbox 1059 4493 1261 4560; x_wconf 87' lang='lat' dir='ltr'>honorabilis</span> <span class='ocrx_word' id='word_1_343' title='bbox 1291 4494 1369 4575; x_wconf 89' lang='lat' dir='ltr'>viri,</span> <span class='ocrx_word' id='word_1_344' title='bbox 1400 4491 1550 4579; x_wconf 85' lang='lat' dir='ltr'>magistri</span> 
     </span>
    </p>
   </div>
   <div class='ocr_carea' id='block_1_9' title="bbox 165 4756 1592 5082">
    <p class='ocr_par' dir='ltr' id='par_1_9' title="bbox 234 4756 1145 4829">
     <span class='ocr_line' id='line_1_40' title="bbox 234 4756 1145 4829; baseline -0.005 -12"><span class='ocrx_word' id='word_1_345' title='bbox 234 4756 637 4829; x_wconf 60' lang='lat' dir='ltr'>remuneratorium.</span> <span class='ocrx_word' id='word_1_346' title='bbox 739 4757 1145 4829; x_wconf 60' lang='lat' dir='ltr'>tenacissimam.</span> 
     </span>
    </p>

    <p class='ocr_par' dir='ltr' id='par_1_10' title="bbox 165 4833 1591 4995">
     <span class='ocr_line' id='line_1_41' title="bbox 231 4833 1591 4914; baseline -0.007 -15"><span class='ocrx_word' id='word_1_347' title='bbox 231 4849 247 4899; x_wconf 78' lang='lat' dir='ltr'>:t</span> <span class='ocrx_word' id='word_1_348' title='bbox 265 4841 420 4899; x_wconf 82' lang='lat' dir='ltr'>Enthalteu</span> <span class='ocrx_word' id='word_1_349' title='bbox 435 4839 481 4896; x_wconf 84' lang='lat' dir='ltr'>die</span> <span class='ocrx_word' id='word_1_350' title='bbox 497 4841 596 4898; x_wconf 83' lang='lat' dir='ltr'>Worte</span> <span class='ocrx_word' id='word_1_351' title='bbox 614 4845 649 4898; x_wconf 83' lang='lat' dir='ltr'>ds</span> <span class='ocrx_word' id='word_1_352' title='bbox 665 4843 766 4898; x_wconf 75' lang='lat' dir='ltr'>tcbbas</span> <span class='ocrx_word' id='word_1_353' title='bbox 783 4842 826 4898; x_wconf 90' lang='lat' dir='ltr'>bis</span> <span class='ocrx_word' id='word_1_354' title='bbox 841 4843 1024 4914; x_wconf 79' lang='lat' dir='ltr'>delinqrrentss</span> <span class='ocrx_word' id='word_1_355' title='bbox 1040 4843 1120 4898; x_wconf 88' lang='lat' dir='ltr'>einen</span> <span class='ocrx_word' id='word_1_356' title='bbox 1135 4839 1256 4896; x_wconf 78' lang='lat' dir='ltr'>Pohleri</span> <span class='ocrx_word' id='word_1_357' title='bbox 1289 4839 1322 4893; x_wconf 90' lang='lat' dir='ltr'>In</span> <span class='ocrx_word' id='word_1_358' title='bbox 1342 4838 1405 4893; x_wconf 87' lang='lat' dir='ltr'>dem</span> <span class='ocrx_word' id='word_1_359' title='bbox 1419 4841 1511 4892; x_wconf 70' lang='lat' dir='ltr'>meten</span> <span class='ocrx_word' id='word_1_360' title='bbox 1530 4833 1591 4891; x_wconf 86' lang='lat' dir='ltr'>Sta·</span> 
     </span>
     <span class='ocr_line' id='line_1_42' title="bbox 165 4923 1440 4995; baseline -0.009 -9"><span class='ocrx_word' id='word_1_361' title='bbox 165 4934 209 4986; x_wconf 88' lang='lat' dir='ltr'>tut</span> <span class='ocrx_word' id='word_1_362' title='bbox 224 4945 289 4985; x_wconf 85' lang='lat' dir='ltr'>rom</span> <span class='ocrx_word' id='word_1_363' title='bbox 307 4931 347 4982; x_wconf 81' lang='lat'>26.</span> <span class='ocrx_word' id='word_1_364' title='bbox 367 4923 434 4982; x_wconf 78' lang='lat' dir='ltr'>dan.</span> <span class='ocrx_word' id='word_1_365' title='bbox 456 4924 568 4995; x_wconf 69' lang='grc'><strong>14700.</strong></span> <span class='ocrx_word' id='word_1_366' title='bbox 587 4941 613 4982; x_wconf 82' lang='lat' dir='ltr'>u</span> <span class='ocrx_word' id='word_1_367' title='bbox 631 4927 680 4984; x_wconf 83' lang='lat' dir='ltr'>Nr.</span> <span class='ocrx_word' id='word_1_368' title='bbox 697 4929 740 4992; x_wconf 78' lang='grc'><strong>20)</strong></span> <span class='ocrx_word' id='word_1_369' title='bbox 758 4927 845 4982; x_wconf 84' lang='lat' dir='ltr'>steht:</span> <span class='ocrx_word' id='word_1_370' title='bbox 862 4927 1092 4982; x_wconf 65' lang='lat' dir='ltr'>danmationm</span> <span class='ocrx_word' id='word_1_371' title='bbox 1109 4926 1178 4980; x_wconf 75' lang='lat' dir='ltr'>tales</span> <span class='ocrx_word' id='word_1_372' title='bbox 1249 4923 1440 4992; x_wconf 75' lang='lat' dir='ltr'>delinqrteatss.</span> 
     </span>
    </p>

    <p class='ocr_par' dir='ltr' id='par_1_11' title="bbox 231 5001 1592 5082">
     <span class='ocr_line' id='line_1_43' title="bbox 231 5001 1592 5082; baseline -0.007 -14"><span class='ocrx_word' id='word_1_373' title='bbox 231 5011 310 5068; x_wconf 76' lang='lat' dir='ltr'>tim</span> <span class='ocrx_word' id='word_1_374' title='bbox 334 5007 464 5080; x_wconf 81' lang='lat' dir='ltr'>Origiual</span> <span class='ocrx_word' id='word_1_375' title='bbox 488 5007 562 5082; x_wconf 82' lang='lat' dir='ltr'>folgt</span> <span class='ocrx_word' id='word_1_376' title='bbox 584 5007 673 5066; x_wconf 85' lang='lat' dir='ltr'>dieser</span> <span class='ocrx_word' id='word_1_377' title='bbox 695 5009 846 5066; x_wconf 79' lang='lat' dir='ltr'>Abscbnitt</span> <span class='ocrx_word' id='word_1_378' title='bbox 870 5015 928 5066; x_wconf 85' lang='lat' dir='ltr'>srst</span> <span class='ocrx_word' id='word_1_379' title='bbox 951 5009 1003 5066; x_wconf 86' lang='lat' dir='ltr'>aui</span> <span class='ocrx_word' id='word_1_380' title='bbox 1024 5009 1072 5067; x_wconf 85' lang='lat' dir='ltr'>Ns.</span> <span class='ocrx_word' id='word_1_381' title='bbox 1092 5015 1139 5081; x_wconf 80' lang='lat'>¹7,</span> <span class='ocrx_word' id='word_1_382' title='bbox 1166 5010 1222 5081; x_wconf 85' lang='lat' dir='ltr'>vgl.</span> <span class='ocrx_word' id='word_1_383' title='bbox 1246 5007 1292 5063; x_wconf 90' lang='lat' dir='ltr'>die</span> <span class='ocrx_word' id='word_1_384' title='bbox 1312 5003 1498 5061; x_wconf 85' lang='lat' dir='ltr'>Blattrablen.</span> <span class='ocrx_word' id='word_1_385' title='bbox 1536 5001 1592 5058; x_wconf 80' lang='lat' dir='ltr'>Am</span> 
     </span>
    </p>
   </div>
   <div class='ocr_carea' id='block_1_10' title="bbox 167 5093 558 5164">
    <p class='ocr_par' dir='ltr' id='par_1_12' title="bbox 167 5093 558 5164">
     <span class='ocr_line' id='line_1_44' title="bbox 167 5093 558 5164; baseline -0.008 -12"><span class='ocrx_word' id='word_1_386' title='bbox 167 5093 558 5164; x_wconf 63' lang='lat' dir='ltr'>Mandemusne.</span> 
     </span>
    </p>
   </div>
   <div class='ocr_carea' id='block_1_11' title="bbox 0 0 1902 6060">
    <p class='ocr_par' dir='ltr' id='par_1_13' title="bbox 0 0 1902 6060">
     <span class='ocr_line' id='line_1_45' title="bbox 0 0 1902 6060; baseline 0 0"><span class='ocrx_word' id='word_1_387' title='bbox 0 0 1902 6060; x_wconf 95' lang='lat' dir='ltr'> </span> 
     </span>
    </p>
   </div>
  </div>
 </body>
</html>
