3788 6078
623 537 674 589 Die
691 535 809 589 Statnten
828 553 880 589 ron
899 535 1063 592 leot-1520
1505 535 1562 600 601

143 718 254 786 famuli
275 741 476 808 praeparare
504 729 653 786 tenentur
675 719 862 787 cathedram
885 730 917 786 et
947 721 1061 788 sedilia
1088 717 1263 788 honorilice
1284 741 1343 808 pro
1366 716 1563 799 doctoribus,

144 821 311 906 magistris
331 830 363 885 et
383 819 566 909 hospitibus
588 843 659 886 oum
682 823 878 887 ornamentis
898 820 1023 887 adhoc
1044 822 1206 887 consuetis
1228 821 1262 885 in
1284 819 1393 909 aliqua
1413 817 1562 884 ecclesia·

143 941 225 1002 rum,
247 919 282 984 in
304 943 369 1008 qua
389 929 467 986 tunc
488 919 564 986 aula
585 920 802 988 celebrabitur
823 919 1009 988 doctoralis.

227 1127 277 1192 34.
297 1137 441 1189 booron
461 1137 644 1188 NOVELLUS
666 1139 754 1188 POST
778 1140 832 1190 8111
853 1139 1105 1189 Pnouoclonnu
1127 1138 1202 1187 HOX
1224 1138 1271 1186 AD
1294 1137 1480 1186 corennum

622 1238 838 1288 recensens
864 1239 1076 1288 mscunsnu.
1589 1230 1605 1284 5

225 1369 349 1436 Doctor
380 1369 525 1436 novellus
555 1371 588 1436 in
624 1371 792 1438 medicinis
824 1372 878 1438 hic
907 1381 1074 1460 promotus
1102 1379 1274 1458 postquam
1305 1368 1437 1435 solverit
1471 1371 1564 1435 iuxta

142 1477 264 1533 statuta
285 1468 456 1552 solvenda,
486 1493 561 1536 mox
591 1481 666 1559 post
694 1472 907 1558 insigniorum
929 1471 1153 1560 recepcionem
1177 1466 1324 1554 (quando
1349 1469 1564 1542 affectaverit)

141 1565 185 1632 ad
208 1566 377 1634 consilium
400 1568 565 1635 facultatis
585 1571 731 1636 medicae
752 1571 936 1658 recipietur,
963 1570 1062 1636 salvis
1089 1581 1197 1634 tamen
1220 1572 1358 1652 stabitis,
1381 1571 1562 1655 ingressum

142 1665 282 1733 alicuius
304 1666 447 1734 doctoris
469 1667 511 1734 nd
533 1669 702 1737 consilium
723 1669 885 1737 facultatis
908 1669 1166 1758 respicientibus.

141 1875 192 1938 35.
224 1888 411 1939 DOGTORES
438 1887 497 1936 mc
524 1887 682 1937 Pssouorl
710 1887 887 1948 Qusulrnn
914 1887 1016 1936 amos
1044 1887 1136 1936 LOCO
1157 1887 1387 1936 mucosum
1408 1878 1603 1936 DEBENT·l0

225 2016 285 2108 [131.
307 2017 358 2108 9⁸]
381 2021 553 2085 Promotus
574 2021 609 2085 in
630 2019 877 2085 baccalaureum
898 2019 1061 2087 facultatis
1084 2019 1229 2086 medicae
1252 2021 1284 2084 in
1304 2029 1416 2086 nostra
1434 2021 1560 2084 univer·
1614 2049 1622 2072 ν

140 2119 236 2184 sitate
267 2119 423 2208 Lipzensi
444 2128 615 2207 postquam
638 2128 820 2207 assumptus
841 2119 939 2186 fuerit
958 2117 1001 2184 ad
1023 2119 1195 2206 legendum
1215 2142 1276 2206 pro
1297 2118 1507 2185 licenciatura
1527 2121 1561 2184 in

139 2217 311 2285 medicinis
334 2227 367 2284 ct
390 2217 507 2306 legerit
529 2241 589 2306 pro
610 2218 740 2306 publico
763 2221 913 2284 examine
934 2218 1180 2300 licenciaturae,
1210 2241 1250 2283 ex
1272 2229 1365 2300 tuno,
1387 2230 1560 2306 postquam

139 2327 308 2404 promotus
329 2319 481 2383 fueritin
503 2315 669 2384 doctorem
692 2317 870 2383 medicinae
890 2321 924 2383 in
947 2317 1009 2383 hac
1029 2318 1251 2400 universitate,
1272 2321 1401 2407 praeire
1418 2318 1514 2385 debet
1527 2321 1561 2385 in

137 2415 209 2482 loco
232 2416 408 2504 quemlibet
430 2417 530 2483 alium
560 2416 723 2482 doctorem
752 2418 931 2484 medicinae
961 2419 995 2482 in
1027 2417 1092 2482 alia
1125 2417 1335 2483 universitate
1363 2429 1557 2505 promotum,
1571 2431 1601 2486 15

137 2517 202 2580 nisi
226 2515 300 2582 talis
321 2516 436 2583 doctor
457 2514 591 2582 alterius
612 2517 832 2582 universitatis
857 2519 891 2582 in
911 2519 975 2582 ista
994 2518 1204 2582 universitate
1226 2526 1300 2582 ante
1328 2517 1560 2584 admissionem

138 2613 282 2680 eiusdem
305 2615 515 2696 baccalaurii,
537 2614 582 2682 ad
602 2615 747 2680 favorem
771 2616 896 2681 scilicet
932 2615 1062 2701 legendi
1089 2638 1149 2702 pro
1176 2616 1326 2697 licencia,
1357 2629 1442 2683 esset
1468 2641 1560 2704 prae-

137 2724 332 2802 assumptas.
374 2715 459 2780 Nam
480 2713 542 2781 hoc
563 2737 643 2780 casu
664 2713 740 2780 talis
761 2713 874 2780 doctor
894 2714 948 2780 hic
972 2723 1139 2802 promotus
1155 2713 1295 2780 alienum
1311 2714 1473 2781 doctorem
1489 2715 1560 2784 loco

137 2814 230 2902 sequi
254 2811 359 2896 debet,
381 2815 483 2880 eciam
505 2815 534 2878 si
554 2823 630 2879 ante
651 2815 754 2901 ipsius
776 2813 918 2880 doctoris
940 2811 1038 2880 alieni
1058 2813 1100 2879 ad
1122 2814 1290 2880 consilium
1313 2815 1475 2882 facultatis
1497 2837 1560 2880 me·
1621 2855 1623 2860 .

135 2911 266 2978 dicinae
288 2914 547 3000 assumpcionem
568 2911 802 2999 adlegandum
824 2935 883 3000 pro
909 2911 1045 2979 licencia
1073 2923 1159 2978 esset
1186 2913 1357 2979 admissus.
1398 2915 1602 2980 Doctoresto

137 3034 215 3078 vero
238 3010 292 3076 hic
315 3013 454 3098 promoti
476 3010 581 3076 locum
603 3011 745 3077 habeant
766 3014 800 3076 in
820 3011 946 3078 actibus
968 3012 1105 3099 publicis
1127 3013 1348 3078 universitatis
1371 3023 1403 3078 et
1426 3013 1558 3079 faculta-

135 3110 178 3174 tis
209 3109 386 3176 secundum
416 3111 632 3198 primogenita
660 3111 805 3198 ipsorum
835 3109 1012 3176 secundum
1040 3110 1211 3176 licenciam
1240 3111 1370 3199 publice
1396 3114 1430 3176 in
1464 3111 1560 3178 scolis

134 3217 302 3296 receptam
310 3211 329 3272 ¹.
1060 3231 1062 3234 ’

133 3415 182 3478 36.
216 3425 375 3476 ιιιιιιιι
406 3426 672 3476 consenserere
703 3425 910 3476 ιιιιιιιιιοι
938 3426 1226 3492 ιιιοιιιιιιιιιοι,
1254 3427 1482 3478 ereancuros
1513 3431 1557 3479 er

585 3525 771 3576 coerceas
791 3527 884 3574 ιιιιιι
906 3525 1104 3575 raonoros.
1566 3522 1598 3578 25

215 3657 455 3723 Baccalaureus
478 3657 668 3741 medicinae,
690 3667 855 3747 promotus
878 3659 912 3722 in
932 3657 997 3722 alia
1010 3658 1231 3740 universitate,
1253 3669 1398 3747 ternpore
1411 3683 1556 3750 assump-

132 3757 238 3822 cionis
260 3754 302 3820 ad
324 3756 512 3822 facultatem
531 3758 712 3824 medicinae
734 3767 860 3824 tenetur
881 3757 961 3821 dare
983 3756 1111 3821 famulis
1133 3758 1356 3824 universitatis
1379 3783 1476 3825 unum
1499 3761 1555 3828 flo-

131 3877 247 3922 renum
268 3877 436 3921 renensem
457 3855 510 3922 vel
533 3857 769 3946 aequipollens,
792 3865 825 3922 et
846 3879 904 3922 sex
924 3854 1028 3938 fl.rh.,
1051 3879 1130 3942 quos
1149 3855 1292 3923 dedisset
1314 3881 1374 3945 pro
1395 3862 1555 3943 examine,

132 3956 160 4020 si
183 3955 237 4020 hic
259 3954 375 4019 fuisset
393 3965 570 4041 promotus,
592 3955 684 4022 dabit
704 3956 899 4023 doctoribus.

215 4087 297 4152 Item
325 4083 411 4152 idem
439 4095 567 4154 tenetur
593 4090 680 4156 infra
706 4092 847 4178 primum
877 4109 1018 4154 mensem
1048 4098 1123 4174 post
1151 4111 1241 4154 suam
1272 4094 1598 4178 assumpcionem²30

132 4187 262 4253 solvere
283 4208 343 4274 pro
364 4186 443 4252 fisco
462 4187 627 4254 facultatis
649 4189 731 4256 duos
752 4189 891 4256 florenos
911 4208 1074 4252 recenses.
1177 4253 1180 4262 Δ

214 4319 297 4384 Item
331 4341 395 4385 non
425 4317 522 4385 debet
551 4320 668 4410 aliquis
695 4331 868 4388 extraneus
898 4317 1131 4385 baccalaureus
1153 4320 1238 4386 medi
1247 4319 1310 4410 [9¹¹]
1320 4323 1412 4387 cinae
1435 4326 1555 4390 assumi

130 4417 174 4484 ad
196 4427 343 4483 nostram
363 4417 551 4485 facultatem
572 4420 666 4486 huius
690 4421 787 4488 studii
799 4471 807 4504 ,
833 4420 897 4485 nisi
924 4421 1015 4505 prius
1046 4420 1236 4486 matriculae
1265 4423 1487 4488 universitatis
1513 4426 1555 4488 sit

127 4517 306 4604 inscriptus
330 4527 361 4582 et
380 4517 493 4583 decem
517 4542 650 4605 grossos
672 4526 791 4590 rectori
818 4532 963 4608 tempore
993 4521 1228 4606 assumpcionis
1258 4522 1383 4607 integre
1411 4521 1553 4589 solverit.

217 4786 227 4836 1
248 4781 311 4838 Von
329 4782 445 4838 anderer
461 4785 547 4842 Hand
566 4789 603 4843 ist
618 4805 663 4844 am
681 4791 780 4848 Raude
798 4791 1020 4864 nachgctragen:
1057 4793 1095 4845 At
1117 4791 1144 4846 af
1172 4789 1328 4844 licostiotroe
1349 4787 1453 4860 attonsis
1470 4791 1550 4848 haim

129 4865 320 4920 antemonet
336 4867 379 4928 at.
397 4869 510 4925 doctore
528 4872 637 4927 alianae
653 4877 842 4931 univer-simlia
858 4878 1024 4943 adveniente,
1041 4877 1091 4945 cui
1106 4875 1247 4944 desyderct
1265 4873 1399 4938 aammmt't
1412 4877 1552 4943 Pfflfflm'·

132 4951 248 5006 beudmn
265 4957 368 5021 murus
385 4952 532 5009 liceaos'ato
548 4965 603 5036 lest,
625 4965 655 5011 ut
679 4961 756 5015 istra
775 4968 899 5015 saumae
925 4961 1098 5014 doctorutam
1119 4965 1266 5030 comparet.
1301 4957 1382 5020 Quod
1403 4958 1430 5010 ai
1441 4962 1554 5030 fecerit,

124 5036 331 5107 praeferendus
349 5035 458 5093 climace
473 5041 659 5096 mvereitatia
678 5045 790 5100 doctori
804 5051 829 5099 at
846 5045 908 5099 loco
925 5051 951 5098 at
967 5045 1116 5099 cmmnodt'a
1135 5053 1188 5112 ειη
1212 5043 1240 5096 ai
1262 5041 1421 5110 neqlcoem‘il,
1448 5043 1554 5099 &aas

128 5125 255 5189 receptare
271 5117 416 5176 liceaeicto
433 5130 531 5193 postea
548 5125 578 5178 a'a
595 5126 734 5182 doctorem
751 5135 883 5183 coronato
896 5132 1088 5200 praeferatur.

216 5207 232 5258 2
251 5201 327 5258 Statt
343 5201 393 5259 der
409 5204 507 5263 Worte
525 5208 606 5279 infra
618 5208 661 5264 bis
677 5214 894 5284 mamspeioaem
912 5209 949 5268 ist
968 5213 1061 5284 spitter
1079 5210 1258 5286 geschrieben
1276 5212 1376 5268 atatim.
