3762 6074
376 503 437 570 532
882 499 931 554 Dic
949 499 1167 568 philoaopbtachs
1180 497 1308 554 ranas

374 684 465 750 ribus
488 684 665 748 constituta
685 693 717 748 et
736 685 857 750 usitata
876 685 977 750 finisse
997 685 1132 750 scimm:
1167 704 1207 746 ue
1233 693 1308 748 ante
1336 679 1459 746 biennii
1479 690 1630 766 tempus,
1667 701 1709 744 ex
1734 701 1786 767 quo

374 785 531 869 magister
551 782 667 868 aliquis
689 781 873 849 declaratus
894 794 997 866 esset,
1029 781 1199 849 discedere
1227 803 1270 846 ex
1295 779 1358 845 hac
1384 779 1553 844 academia
1583 778 1643 844 ulli
1664 777 1787 844 arbitrio

374 905 433 947 suo
455 882 576 948 liceret.
620 880 830 969 Quapropter
852 905 919 966 eos,
942 886 997 970 qui
1021 892 1077 948 aut
1095 879 1159 969 [38]
1182 880 1333 968 publicae
1355 878 1523 944 doctrinae
1549 876 1736 944 muneribus
1761 901 1788 942 ss

375 980 551 1068 aliquando
572 981 739 1046 iuncturos
761 981 813 1048 vel
834 983 869 1047 in
890 985 1151 1050 communitatem
1180 978 1303 1067 publici
1331 977 1460 1042 consilii
1486 987 1702 1066 perventuros
1730 1001 1789 1042 csse

333 1091 349 1145 t
379 1081 592 1168 speraverint,
612 1078 761 1144 volumus
780 1092 838 1146 aut
857 1081 980 1148 biennii
999 1093 1126 1170 tempus
1148 1088 1224 1168 post
1238 1079 1510 1144 renuntiationem
1521 1075 1606 1142 tituli
1618 1079 1788 1164 proximum

375 1181 408 1244 iu
428 1179 490 1244 hac
511 1179 681 1244 academia
702 1179 790 1267 apud
811 1204 871 1246 nos
893 1183 1092 1264 continuare,
1115 1193 1181 1262 aut,
1204 1179 1232 1242 si
1254 1177 1373 1262 aliquis
1395 1177 1505 1263 aliqua
1535 1175 1576 1241 de
1605 1199 1707 1242 causa
1726 1199 1789 1241 avo

376 1287 474 1360 cetur,
510 1289 545 1342 nt
566 1281 631 1366 ipsi
650 1278 883 1344 discedendum
912 1281 964 1364 sit,
991 1301 1056 1345 non
1085 1289 1195 1344 mmeu
1222 1276 1314 1343 abire
1341 1297 1415 1342 eum
1441 1277 1506 1340 nisi
1534 1275 1739 1342 demontrata
1762 1298 1790 1340 re

373 1386 443 1442 tots
464 1387 496 1441 et
517 1399 577 1442 sua
599 1377 797 1444 discessione
818 1378 952 1461 decano,
973 1389 1010 1444 ut
1029 1380 1076 1444 ita
1096 1378 1158 1444 hoc
1181 1378 1303 1442 sciente
1325 1387 1357 1440 et
1378 1376 1587 1463 permittente
1611 1374 1708 1444 absit
1736 1374 1789 1455 Qu

379 1475 487 1540 lacere
514 1476 711 1564 neglexerit,
752 1480 781 1543 is
811 1500 869 1565 spe
897 1477 1102 1565 publicorum
1128 1475 1415 1542 emolumentorum
1443 1476 1614 1562 proposita
1637 1476 1790 1561 magistris

335 1573 461 1661 toapud
483 1597 542 1641 uos
567 1599 601 1641 se
623 1576 785 1642 excidisse
807 1578 890 1642 scire
912 1576 1051 1642 debebit
1094 1575 1245 1661 Cognitis
1267 1587 1375 1639 autem
1398 1574 1612 1661 probatisque
1631 1577 1684 1658 iis,
1712 1595 1784 1660 quae

372 1673 620 1758 indicabuntur,
656 1675 798 1740 deosum
828 1686 860 1742 et
888 1676 1120 1742 discessionem
1149 1675 1314 1762 permittet
1342 1683 1374 1738 et
1394 1673 1480 1738 hauc
1500 1684 1696 1762 tempusque
1714 1673 1789 1738 illim

375 1772 647 1859 perscribendum
669 1774 807 1840 curabit

456 1938 687 2027 Unusquisque
708 1939 805 2004 edam
826 1939 958 2022 horum,
987 1941 1042 2027 qui
1072 1939 1210 2006 docendi
1240 1936 1370 2026 publico
1398 1961 1531 2004 munere
1558 1935 1735 2027 aliquando
1762 1959 1790 2000 se

373 2038 559 2104 firncttirum
580 2040 691 2103 autin
713 2037 839 2104 consilii
859 2037 983 2125 publici
1006 2041 1280 2114 communitatem,
1302 2036 1469 2104 utdictum
1483 2048 1542 2120 eat,
1567 2048 1789 2125 perventurum

336 2149 446 2203 tbessc
468 2139 666 2226 speraverit,
694 2147 814 2204 statuto
844 2137 897 2202 die
924 2161 1031 2203 coram
1054 2137 1294 2202 communitatis
1316 2147 1446 2202 nostrae
1468 2138 1607 2203 concilio
1627 2135 1791 2224 apparebit

375 2247 407 2301 et
428 2236 539 2302 audiet
560 2246 805 2323 coguoscetqua
827 2259 909 2323 quae
928 2247 1006 2303 tunc
1027 2235 1262 2318 recitabuntur,
1285 2245 1317 2299 et
1329 2235 1514 2302 numerabit
1527 2259 1665 2322 groasm
1679 2234 1790 2314 decem,

373 2333 427 2400 vel
451 2337 478 2400 si
498 2336 551 2400 bis
573 2359 734 2425 apparere
753 2335 832 2400 velit
862 2341 951 2412 (cum
980 2336 1032 2402 bis
1061 2337 1156 2400 annia
1186 2335 1323 2421 singulis
1352 2333 1415 2399 hac
1436 2332 1477 2400 de
1499 2357 1601 2400 causa
1623 2347 1791 2400 conventus

372 2434 559 2518 habeatur),
588 2437 730 2524 quinque
757 2437 865 2521 grossi
885 2437 933 2500 ita
958 2433 1231 2517 numerabuntur,
1261 2445 1296 2498 ut
1324 2457 1449 2499 summa
1474 2433 1586 2499 decem
1611 2456 1791 2520 grossmum

372 2537 502 2600 omnino
524 2532 704 2621 expleatur.

330 2709 365 2764 20
456 2699 540 2764 (lum
562 2709 670 2764 autem
692 2709 724 2764 et
746 2699 789 2764 ad
811 2698 1002 2785 dignitatem
1030 2700 1271 2764 commtmitatis
1302 2699 1400 2763 studii
1433 2697 1593 2764 bonarum
1623 2701 1742 2764 artium
1768 2707 1793 2762 et

373 2796 605 2884 discipulorum
626 2797 796 2863 utilitatem
818 2820 1017 2885 magnopere
1040 2794 1105 2886 [39]
1129 2801 1290 2886 pertineat
1311 2797 1462 2886 publicae
1473 2797 1643 2863 doctrinae
1655 2809 1791 2884 tempora

373 2921 412 2963 ac
437 2895 510 2962 loce
535 2896 750 2985 frequentari,
795 2920 879 2985 quae
909 2918 996 2962 nunc
1029 2897 1159 2962 deserta
1195 2897 1384 2984 plerumque
1416 2909 1448 2962 et
1474 2919 1580 2962 vacua
1609 2911 1790 2962 cernuntur:

373 2995 503 3085 quaudo
523 2996 682 3081 magistri,
704 2994 916 3060 emolumenta
937 2995 980 3060 ab
1001 2994 1063 3060 hac
1086 3000 1315 3060 communitate
1338 3008 1560 3083 expectantes,
1583 2997 1791 3084 apparebunt,

370 3105 496 3184 repetet
515 3095 657 3160 decanus
680 3097 940 3160 constitutionem
962 3095 1003 3160 de
1024 3095 1260 3180 frequentanda
1281 3096 1429 3162 doctrine
1444 3096 1586 3184 publica,
1610 3095 1789 3182 iubebitque

328 3199 538 3262 2tuuiversos
559 3193 670 3258 videre
692 3204 725 3257 et
746 3217 871 3276 curare,
894 3205 929 3258 ut
950 3193 1103 3282 discipuli
1126 3196 1269 3283 ipsorum
1295 3195 1420 3262 assidui
1442 3197 1507 3260 sint
1529 3195 1663 3283 publice
1685 3197 1790 3260 doeen-

371 3299 449 3360 tium
473 3293 648 3372 auditores,
670 3293 805 3380 quisque
826 3316 887 3380 pro
910 3303 1007 3380 captu
1028 3296 1150 3380 ingenii
1172 3299 1341 3360 etaetatis
1364 3317 1452 3378 suae,
1482 3306 1514 3359 et
1535 3294 1632 3378 dicet,
1664 3298 1719 3384 qui
1740 3295 1791 3359 boc

371 3395 603 3474 confecerint,
630 3391 694 3456 illis
724 3391 776 3456 vel
801 3392 1031 3480 negligentiam
1062 3391 1147 3457 hanc
1173 3394 1225 3458 vel
1251 3395 1350 3459 istum
1383 3403 1580 3460 contemtum
1607 3396 1792 3462 detrimento

370 3495 523 3562 futurum.

375 3791 609 3859 Recitanda
638 3790 907 3859 scholasticis
934 3805 973 3860 et
1001 3795 1236 3884 discipulis
1271 3797 1519 3882 optimarum
1548 3795 1791 3882 disciplina·

332 3905 366 3960 30
457 3915 543 3958 rum
576 3904 616 3956 et
645 3891 796 3956 artium
824 3893 1012 3979 singulis
1035 3893 1310 3960 semestribus
1333 3895 1498 3982 publice
1519 3917 1540 3960 a
1561 3893 1715 3961 decano

908 3997 1107 4082 temporis
1136 3993 1264 4060 illius.

456 4157 545 4223 Vera
564 4159 691 4222 ratione
712 4167 744 4222 et
765 4157 878 4224 ordine
900 4183 1010 4226 omues
1033 4163 1302 4248 congregationes
1323 4161 1488 4226 hominum
1511 4173 1749 4228 conservantur
1767 4173 1794 4226 et

374 4270 544 4342 augentur,
567 4257 756 4322 contusione
777 4267 833 4322 aut
854 4263 1068 4344 perversitate
1090 4262 1310 4327 dissolvrmtnr
1337 4265 1573 4344 salutarem,
1595 4283 1671 4326 cnm
1692 4285 1791 4348 neque

373 4369 460 4422 recte
481 4365 578 4440 utque
600 4354 818 4437 laudabiliter,
841 4381 943 4445 neque
965 4381 1038 4425 cum
1060 4362 1168 4426 fructu
1189 4369 1221 4425 et
1242 4359 1383 4426 utilitate
1405 4363 1581 4448 quicquam
1606 4361 1682 4446 liat,
1712 4361 1794 4450 quod

331 4457 512 4523 terationis
534 4453 702 4540 diligentia
724 4465 755 4520 et
776 4457 926 4522 custodia
946 4459 1069 4524 ordinis
1091 4459 1288 4524 destituitur.
1327 4459 1372 4524 Et
1392 4460 1473 4526 baec
1494 4471 1545 4526 est
1566 4465 1660 4548 origo
1688 4473 1721 4530 et
1740 4465 1796 4527 iste

372 4557 445 4622 sons
466 4554 574 4638 legum
595 4555 922 4643 constitutionumque
942 4560 1096 4641 omnium,
1118 4579 1201 4644 quae
1221 4560 1371 4624 feruntur
1393 4571 1425 4624 et
1439 4561 1630 4626 sanciuntur
1646 4561 1710 4628 hoc
1725 4585 1794 4627 con-

375 4655 456 4735 silio,
478 4665 514 4718 ut
536 4653 780 4719 communitates
801 4654 965 4721 hominum
987 4667 1054 4724 tam
1077 4656 1206 4740 durare,
1231 4681 1328 4746 quam
1351 4658 1518 4724 honestate
1547 4671 1580 4725 et
1598 4663 1723 4726 virtute
1745 4685 1796 4726 ex·

372 4754 498 4835 cellere,
521 4772 618 4838 quam
639 4753 736 4816 etiam
758 4755 937 4820 commodis
959 4755 1092 4822 affluere
1113 4759 1249 4843 possint
1286 4757 1369 4825 Cum
1392 4767 1499 4824 autem
1521 4769 1636 4824 nostra
1657 4783 1797 4827 commn-

373 4857 459 4921 nitas
491 4847 556 4940 [40]
588 4849 779 4936 profiteatur
817 4853 999 4920 doctrinam
1027 4865 1059 4921 et
1086 4855 1227 4922 studium
1261 4857 1457 4943 optimarum
1487 4855 1739 4945 disciplinarum
1769 4872 1798 4924 et

330 4955 503 5034 toartium,
526 4959 558 5016 et
579 4949 694 5014 harum
716 4953 926 5019 instructione
954 4956 1054 5020 animi
1082 4953 1124 5020 ad
1154 4956 1264 5022 omnia
1293 4977 1445 5040 munera,
1478 4957 1597 5044 quibus
1622 4959 1798 5048 fungendis

373 5053 425 5120 vel
445 5063 577 5118 aeterno
600 5049 660 5114 dec
683 5073 784 5137 opera
804 5052 875 5118 dari
898 5055 949 5120 vel
971 5054 1135 5120 hominum
1157 5056 1303 5121 societati
1320 5058 1471 5122 inserviri
1486 5057 1575 5140 solet,
1598 5081 1798 5148 praeparen-

373 5164 436 5240 tur,
458 5171 579 5238 magua
599 5171 678 5214 cura
700 5149 917 5218 demonstrari
939 5154 1035 5221 debet
1057 5152 1142 5220 hauc
1162 5158 1249 5222 viam
1270 5155 1399 5242 ingredi
1414 5155 1687 5247 volentibusque
1701 5168 1798 5248 pacto
