3794 6066
317 387 374 450 124
778 389 831 438 Des
854 389 990 440 lohannes
1007 389 1086 440 Fabri
1102 389 1136 438 ds
1153 389 1267 438 werden

315 568 535 635 consimilibus
556 568 769 655 beneplacitis
788 569 940 634 favorose
961 591 1211 656 recompensare
1227 569 1381 656 cupimus.
1421 569 1460 634 In
1477 591 1614 658 quorum
1632 571 1732 634 omni·

314 679 422 736 umet
444 669 643 755 singulorum
664 670 916 754 praemissorum
938 671 1052 754 iidem,
1080 669 1179 737 robur
1206 691 1247 734 ac
1275 667 1409 735 evidens
1431 669 1651 736 testimonium
1673 679 1731 735 eta

315 778 351 834 ut
375 792 484 857 supra.

388 957 437 1021 83.
472 970 589 1018 FORMA
611 969 802 1018 GENERALIS
822 972 867 1018 ΕΤ
890 971 1147 1020 comissum
1169 971 1425 1020 commemorns
1446 971 1514 1020 PRO
1535 970 1654 1020 GRADU

289 1061 306 1117 5
762 1069 1042 1120 saccataalaws
1064 1071 1101 1118 IN
1120 1070 1279 1118 AB'I'IBUS.

277 1257 285 1274 ,
397 1185 568 1251 Universis
588 1193 620 1249 et
639 1183 783 1270 singulis,
805 1188 1023 1272 praesentium
1043 1188 1193 1251 notitiam
1214 1184 1383 1270 habituris,
1403 1209 1463 1252 nos
1481 1187 1529 1252 N.
1545 1185 1586 1252 de
1600 1185 1661 1268 .N.,
1685 1209 1735 1252 ar·

315 1287 395 1352 tium
414 1287 580 1370 magister,
602 1283 764 1348 facultatis
785 1286 961 1351 earundem
981 1287 1100 1351 mtium
1112 1285 1216 1351 almae
1228 1287 1450 1352 universitatis
1462 1287 1561 1352 studii
1573 1286 1734 1374 Lipcaen-

316 1387 361 1450 sis
382 1384 662 1472 Merseburgensis
684 1383 823 1450 diocesis
845 1384 996 1468 decanus,
1018 1395 1130 1451 tenore
1151 1386 1371 1473 praesentium
1383 1385 1514 1474 publice
1528 1387 1734 1473 recognosci-

313 1507 384 1549 mus
412 1484 614 1570 profitentes,
642 1484 818 1549 discretum
839 1485 886 1549 .N.
908 1485 948 1550 de
969 1487 1016 1552 ‚tt
1040 1487 1073 1550 in
1103 1483 1259 1552 iamdicta
1291 1487 1504 1552 universitate
1527 1485 1736 1552 laudabiliter

274 1593 349 1650 lose
375 1586 516 1665 rexisse,
542 1585 723 1670 magistris,
754 1583 941 1650 doctoribus
969 1587 1148 1672 ceterisque
1177 1586 1353 1671 suppositis
1382 1608 1443 1672 pro
1468 1595 1608 1652 statuet
1632 1584 1733 1674 quali-

313 1695 380 1749 tate
404 1685 470 1749 suis
493 1685 644 1750 decenter
667 1694 892 1750 conversatum
912 1685 1030 1768 finisse,
1057 1685 1211 1756 lectiones
1241 1694 1273 1749 et
1298 1687 1456 1750 exercitia
1476 1685 1621 1774 aliosque
1643 1695 1735 1750 acttrs

314 1784 542 1867 scholasticos,
570 1784 710 1870 gradum
740 1783 980 1850 bacealariatus
1010 1787 1044 1848 in
1065 1783 1189 1849 artibsn
1208 1795 1452 1867 concernentes,
1480 1784 1653 1872 diligenter
1681 1807 1734 1849 au·

313 1884 431 1950 diendo
452 1883 673 1972 complevisse.
716 1882 826 1964 Quare
845 1884 982 1949 eundem
1004 1884 1054 1948 .N.
1074 1886 1187 1949 merito
1216 1883 1367 1950 duximus
1391 1882 1729 1965 recommendandum,

313 2006 387 2050 cum
409 2007 447 2050 eo
469 1985 624 2052 attentius
645 1993 815 2069 rogantes,
843 1994 1001 2070 quatenus
1023 1985 1260 2070 unusquisque,
1289 1983 1332 2048 ad
1355 2005 1449 2070 quem
1472 1987 1661 2071 praesentia
1682 1983 1734 2048 de·

274 2085 475 2166 ttvenerint,
500 2094 632 2150 nostrae
657 2082 820 2148 facultatis
849 2081 1032 2148 antedictae
1060 2084 1180 2148 intuitu
1207 2095 1499 2169 praememoratum
1529 2084 1579 2148 .N.
1606 2105 1734 2173 promo·

312 2181 470 2265 tionibus,
497 2182 664 2249 favoribus
692 2191 725 2248 et
752 2183 896 2248 consiliis
927 2182 1068 2269 dirigere
1097 2184 1227 2270 suisque
1255 2182 1369 2266 rebus,
1400 2186 1508 2250 causis
1530 2193 1563 2249 et
1583 2185 1734 2270 negotiis,

314 2285 396 2349 actis
425 2282 478 2349 vel
504 2281 655 2371 agendis,
682 2285 837 2349 assistere
864 2283 1032 2368 dignetur,
1059 2305 1118 2347 nos
1150 2305 1209 2371 per
1235 2282 1296 2348 hoc
1317 2282 1360 2348 sd
1382 2283 1562 2350 consimilia
1582 2280 1733 2368 benepla-

314 2385 379 2449 cita
400 2381 662 2468 constringendo.
703 2383 742 2447 In
766 2379 852 2470 [38⁸]
873 2385 965 2448 cuius
986 2383 1034 2446 rei
1058 2381 1154 2446 fidem
1177 2405 1216 2447 ac
1235 2383 1399 2448 efficacius
1412 2383 1634 2449 testimonium
1647 2395 1734 2448 ante·

313 2483 420 2548 dictae
448 2493 577 2549 nostrae
607 2481 771 2547 facultatis
799 2481 939 2567 sigillum
959 2481 1185 2569 praesentibus
1207 2481 1478 2548 testimonialibus
1499 2483 1616 2550 litteris
1639 2483 1731 2548 duxi-

272 2590 387 2648 tomus
408 2582 658 2670 appendendum
679 2591 710 2646 et
731 2581 956 2668 appendimus.
990 2581 1106 2646 Uatae
1130 2603 1214 2646 anno
1237 2591 1296 2646 eto.

479 2705 515 2763 Si
542 2723 613 2762 vero
640 2703 750 2780 aliquis
774 2703 904 2778 pradum
933 2701 1158 2761 torcolarium
1180 2701 1211 2760 in
1232 2703 1348 2761 artibus
1370 2705 1497 2780 adeptus
1516 2703 1572 2776 sit,
1600 2705 1735 2763 addatur

482 2803 513 2860 in
531 2802 728 2878 praescripta
740 2807 847 2876 sorum
869 2809 938 2859 ante
960 2801 1078 2860 verbm
1101 2797 1211 2879 Quare
1232 2812 1285 2862 etc.
1309 2804 1383 2861 laec
1404 2805 1560 2862 clausula.-

312 2913 526 3003 Eundemque
554 2914 597 2979 ad
626 2913 813 2979 huiusmodi
843 2913 982 3000 gradum
1008 2913 1246 2980 baccalariatus
1275 2917 1309 2980 in
1338 2915 1463 2981 artibus
1491 2917 1639 3001 rigoroso
1661 2939 1734 2982 exa·

313 3017 399 3080 mine
420 3017 601 3102 praemisso
625 3014 665 3078 de
686 3015 830 3078 unanimi
853 3035 1013 3080 consensu
1034 3015 1250 3104 concordique
1273 3015 1393 3083 iudicio
1413 3017 1645 3101 magistrorum
1660 3038 1734 3080 exa·

271 3117 507 3180 seminatorum
527 3123 692 3202 tamquam
713 3110 863 3179 idoneum
885 3127 916 3178 et
936 3115 1148 3180 sufficientem
1167 3115 1346 3181 admissum
1365 3124 1613 3202 promotumque
1625 3116 1735 3181 fluisse.

314 3214 426 3296 Quare
447 3225 506 3282 etc.
527 3225 563 3280 ut
584 3236 694 3300 supra.

384 3420 432 3485 84.
466 3436 545 3484 anta
566 3433 685 3482 FOleA
706 3433 909 3482 sencmloa
930 3433 1157 3482 cinnamon
1179 3433 1436 3483 commotus
1455 3434 1523 3482 Pac
1546 3433 1666 3484 GRADU

764 3533 1045 3582 succensemus
1064 3535 1100 3580 IN
1121 3533 1281 3581 ARTIBUS.

394 3651 565 3716 Universis
593 3659 625 3714 et
646 3649 782 3736 singulis
804 3658 936 3714 sanctae
956 3652 1069 3715 matris
1091 3650 1247 3716 ecclesiae
1268 3650 1361 3734 liliis,
1388 3659 1577 3737 praesentes
1604 3649 1732 3716 litteras

269 3750 442 3831 30visuris,
464 3749 597 3814 lectmis
621 3749 673 3813 vel
695 3748 866 3830 audituris,
887 3771 946 3812 nos
969 3749 1016 3814 .N.
1031 3748 1071 3815 de
1085 3751 1143 3833 .N.,
1166 3751 1283 3816 artium
1305 3751 1470 3837 magister,
1491 3749 1659 3815 facultatis
1680 3773 1731 3816 ea·

311 3849 448 3915 nmdem
477 3850 595 3912 artium
622 3848 726 3914 almae
747 3850 968 3914 universitatis
990 3848 1088 3914 studii
1110 3849 1299 3938 Lipcnensis
1321 3848 1604 3936 Meraeburgensis
1625 3849 1731 3915 dioce-

313 3950 357 4014 sis
379 3948 531 4031 deosum,
553 3950 714 4034 ceterique
728 3949 876 4034 magistri
897 3949 932 4012 in
952 3948 1039 4014 dicta
1056 3950 1209 4015 facultate
1233 3959 1308 4015 actu
1328 3959 1478 4036 regentes
1500 3971 1572 4014 cum
1594 3950 1734 4016 subscri·

313 4059 443 4135 ptorum
463 4049 580 4114 notitia
602 4049 761 4114 sinceram
782 4050 815 4112 in
837 4047 968 4114 domino
990 4047 1188 4115 charitatem.
1228 4049 1315 4115 Sane
1340 4071 1414 4114 cum
1439 4048 1598 4114 discretus
1622 4049 1673 4114 .N.
1695 4049 1733 4114 de

314 4150 361 4214 .N.
381 4150 416 4212 in
440 4148 591 4234 praefata
614 4149 824 4214 universitate
852 4147 1052 4237 aliquamdiu
1073 4148 1232 4216 bonarum
1256 4151 1374 4214 artium
1396 4147 1578 4235 disciplinis
1601 4171 1735 4238 operam

271 4259 304 4315 35
316 4248 512 4336 impenderit
534 4247 721 4334 diligentem
743 4260 776 4315 et
796 4248 948 4315 lectiones
971 4271 1010 4314 ac
1032 4251 1190 4315 exercitia
1211 4271 1386 4337 omnesque
1408 4244 1495 4336 [ggs]
1518 4247 1600 4314 alios
1622 4259 1655 4314 et
1676 4251 1737 4314 sin·

312 4347 405 4436 gulos
419 4357 522 4432 actus,
544 4347 681 4434 gradum
703 4347 942 4415 baccalariatus
963 4350 998 4413 in
1019 4347 1144 4414 artibus
1158 4359 1398 4431 concernentes,
1416 4346 1592 4413 secundum
1606 4358 1737 4414 nostrae

311 4447 477 4514 facultatis
509 4457 630 4513 statuta
656 4459 688 4514 et
709 4447 955 4516 consuetudines
978 4447 1150 4535 diligente
1172 4450 1236 4527 (uti
1254 4448 1420 4537 fidedigno
1442 4451 1627 4536 accepimus
1650 4451 1735 4515 testi-

314 4543 438 4634 monio)
461 4548 681 4636 compleverit,

397 4649 432 4709 a·
452 4661 495 4710 eat
512 4660 678 4732 prmnotas,
700 4655 837 4713 addatur
858 4654 931 4712 taso
951 4653 1105 4711 clausula:
1137 4646 1332 4713 antedictum
1353 4671 1480 4738 quoque
1503 4646 1644 4735 gradum
1664 4649 1738 4714 bac-

273 4747 489 4814 tocalariatus
514 4751 548 4814 in
570 4746 704 4832 artibus,
726 4749 906 4838 praemisso
929 4749 1079 4835 rigoroso
1101 4748 1264 4831 examine,
1295 4749 1328 4813 in
1358 4770 1421 4836 qno
1443 4747 1580 4814 idoneus
1602 4759 1634 4814 et
1655 4750 1738 4815 suffi-

316 4850 405 4914 ciens
427 4855 611 4936 compertus
631 4858 695 4932 est,
716 4849 816 4936 digne
836 4847 973 4936 adeptus
994 4847 1101 4930 buerit,

398 4939 485 5014 vitae
507 4947 646 5034 denique
668 4971 707 5016 ao
728 4969 856 5014 morum
877 4945 1035 5014 laudabili
1062 4947 1307 5013 conversatione
1329 4947 1505 5036 plurimum
1529 4947 1730 5015 commenda·

315 5046 413 5112 bilem
435 5069 505 5114 sese
526 5047 716 5134 reddiderit,
737 5046 882 5114 volentes
904 5047 1044 5136 praefati
1064 5047 1114 5112 .N.
1133 5045 1261 5114 labores
1282 5047 1493 5115 scholasticos
1513 5059 1545 5114 et
1566 5049 1653 5114 vitae
1671 5071 1732 5114 me
