3762 6074
335 487 397 550 494
833 487 882 536 Dte
903 487 1121 552 philosophtsche
1139 487 1264 540 Faculttt.

385 707 433 768 12.
456 719 597 779 QUANTO
620 717 784 766 TEMPORE
807 719 1013 767 Exrnsnnos
1034 719 1191 768 S'l’UDENS
1210 719 1406 767 aovnnffins
1428 720 1521 768 ANTE
1544 719 1715 768 Baccana-

787 818 929 866 REATUM
949 818 1007 865 1110
1030 819 1138 866 STARE
1161 818 1310 865 Danaas.

418 932 531 997 Nullus
553 932 729 998 adveniens
750 933 792 998 de
813 933 877 998 alia
902 933 1115 999 universitate
1139 932 1181 997 ad
1209 943 1352 998 nostram
1380 935 1569 1020 promoveri
1598 932 1697 999 debet
1722 932 1759 998 ad

337 1032 474 1118 gradum
504 1031 750 1114 baccalariatus,
778 1035 841 1096 nisi
871 1035 963 1120 prins
993 1033 1117 1097 steterit
1146 1033 1179 1096 in
1206 1034 1284 1096 ista¹
1308 1034 1518 1098 universitate
1541 1056 1601 1120 per
1623 1032 1759 1097 medinm

294 1142 311 1196 5
338 1155 467 1214 annum,
493 1140 524 1195 et
545 1129 720 1196 dummodo
742 1133 937 1197 sufficientes
957 1132 1201 1197 informationes
1222 1133 1334 1196 lecerit
1356 1132 1397 1196 de
1417 1131 1584 1197 anditione
1606 1132 1759 1197 librorum

336 1253 397 1316 pro
417 1231 522 1316 gradu
542 1233 575 1294 in
595 1231 660 1295 alia
681 1231 901 1296 universitate.

371 1417 419 1478 13.
441 1430 582 1490 QUANTO
604 1431 768 1478 TEMPORE
791 1431 961 1478 ALTERIUS
985 1431 1247 1478 unlvnnslrarls
1269 1429 1504 1478 arcessamus
1521 1433 1617 1480 ANTE
1641 1433 1732 1482 SUUM

700 1529 939 1578 Maulsrntuoat
961 1530 996 1576 IN
1018 1529 1095 1577 ISTA
1115 1531 1224 1576 STARE
1245 1529 1395 1576 Danaas.

419 1643 534 1708 Nullus
568 1643 772 1709 baocalarius
803 1647 935 1710 veniens
967 1644 1007 1708 de
1040 1644 1105 1709 alia
1132 1645 1343 1708 universitate
1376 1649 1562 1732 promoveri
1593 1646 1694 1711 debet
1724 1647 1761 1711 ad

298 1755 330 1809 10
340 1743 477 1830 gradum
497 1745 677 1830 magisterii
698 1747 731 1810 in
753 1745 887 1826 artibus,
907 1745 968 1808 nisi
991 1746 1082 1830 prius
1104 1745 1229 1808 steterit
1249 1745 1283 1807 in
1304 1745 1368 1808 ista
1388 1747 1601 1811 universitate
1616 1745 1762 1810 ariminus

337 1865 396 1930 per
413 1841 582 1908 dimidium
598 1867 727 1926 annum,
750 1855 782 1908 et
803 1843 974 1910 dummodo
996 1843 1191 1908 sufficientes
1213 1843 1457 1910 informationes
1475 1845 1592 1910 fecerit
1614 1845 1657 1910 de
1679 1845 1762 1910 audi·

338 1945 425 2007 tione
445 1940 602 2008 librorum
622 1965 683 2029 pro
704 1944 893 2029 magisterio
915 1945 948 2007 in
970 1942 1035 2008 alia
1054 1944 1276 2006 universitate.

389 2132 437 2192 14.
459 2142 506 2188 nn
530 2141 823 2190 nassonsronssns
844 2141 1160 2190 anonovsnnonnn
1182 2142 1252 2189 rau
1274 2141 1599 2193 nsorsrnsnnosms
1621 2147 1717 2206 Quas

853 2225 1244 2290 saccanaannnonnn.²

299 2370 330 2424 u
421 2356 537 2422 Nullus
559 2356 750 2422 admittatur
777 2356 820 2421 ad
846 2366 1043 2444 temptamen
1071 2379 1131 2444 pro
1153 2355 1260 2442 gradu
1282 2359 1461 2442 magisterii
1483 2359 1518 2422 in
1539 2357 1679 2442 artibus,
1706 2361 1762 2424 nisi

342 2457 383 2522 ad
406 2459 512 2522 minus
537 2468 650 2544 quater
671 2457 714 2521 ad
743 2467 852 2542 partes
881 2455 1077 2544 principales
1103 2465 1135 2519 et
1157 2455 1206 2521 bis
1229 2456 1272 2521 ad
1299 2467 1409 2542 partes
1432 2459 1538 2522 minus
1568 2459 1763 2546 principales

340 2556 514 2639 ordinarie,
532 2567 565 2620 et
574 2555 706 2621 totidem
721 2554 979 2620 extraordinarie
991 2557 1165 2640 magistris,
1179 2577 1199 2619 a
1211 2553 1328 2642 quibus
1340 2555 1414 2620 talis
1427 2553 1511 2644 [35¹²]
1525 2561 1696 2644 responsio
1708 2559 1764 2622 sibi

342 2658 509 2740 assignata
530 2656 641 2737 fuerit,
668 2653 888 2740 responderit,
917 2655 963 2719 ita
984 2654 1069 2743 quod
1091 2677 1113 2718 a
1132 2655 1292 2741 principio
1313 2677 1416 2742 usque
1438 2655 1482 2720 ad
1504 2657 1600 2720 linem
1625 2657 1763 2745 disputa·

343 2757 442 2819 tionis
470 2753 591 2818 ibidem
624 2755 855 2840 permanserit,
885 2753 953 2816 sine
983 2776 1082 2818 eausa
1109 2753 1294 2818 rationabili
1320 2777 1384 2818 non
1413 2753 1605 2823 recedendo.
1647 2757 1763 2821 Bacca-

299 2852 510 2920 2ttlariandns
538 2875 617 2918 vero
645 2852 696 2917 bis
727 2853 892 2937 magistris
922 2861 954 2916 et
984 2854 1101 2918 totiens
1130 2851 1326 2918 baccalariis
1356 2851 1399 2916 ad
1430 2863 1542 2939 partes
1570 2856 1763 2943 principales

341 2953 458 3019 debeat
480 2950 703 3040 respondisse,
731 2951 774 3016 ad
802 2963 911 3038 partes
935 2961 1041 3016 autem
1063 2954 1169 3016 minus
1192 2950 1391 3040 principales
1413 2963 1526 3040 quater
1548 2957 1716 3041 magistris
1737 2965 1765 3019 et

342 3061 455 3139 quater
483 3051 675 3116 baccalariis
704 3063 830 3116 tenetur
853 3063 885 3115 et
913 3051 1009 3115 debet
1032 3052 1250 3138 respondisse,
1278 3051 1359 3116 alias
1382 3050 1424 3115 ad
1453 3075 1591 3118 examen
1621 3078 1686 3120 non
1713 3055 1764 3120 ad·

340 3154 495 3216 mittatur.
533 3151 577 3214 Et
598 3151 702 3216 idem³
728 3150 961 3238 respondentes
983 3173 1003 3214 a
1025 3152 1186 3237 principio
1215 3173 1315 3238 usque
1345 3150 1388 3215 ad
1414 3149 1512 3216 finem
1539 3153 1765 3240 disputationis

340 3261 508 3332 maneant,
543 3252 612 3315 sine
638 3271 738 3314 causa
767 3249 952 3314 rationabili
984 3272 1048 3314 non
1078 3249 1275 3332 recedendo,
1309 3251 1364 3336 qui
1397 3251 1426 3315 si
1458 3251 1612 3317 absentes
1642 3255 1764 3334 luerint,

298 3350 514 3416 25dummodo
546 3351 593 3413 cis
623 3353 769 3434 arguitur
798 3349 849 3414 vel
883 3360 1108 3434 argumentum
1138 3351 1340 3436 proponitur,
1373 3355 1543 3437 responsio
1573 3351 1668 3436 talis,
1703 3355 1765 3416 sive

342 3449 535 3538 principalis
555 3451 623 3514 sive
645 3450 750 3514 minus
772 3449 966 3536 principalis
987 3451 1094 3531 suerit,
1115 3470 1179 3513 non
1200 3447 1297 3514 debet
1318 3452 1508 3536 computari.

345 3641 389 3700 l5.
423 3649 707 3698 msenrs'mortnu
735 3648 951 3697 oantnanlan
979 3649 1051 3696 Tan
1076 3647 1326 3696 molernonun
1354 3650 1449 3709 QUA!
1478 3651 1766 3700 Baccanamonust

384 3749 613 3797 Pnonovnnnl
635 3748 861 3814 mamanensi,
883 3749 947 3797 SUB
969 3747 1043 3796 suls
1065 3747 1286 3814 mnastnNTls,
1308 3748 1564 3809 FREQUEN'I'ARE
1587 3751 1729 3799 Dsnnnr

919 3847 965 3894 ΕΤ
988 3847 1182 3896 Tarannon.

301 3975 335 4028 30
428 3961 514 4042 Quia
539 3965 694 4050 perpauci
721 3962 934 4051 promovendi
960 3965 994 4028 in
1023 3962 1162 4044 artibus,
1190 3973 1225 4026 ut
1251 3985 1304 4028 res
1333 3965 1408 4051 ipsa
1434 3963 1559 4028 indicat
1587 3976 1623 4030 et
1650 3969 1766 4032 veritas

343 4071 490 4146 testatur,
519 4063 772 4150 disputationem
801 4062 998 4128 ordinariam
1027 4073 1094 4126 tam
1124 4063 1354 4148 magistrorum
1385 4085 1482 4150 quam
1509 4063 1766 4130 baccalariorum

344 4157 442 4247 (quae
463 4171 570 4226 tamen
590 4163 864 4228 fructuosissimus
886 4173 977 4226 aetus
1005 4161 1215 4226 scholasticus
1242 4163 1276 4226 in
1298 4175 1409 4228 nostro
1429 4161 1535 4228 studio
1558 4167 1680 4230 artium
1700 4188 1766 4230 esse

344 4259 536 4346 dinoscitur)
559 4262 795 4347 ingrediuntur,
817 4284 876 4326 neo
898 4263 961 4348 piis
983 4261 1213 4326 monitionibus
1236 4263 1286 4346 (ut
1300 4263 1502 4349 experientia
1515 4262 1642 4349 docuit)
1662 4264 1766 4330 induci

344 4369 464 4446 queant
485 4369 555 4441 eto,
583 4359 643 4424 hoo
665 4361 802 4426 facultas
824 4363 942 4425 artium
965 4360 1087 4442 volens,
1114 4362 1161 4424 uti
1189 4371 1324 4443 tenetur,
1353 4362 1527 4428 emendare
1549 4365 1637 4429 etin
1657 4363 1766 4428 melius

303 4459 533 4542 ttreformare,
560 4461 741 4544 partimque
768 4463 934 4546 antiquam
955 4461 1195 4524 observantiam
1224 4483 1439 4544 reassmnens,
1469 4464 1597 4546 statuit,
1624 4464 1710 4552 qnod
1734 4465 1765 4526 in

346 4569 441 4624 antea
462 4557 597 4642 quilibet
616 4558 910 4645 promovendorum
930 4569 1076 4646 tempore
1096 4557 1358 4646 dispensationis,
1378 4571 1446 4626 tam
1465 4585 1526 4649 pro
1548 4562 1765 4628 bacoalariam

423 4831 434 4880 1
456 4825 491 4880 D.
510 4825 528 4879 i.
548 4822 600 4878 auf
614 4823 663 4878 der
681 4822 811 4893 hiesigen.
838 4821 901 4893 Vgl.
919 4821 990 4877 oben
1010 4821 1038 4878 S.
1057 4828 1097 4890 25,
1116 4827 1126 4876 t
1148 4839 1174 4876 u.
1193 4828 1250 4892 313,
1268 4830 1310 4880 2⁴.

423 4915 439 4965 2
458 4909 512 4964 Am
530 4907 628 4963 Raude
646 4909 800 4962 eorwlanrm
816 4908 866 4960 arab
883 4907 1081 4980 Koaipslroffea
1099 4907 1214 4962 iuniore.
1249 4907 1290 4962 Im
1308 4907 1504 4976 omassum,
1521 4908 1764 4966 retraxeritis>

345 4993 406 5048 laus
423 5011 447 5046 v.
465 4993 500 5048 K.
526 4993 633 5060 Decan,
653 4995 738 5046 istob
762 4991 929 5046 Laurentius
947 5009 971 5046 v.
992 4991 1026 5046 n.
1066 4991 1207 5046 Letzterer
1227 4991 1264 5046 ist
1287 4991 1357 5047 wohl
1383 4993 1512 5064 &meiat
1549 4993 1679 5048 Offenbar
1703 4993 1764 5048 aber
1861 4989 1862 4992 ’

346 5077 416 5132 fehlt
431 5077 475 5130 die
492 5077 621 5148 Angabe,
639 5092 694 5130 was
710 5076 816 5130 damats
833 5075 1007 5130 besehlosseu
1026 5074 1134 5129 worden
1152 5075 1199 5130 sei.

423 5162 519 5234 ttht.
539 5179 574 5216 au
592 5159 674 5232 Xlll,
693 5165 722 5216 to
740 5159 788 5215 der
806 5158 936 5214 Statuten
954 5177 1008 5216 von
1029 5164 1101 5218 1499.
