3788 6078
321 467 382 531 θῇ
830 469 880 520 Dte
897 469 1085 520 medicinische
1103 467 1232 521 Facnltlt.

323 648 454 730 ditione,
477 657 528 728 ut,
552 647 580 710 si
602 646 695 730 velit,
717 661 957 715 concurrentem
976 672 1047 716 esse
1069 650 1228 739 aliquem,
1250 675 1290 717 ex
1315 651 1501 717 doctoribus
1523 651 1623 718 talem
1644 653 1734 742 eligat

331 749 365 812 in
386 747 492 813 locum
513 745 680 830 scholaris,
701 770 742 812 ne
763 746 841 835 quid
863 748 1013 836 dignitati
1036 749 1159 816 ordinis
1179 751 1281 816 nostri
1303 749 1504 816 detrahatur.

1020 889 1048 950 6.

407 995 453 1062 Ut
466 995 653 1082 aequalitas,
674 995 917 1064 benevolentiae
933 1009 1045 1082 mater,
1067 1009 1224 1080 servetur,
1245 997 1353 1085 quoad
1374 998 1446 1063 fieri
1463 1010 1573 1086 potest
1593 1003 1738 1085 maxime,

282 1107 299 1162 5
329 1096 474 1162 demerit
486 1094 632 1178 facrdtas,
649 1107 685 1160 ut
700 1096 838 1184 posthac
854 1097 889 1162 in
904 1098 1077 1185 poscendis
1092 1098 1275 1164 honorariis
1297 1093 1361 1184 [12]
1382 1120 1443 1184 pro
1465 1103 1626 1186 praestita
1646 1123 1739 1188 opera

327 1194 549 1262 medicationis
571 1196 692 1283 triplex
714 1196 776 1264 hoc
807 1196 979 1264 discrimen
1007 1208 1164 1280 servetur,
1197 1197 1335 1285 primum
1367 1197 1601 1283 magnitudinis
1632 1199 1738 1281 morbi,

332 1294 448 1362 deinde
477 1295 655 1362 durationis
682 1319 739 1362 seu
770 1296 981 1384 longitudinis
1007 1296 1131 1380 morbi,
1163 1297 1258 1360 tertio
1291 1294 1485 1362 conditionis
1515 1307 1549 1362 et
1579 1298 1736 1364 taculmis

327 1397 427 1482 aegri,
460 1394 558 1482 idque
580 1397 700 1478 ita,¹ut,
723 1397 844 1484 siquis
872 1395 1003 1462 octiduo
1032 1397 1194 1460 curaverit
1224 1394 1355 1460 divitem
1386 1393 1526 1484 aliquem
1557 1398 1593 1462 in
1628 1396 1734 1464 morbo

326 1515 455 1580 magno,
475 1492 518 1558 ab
538 1517 575 1558 eo
597 1505 711 1580 poscat
731 1492 930 1578 10thaleros,
951 1519 971 1560 a
991 1494 1146 1560 mediocri
1166 1517 1235 1577 sex,
1256 1516 1277 1558 a
1298 1495 1386 1560 temti
1408 1493 1501 1560 duos.
1531 1495 1570 1560 ln
1592 1495 1737 1560 chromco

288 1605 320 1660 10
328 1593 441 1660 morbo
464 1616 484 1659 a
506 1592 605 1659 divite
628 1613 686 1680 per
707 1595 920 1681 septimanam
942 1593 1140 1677 titholeros,
1159 1617 1180 1660 a
1204 1593 1359 1660 mediocri
1380 1590 1481 1676 duos,
1503 1596 1632 1660 atenui
1652 1593 1738 1658 dimi·

326 1691 425 1758 dium.
457 1692 599 1773 Quodsi
616 1715 674 1780 pro
694 1690 805 1758 decem
821 1715 881 1780 pro
897 1692 1092 1759 liberalitate
1114 1715 1212 1780 aeger
1234 1691 1360 1758 medico
1382 1691 1517 1779 duplum
1536 1705 1594 1758 aut
1613 1693 1739 1780 triplum

324 1815 495 1860 numerare
514 1792 661 1874 voluerit,
683 1791 864 1880 accipiendi
885 1791 975 1858 locus
996 1791 1122 1858 medico
1143 1815 1208 1858 non
1228 1791 1462 1879 prohibebitur.

800 1957 839 2024 V.
860 1955 907 2046 [S.
929 1955 979 2046 13]
1006 1977 1054 2024 un
1076 1977 1266 2027 maroam.

1026 2083 1051 2142 1.

283 2204 315 2260 tt
408 2192 670 2260 Demonstratori
702 2193 884 2257 anatomiae
912 2213 954 2256 ex
984 2190 1160 2280 diplomate
1186 2192 1346 2280 principis
1376 2191 1594 2256 decernuntur
1622 2195 1661 2257 20
1688 2189 1740 2256 llo

321 2295 401 2376 reni,
423 2295 478 2382 qui
500 2315 542 2358 ex
563 2293 690 2358 aerario
712 2289 948 2378 persolvuntur.

409 2527 569 2593 Doctores
587 2527 684 2590 etism
706 2523 821 2612 reliqui
843 2524 1000 2588 interesse
1021 2523 1141 2590 debent
1161 2523 1354 2606 anatomiae,
1376 2531 1531 2610 quantum
1552 2525 1668 2613 cuique
1687 2545 1741 2611 per

323 2628 454 2713 negotia
475 2624 600 2706 licebit,
630 2647 690 2712 pro
714 2645 779 2710 qua
806 2644 907 2710 opera
934 2623 1053 2708 singuli
1074 2629 1094 2690 2
1114 2623 1253 2690 florenos
1275 2643 1317 2686 cx
1338 2625 1465 2690 serarm
1494 2625 1664 2711 accipient
1706 2621 1739 2688 Si

282 2728 382 2812 toqui
402 2726 487 2790 forte
511 2735 619 2789 tamen
641 2745 700 2811 per
722 2725 862 2808 negotis,
884 2721 1099 2788 valetudinem
1123 2735 1179 2788 aut
1207 2721 1384 2811 quamlibet
1412 2723 1510 2789 aliam
1538 2720 1738 2812 probabilem

324 2847 455 2890 causam
475 2822 707 2912 impedientur,
728 2821 779 2886 his
801 2820 1008 2886 nihilominus
1031 2819 1118 2886 idem
1138 2825 1328 2911 praemium,
1349 2845 1465 2910 nempe
1485 2829 1504 2890 ‘l
1524 2821 1641 2888 floreui
1664 2845 1735 2910 pen·

325 2924 460 3006 dantur3
483 2925 538 3011 qui
560 2945 637 2988 vero
659 2919 849 3008 simpliciter
869 2921 1027 2986 iuteresse
1046 2924 1278 3006 recusaverint,
1298 2922 1349 2988 his
1369 2920 1450 2986 nihil
1471 2920 1612 2989 dabitur.

1017 3077 1045 3138 3.

407 3190 544 3258 Doctori
567 3188 752 3274 chirurgiae
772 3211 866 3254 suum
889 3193 1094 3256 constitutum
1124 3201 1173 3254 est
1201 3211 1260 3278 per
1282 3189 1463 3278 principem
1492 3187 1664 3272 salanum,
1688 3188 1739 3274 qui

281 3293 354 3358 assi
377 3295 494 3358 sotium
517 3301 548 3355 et
573 3286 753 3354 adiutorem
781 3287 844 3353 sibi
873 3311 1032 3356 consensu
1053 3289 1216 3357 facultatis
1239 3312 1298 3355 sua
1319 3285 1502 3378 spon[14]te
1524 3291 1693 3370 asciverit,
1713 3288 1739 3350 ei

324 3391 364 3456 de
386 3413 443 3457 suo
464 3389 643 3478 praemium
666 3385 851 3474 persolvere
873 3387 977 3456 debet

1022 3547 1052 3608 4.

409 3657 618 3745 Spectatores
636 3653 771 3720 studiosi
787 3654 840 3720 vel
860 3657 939 3720 artis
961 3666 1092 3722 nostrae
1112 3656 1165 3723 vel
1187 3657 1284 3721 etiam
1305 3653 1542 3744 philosophiae,
1564 3665 1622 3720 aut
1642 3653 1738 3738 siqui

325 3769 401 3823 sunt
428 3755 483 3820 alii
511 3755 652 3836 honesti,
679 3755 734 3841 qui
764 3776 827 3819 non
857 3777 900 3818 ex
930 3755 1107 3842 pendentia
1128 3755 1271 3842 quadam
1300 3757 1457 3820 interesse
1478 3751 1607 3836 volunt,
1630 3753 1737 3818 admit·

282 3867 445 3938 ³0tentur,
465 3857 512 3919 ita
532 3863 567 3919 ut
586 3851 705 3940 singuli
725 3861 834 3917 tamma
856 3853 999 3940 pendant
1019 3867 1094 3920 ante
1114 3857 1255 3941 primum
1277 3857 1459 3942 ingressum
1476 3861 1652 3939 bgrossos.
1691 3851 1738 3916 De

326 3958 387 4022 hac
410 3956 548 4044 pecunia
569 3953 757 4019 collectores
779 3952 853 4018 dein
876 3954 1035 4019 curabunt
1060 3955 1175 4037 funus,
1202 3965 1234 4018 et
1261 3952 1387 4041 relique
1408 3955 1595 4017 necessaria
1616 3972 1737 4037 compa·

324 4055 460 4139 rabunt3
487 4054 528 4120 de
549 4053 665 4142 quibus
685 4053 838 4139 expensis
858 4053 1016 4118 rationem
1037 4053 1176 4120 reddant
1195 4053 1352 4120 facialtati.
1395 4051 1493 4133 Quod
1512 4051 1671 4141 reliquum
1689 4049 1737 4114 de

327 4158 439 4242 inceps
458 4155 564 4237 fuerit,
585 4152 621 4219 id
641 4151 819 4240 aequaliter
840 4153 875 4218 in
899 4154 1055 4218 incisores
1077 4165 1109 4218 et
1130 4153 1317 4220 collectores
1338 4149 1578 4218 distribuetur.¹

653 4301 710 4372 VI.
733 4299 778 4391 [S.
792 4299 841 4390 lo]
869 4320 976 4370 asmo
998 4321 1115 4370 srunn
1138 4322 1184 4372 so
1206 4319 1414 4370 senousnss.

279 4434 314 4494 at
1025 4429 1052 4488 l.

409 4537 454 4606 Et
482 4539 558 4626 quia
585 4535 740 4602 hactenus
768 4536 931 4626 plerisque
960 4537 1139 4605 scolaribus
1168 4539 1228 4603 fuit
1256 4538 1421 4625 incognita
1449 4537 1534 4602 ratio
1557 4535 1734 4614 studiorum,

328 4661 423 4727 quam
451 4645 570 4704 vocant
596 4635 838 4723 completionis,
862 4647 893 4704 et
923 4637 1015 4702 multi
1042 4639 1212 4704 temerario
1243 4636 1383 4726 quodam
1412 4657 1494 4701 ausu
1519 4643 1596 4700 aute
1619 4647 1734 4720 tempus

411 4827 422 4878 1
442 4820 541 4893 Spttter
553 4817 613 4872 sind
624 4816 670 4872 die
684 4815 892 4874 letrtenWorte
904 4835 956 4874 von
971 4819 1005 4874 id
1020 4835 1057 4873 an
1075 4817 1283 4890 ausgestrichen
1299 4817 1356 4873 und
1372 4815 1456 4872 dal'ur
1473 4817 1548 4872 ward
1566 4813 1735 4890 mhrieben

325 4907 358 4962 td
373 4911 457 4962 totrsm
473 4903 641 4974 relinquantur
657 4901 782 4970 incisori,
808 4901 966 4957 collectores
984 4911 1073 4958 ouum
1090 4904 1147 4958 sirit
1163 4904 1299 4958 imnum.
1334 4899 1415 4956 Noch
1433 4903 1527 4972 opiter
1544 4903 1581 4956 ist
1599 4899 1670 4956 auch
1684 4898 1736 4952 tie

326 4991 425 5046 wieder
445 4985 651 5060 ausgestrichsn
671 4985 727 5041 und
744 4983 879 5039 nunmehr
890 4985 1083 5057 goschriebsn:
1102 4989 1136 5041 dc
1153 5005 1184 5041 eo
1202 4985 1319 5056 callepio
1336 4986 1442 5040 medico
1458 4986 1648 5056 mpoeioribn
1664 4982 1735 5038 onais

324 5076 366 5129 sir
382 5075 552 5128 mamm
569 5089 624 5128 csse
639 5071 724 5123 cinam
742 5076 787 5134 cot,
804 5075 835 5122 ut
850 5071 927 5125 stad
940 5073 970 5124 in
988 5087 1079 5125 omna
1095 5071 1235 5140 doctores,
1255 5077 1386 5142 quotquot
1408 5070 1439 5124 r'c
1462 5069 1580 5124 consa'ls'o
1595 5065 1736 5141 socialtost't

318 5161 442 5234 sarto,
458 5159 610 5230 omres
628 5156 819 5212 masana.
