3758 6072
385 505 445 579 388
891 504 941 561 Die
959 507 1177 576 phssosophisohe
1190 507 1317 564 Facultit.

386 695 547 780 positione
573 715 633 779 pro
656 691 803 758 omnibus
830 715 933 783 usque
955 693 998 759 ad
1023 683 1121 758 finan
1141 693 1312 780 completa,
1340 691 1399 757 fiat
1427 693 1619 758 scrutinium
1644 691 1801 756 mitrarum

386 796 421 858 in
442 794 633 880 praesencia
661 790 776 857 decani
804 801 836 857 et
864 795 1122 858 examinatorum
1144 795 1296 874 omnium,
1324 791 1507 858 inchoando
1533 813 1554 856 a
1580 793 1752 879 principio,
1776 802 1801 856 et

386 895 414 958 si
436 893 500 957 tria
519 893 594 979 pisa
616 892 650 954 in
672 894 770 956 mitra
791 891 926 958 alicuius
948 891 1161 980 promovendi
1184 891 1226 956 ad
1247 893 1353 956 minus
1374 892 1507 956 inventa
1527 891 1664 973 fuerint,
1696 893 1736 956 sit
1755 889 1801 955 ad·

386 994 522 1076 missus;
545 991 574 1056 si
595 999 701 1055 antem
723 989 825 1078 lapilli
847 1001 914 1056 tres
935 991 977 1056 ad
998 993 1105 1057 minus
1124 989 1170 1056 ibi
1183 992 1305 1057 inventi
1319 991 1447 1070 fuerint,
1470 990 1513 1055 sit
1532 992 1674 1055 reiectus
1691 989 1802 1076 absque

344 1103 360 1156 5
387 1090 498 1178 aliqua
517 1089 663 1156 ulteriori
684 1091 791 1156 vocali
811 1091 1006 1156 inductione.
1045 1091 1090 1156 Et
1110 1090 1216 1156 nullus
1235 1091 1465 1176 magistrorum
1487 1089 1546 1154 sub
1569 1113 1629 1154 sua
1650 1093 1803 1156 conscien-

387 1192 448 1274 cia,
477 1190 556 1278 quid
576 1191 775 1277 imposuerit,
804 1190 901 1257 debet
923 1189 1020 1255 alicui
1043 1190 1198 1255 revelare.
1237 1189 1329 1254 Etsi
1350 1188 1466 1277 aliquis
1488 1191 1749 1255 examinatorum
1769 1189 1803 1254 ob

386 1289 422 1354 id
443 1288 668 1355 molestaretur
695 1303 753 1356 aut
773 1293 990 1378 impeteretur,
1018 1300 1144 1354 tenetur
1164 1287 1304 1353 facultas
1325 1287 1381 1370 illi,
1411 1288 1466 1375 qui
1488 1289 1535 1354 sic
1557 1289 1725 1375 impetitur
1746 1290 1804 1354 sive

385 1387 584 1471 molestatur,
613 1389 744 1455 realiter
767 1414 839 1456 eum
867 1391 982 1455 effectu
1003 1391 1156 1454 assistere
1177 1400 1223 1470 et,
1253 1388 1281 1452 si
1303 1411 1385 1475 opus
1412 1389 1523 1471 fixerit,
1552 1389 1657 1452 eciam
1679 1386 1739 1452 snb
1758 1411 1803 1452 ex-

386 1489 496 1574 pensis
515 1487 680 1555 facultatis
702 1490 849 1576 eundem,
872 1491 975 1555 eciam
998 1512 1019 1554 a
1039 1487 1292 1574 quibuscunque,
1312 1489 1391 1553 totis
1413 1487 1538 1552 viribus
1559 1486 1742 1552 defensare.

344 1681 376 1736 10
753 1680 782 1742 8.
804 1691 851 1737 nn
872 1690 976 1738 vome
996 1689 1195 1740 rnnolrsws
1216 1688 1288 1737 uon
1310 1688 1448 1737 nnuma.

466 1821 559 1904 Item,
588 1831 624 1887 ut
650 1842 743 1888 amor
763 1830 795 1886 et
822 1821 996 1888 concordia
1016 1823 1248 1908 magistrorum
1270 1821 1312 1886 de
1333 1819 1468 1886 consilio
1489 1817 1657 1884 facurltatis
1678 1819 1804 1884 firmiter

386 1919 586 2004 observetur,
614 1919 737 2008 placuit
758 1921 907 2009 amplius,
935 1922 1022 2009 quod
1043 1922 1084 1987 de
1105 1931 1213 1986 cetero
1233 1919 1341 1986 nullus
1363 1923 1594 2005 magistrorum
1619 1919 1661 1983 de
1680 1919 1804 1984 consilio

383 2019 548 2085 facultatis
569 2022 603 2084 in
624 2042 683 2085 sno
703 2030 781 2086 voto
803 2030 905 2108 ponat
926 2021 1058 2109 aliquod
1078 2019 1215 2086 verbum
1237 2021 1441 2106 pungitivum
1462 2029 1518 2084 aut
1538 2019 1803 2085 mordificativnn

385 2118 519 2185 alterius
539 2119 592 2184 vel
618 2117 738 2205 allegat
767 2119 1258 2205 similitudines·impertinentes
1280 2128 1312 2183 et
1338 2117 1564 2184 mordieantes.
1607 2118 1645 2184 Si
1665 2121 1737 2208 quis
1757 2142 1802 2183 an·

345 2229 376 2284 tt
384 2229 451 2285 tem
477 2217 600 2307 aliquid
620 2217 733 2282 talium
755 2219 883 2303 fecerit,
909 2229 1029 2284 extunc
1056 2218 1187 2283 mandet
1209 2218 1271 2283 sibi
1293 2217 1446 2300 decanus,
1472 2228 1509 2282 ut
1535 2216 1615 2282 talia
1640 2219 1734 2284 sileat
1753 2217 1803 2282 sub

385 2341 493 2406 poena
522 2319 742 2405 suspensionis
768 2319 810 2384 ab
838 2317 965 2384 actibus
993 2317 1182 2384 scolasticis.
1224 2316 1289 2398 Qui
1320 2317 1347 2380 si
1374 2339 1439 2381 non
1467 2316 1666 2402 obediverit,
1697 2329 1803 2383 extunc

385 2427 482 2505 capta
502 2420 721 2505 oportunitate
749 2418 890 2484 decanus
916 2427 1071 2484 convocet
1099 2417 1180 2482 alios
1208 2417 1382 2500 magistros
1410 2415 1450 2481 de
1478 2415 1613 2482 consilio
1640 2418 1801 2496 facultatis

384 2520 458 2604 ipso
479 2525 631 2582 tumtaxat
652 2516 796 2600 excluso,
824 2519 880 2606 qui
899 2519 992 2582 iuxta
1020 2515 1131 2582 delicti
1153 2517 1366 2603 quantitatem
1386 2515 1509 2580 dictent
1530 2527 1660 2604 tempus
1683 2539 1801 2604 suspen·

384 2619 485 2683 sicma
507 2617 653 2682 eiusdem
673 2617 737 2684 sibi
756 2617 791 2680 in
809 2638 955 2702 poenam

342 2807 377 2864 20
662 2803 691 2866 9.
712 2817 760 2864 ns
782 2817 1058 2866 n1srnnssr1oun
1079 2817 1114 2864 ns
1138 2815 1301 2864 rnurous
1321 2817 1367 2864 nn
1388 2817 1534 2868 munus.

466 2951 548 3016 Item
575 2949 664 3016 nullo
693 2948 789 3014 modo
820 2949 879 3014 fiat
909 2948 1114 3036 dispensacio
1144 2973 1205 3037 per
1232 2949 1421 3014 facultatem
1450 2973 1523 3014 cum
1551 2949 1662 3038 aliquo
1688 2972 1799 3038 promo

383 3049 490 3116 vendo
511 3050 574 3114 nisi
596 3048 639 3114 ad
661 3047 808 3136 quartale
831 3049 927 3114 unius
949 3051 1041 3132 anni;
1071 3059 1103 3115 et
1122 3049 1206 3132 talis,
1233 3051 1289 3137 qui
1309 3049 1391 3135 petit
1410 3048 1697 3137 dispensationem,
1719 3049 1801 3114 debet

384 3148 505 3216 habere
526 3171 626 3215 unum
653 3149 846 3234 mafflstrnm
865 3150 900 3213 in
919 3147 1084 3233 facultate,
1112 3151 1167 3237 qui
1194 3148 1272 3214 dicit
1297 3149 1332 3212 in
1357 3151 1562 3214 consciencia
1584 3173 1645 3216 sua
1666 3149 1799 3217 omnibns

385 3248 602 3333 audientibus,
629 3247 717 3336 quod
740 3246 844 3313 eredit
865 3247 956 3313 illum
978 3247 1088 3314 valere
1110 3249 1152 3316 ad
1172 3247 1263 3314 illum
1291 3246 1439 3332 gradum
1468 3271 1562 3334 quem
1584 3273 1645 3336 pro
1666 3249 1722 3315 illa
1741 3251 1799 3313 viee

344 3348 526 3414 rainsendit
557 3350 718 3435 consequi.
759 3347 804 3412 Et
836 3349 864 3412 si
895 3349 977 3434 petit
1003 3347 1277 3436 dispensationem
1308 3369 1405 3433 super
1433 3347 1541 3434 aliquo
1570 3352 1739 3432 exercitio,
1768 3350 1799 3412 sit

384 3446 607 3536 quodcunque,
629 3447 734 3514 solvat
753 3470 814 3534 pro
835 3446 891 3512 illo
911 3446 1059 3512 facultati
1080 3447 1230 3513 adminus
1251 3469 1350 3512 unum
1371 3445 1547 3532 florenum3
1574 3451 1601 3514 si
1619 3473 1698 3516 vero
1719 3449 1800 3514 fuerit

383 3545 489 3630 lectio,
510 3547 617 3613 solvat
636 3545 783 3612 facultati
806 3557 935 3634 pastum
957 3544 1091 3633 duplum
1113 3548 1208 3613 istius
1229 3547 1384 3613 lectionis.

482 3737 528 3797 10.
551 3727 613 3817 [Bl.
635 3737 654 3795 7
661 3727 686 3817 ¹]
712 3748 759 3795 nn
781 3746 1056 3796 ursanussrrous
1080 3749 1190 3796 sunna
1210 3747 1283 3797 nor
1303 3747 1551 3797 comnnrsoun
1572 3749 1715 3799 smnnn.

467 3879 550 3945 Item
572 3879 707 3967 quilibet
726 3889 840 3968 petens
862 3878 1141 3966 dispensationem
1164 3904 1261 3968 snper
1283 3903 1348 3947 non
1370 3879 1582 3967 completione
1603 3885 1655 3946 sui
1684 3881 1798 3959 biennii,

345 3979 420 4044 soei
440 3977 564 4044 nullum
587 4003 706 4044 annum
728 3978 912 4067 complevit,
934 3977 1025 4044 dabit
1046 4003 1145 4045 unum
1166 3980 1340 4065 florenum3
1369 3981 1397 4044 si
1419 4001 1496 4045 vero
1519 4003 1619 4045 unum
1643 3980 1799 4068 complevit

386 4100 515 4160 annum,
544 4077 712 4144 dimidium
736 4078 839 4144 solvet
866 4078 1041 4163 florenum3
1066 4082 1192 4146 sivero
1214 4082 1296 4146 citra
1314 4090 1370 4145 ant
1390 4079 1476 4144 infra
1497 4101 1620 4145 annum
1642 4079 1799 4168 complevit

385 4186 443 4242 aut
463 4181 592 4244 omnino
614 4201 740 4267 pauper
766 4180 879 4261 fuerit,
906 4187 983 4244 tuno
1008 4181 1158 4265 magistri
1185 4179 1227 4244 de
1255 4177 1400 4262 consilio,
1427 4181 1574 4266 pensatis
1605 4181 1797 4246 circumstan-

385 4277 446 4342 ciis
474 4299 591 4343 causae
620 4288 654 4344 et
680 4301 903 4367 personarum,
930 4279 1077 4365 recipere
1103 4288 1249 4366 possunt,
1277 4278 1454 4344 secundum
1475 4278 1562 4365 quod
1583 4281 1632 4344 eis
1654 4277 1798 4345 videbitur

385 4375 549 4465 expedire.

342 4595 427 4662 35V.
449 4594 612 4660 Statnta
633 4596 744 4662 alios
763 4597 986 4684 magistros
1008 4597 1258 4684 generaliter
1280 4598 1592 4680 concernenoia‚
1613 4619 1711 4684 qnae
1729 4595 1796 4680 legi
1857 4625 1858 4650 t

579 4693 735 4762 debent
755 4720 829 4784 per
852 4696 1051 4762 decanum
1073 4696 1114 4759 in
1135 4699 1381 4784 receptione
1403 4695 1619 4762 ordinarii

474 4885 497 4946 l.
517 4877 662 4960 Placuit,
690 4879 777 4966 quod
805 4881 838 4944 in
863 4889 959 4946 antea
985 4878 1122 4967 quilibet
1143 4879 1285 4947 decanus
1315 4904 1375 4968 pro
1398 4891 1544 4968 tempore
1572 4882 1711 4946 existens
1731 4889 1798 4943 tem-

385 5003 465 5067 pore
494 4979 697 5066 receptionis
729 4979 885 5044 ordinarii
919 4990 984 5044 tam
1015 4980 1198 5046 aestivalis:
1236 4981 1388 5046 videlicet
1420 5003 1521 5067 snpra
1555 4980 1632 5047 folio
1665 4977 1799 5045 secundo.

385 5077 430 5165 (a.
450 5082 469 5144 r.
492 5079 540 5144 131.
563 5081 612 5161 n,
632 5077 663 5142 n
685 5081 705 5158 a
729 5077 791 5166 ιι.)
