3748 6070
298 377 358 441 344
776 375 826 425 Dio
845 373 1063 440 pbilosopbiachc
1079 373 1208 428 Facultist.

300 558 437 646 propria
464 564 497 620 et
530 578 596 621 non
627 555 729 622 altera
760 557 794 622 in
822 557 1063 643 promotorem¹
1106 555 1150 622 Et
1181 557 1278 622 istum
1306 557 1444 624 facultas
1476 557 1601 624 arcium
1628 568 1719 624 vocat

301 668 378 724 actu
399 665 574 743 regentem,
603 659 660 745 qui
685 679 779 723 suum
804 656 885 743 legit
906 657 1106 723 ordinarium
1146 665 1178 722 et
1198 657 1334 744 incepit,
1363 659 1392 722 si
1413 679 1569 745 praesens
1590 656 1663 739 fuit,
1686 659 1719 722 in

299 759 417 846 hyeme
440 765 515 821 ante
535 758 652 822 festum
674 759 815 822 omnium
843 769 1037 838 sanctorum,
1065 757 1092 820 si
1119 777 1197 821 vero
1217 756 1345 840 absens,
1374 769 1450 824 ante
1470 759 1588 822 festrrm
1608 757 1717 822 nativi-

298 859 374 923 tatis
406 855 545 940 Christi,
576 858 609 920 in
637 867 760 922 aestate
787 866 895 922 autem
928 865 1002 922 ante
1027 856 1144 920 festum
1174 858 1278 922 sancti
1304 856 1459 923 lobannis
1491 865 1567 921 ante
1596 866 1718 943 portam

256 969 273 1024 5
300 959 433 1023 latinam
466 961 509 1034 (d
531 961 559 1022 6.
581 960 681 1038 Mai),
714 958 743 1022 si
773 957 870 1022 firerit
900 976 1072 1042 praesens,
1105 955 1223 1020 absens
1253 978 1332 1021 vero
1364 971 1439 1022 ante
1471 956 1589 1021 festum
1620 955 1719 1020 sancti

298 1055 453 1123 Iohannis
474 1053 635 1142 baptistae
658 1057 720 1138 (24.
742 1059 842 1138 Joni),
871 1065 903 1120 et
924 1053 1052 1140 publice
1079 1055 1112 1119 in
1143 1053 1239 1120 acolis
1263 1054 1401 1120 eundem
1422 1055 1624 1120 continuavit
1644 1054 1719 1132 (nisi

300 1157 423 1222 decano
445 1155 623 1218 constiterit
642 1155 728 1240 quod
749 1154 918 1220 lectorium
938 1153 1059 1218 babere
1081 1175 1147 1216 non
1168 1155 1297 1240 potuit),
1319 1165 1351 1219 et
1371 1155 1405 1219 in
1425 1153 1540 1220 ordine
1562 1175 1619 1219 auo
1638 1152 1719 1218 ordi·

298 1256 389 1320 uarie
411 1253 599 1341 disputavit,
621 1265 653 1319 et
673 1255 708 1320 in
728 1253 914 1340 quotlibeto,
941 1254 969 1317 si
989 1253 1095 1334 buerit,
1123 1252 1350 1340 respondebat,
1370 1261 1405 1318 ut
1423 1253 1505 1319 haec
1525 1255 1559 1318 in
1584 1251 1719 1318 secundo

299 1363 419 1420 statuto
442 1354 482 1420 de
501 1351 656 1418 electione
676 1355 792 1420 decani
814 1361 888 1418 sunt
911 1372 1078 1438 expressa.

259 1665 291 1720 10
798 1661 849 1723 88·
883 1673 964 1722 Voru
989 1672 1096 1722 Jabrs
1121 1669 1222 1724 1463.ι

768 1795 792 1854 1.
814 1785 876 1874 [Bl.
894 1794 934 1856 64
943 1783 969 1874 ⁸]
992 1805 1039 1851 nn
1062 1803 1255 1851 usmsrms.

383 1919 478 1984 Anno
501 1919 623 1984 domini
647 1926 724 1988 1463
752 1922 906 1986 vicesima
933 1919 1075 1985 secunda
1102 1917 1155 1984 die
1181 1921 1302 1984 mensis
1329 1918 1453 2008 Aprilis
1474 1916 1517 2005 (d.
1539 1925 1589 1988 22.
1610 1917 1720 2006 April),

300 2020 387 2086 facta
415 2016 512 2106 plena
537 2020 774 2086 convocacione
802 2022 1028 2107 magistrorum
1054 2017 1095 2082 de
1121 2018 1255 2084 consilio
1282 2017 1458 2102 facultatis,
1485 2028 1641 2084 statutum
1665 2017 1722 2083 fuit

301 2141 360 2206 per
381 2118 580 2200 facultatem,
602 2129 637 2182 ut
658 2117 759 2185 honor
781 2129 813 2184 et
834 2118 932 2185 decor
955 2120 1184 2204 magistrorum
1205 2119 1311 2204 magis
1332 2117 1498 2184 habundet
1519 2126 1550 2182 et
1571 2127 1723 2206 augeatur

261 2229 334 2285 ttet
353 2217 550 2301 inhonestas,
575 2239 657 2306 quae
677 2220 809 2284 nimium
832 2218 974 2302 inolevit,
997 2241 1082 2284 novo
1105 2216 1273 2284 anthidoto
1296 2217 1487 2304 depellatur,
1507 2216 1596 2305 quod
1616 2239 1722 2283 omnes

304 2328 337 2384 et
358 2317 477 2405 singuli
496 2319 644 2403 magistri
674 2319 799 2383 arcium
826 2317 977 2384 decenter
1004 2315 1164 2383 habituali
1191 2317 1344 2382 incedant
1371 2317 1489 2382 calceis
1514 2339 1580 2382 nou
1607 2326 1722 2382 rostra·

299 2421 352 2501 tis,
378 2415 486 2506 palliis
509 2427 564 2482 aut
584 2418 701 2480 tunicis
723 2439 787 2483 non
807 2420 993 2500 accurtatis,
1014 2439 1074 2482 uec
1095 2417 1231 2482 manicis
1253 2417 1374 2482 strictis
1394 2439 1496 2504 usque
1518 2415 1562 2481 ad
1582 2416 1720 2482 cubitum

302 2517 505 2604 semiapertis
527 2525 583 2580 aut
609 2514 748 2580 collariis
769 2516 966 2600 cancellatis,
993 2538 1054 2582 nec
1082 2515 1190 2582 scubia
1216 2517 1251 2582 in
1279 2529 1373 2604 parte
1402 2518 1564 2581 anteriore
1592 2517 1721 2604 apertis,

302 2617 361 2683 sed
381 2617 512 2683 nodatis
534 2638 592 2680 seu
613 2614 730 2680 clausis
753 2637 824 2680 cum
845 2617 937 2680 unda
959 2625 1016 2680 aut
1039 2615 1111 2680 aliis
1132 2617 1301 2698 iuncturis,
1329 2625 1386 2681 aut
1407 2615 1490 2680 alias
1510 2625 1617 2681 vestes
1637 2615 1721 2681 inde

259 2726 411 2782 moerus
435 2713 566 2804 publice
587 2713 743 2796 deferant,
765 2716 799 2778 in
821 2714 937 2801 quibus
958 2714 1156 2802 magistralis
1177 2739 1241 2780 non
1262 2713 1543 2781 recommendatur
1565 2713 1721 2801 dignitas;

303 2826 335 2881 et
359 2815 465 2902 siqui
488 2813 789 2880 secusfeoerintet
815 2835 912 2900 super
938 2815 1000 2882 boc
1026 2838 1049 2879 a
1076 2814 1198 2881 decano
1225 2815 1372 2902 requisiti
1401 2837 1436 2879 se
1463 2813 1636 2879 emendare
1661 2834 1721 2879 non

303 2915 503 2995 curaverint,
533 2912 575 2977 ab
606 2911 756 2978 omnibus
790 2911 916 2978 actibus
948 2912 1127 2979 scolasticis
1159 2925 1192 2980 et
1222 2914 1435 2980 emolimentis
1466 2911 1631 2978 facultatis
1664 2913 1722 2976 sint

303 3019 462 3100 suspensi,
490 3012 593 3077 donec
613 3010 760 3077 facultati
785 3011 988 3078 reconciliati
1017 3013 1136 3078 fuerint
1165 3023 1197 3080 et
1223 3037 1294 3079 cum
1321 3014 1437 3078 effectu
1462 3013 1503 3080 de
1531 3013 1589 3078 tali
1617 3011 1721 3078 inobe-

301 3113 429 3179 dioneia
448 3123 480 3178 et
500 3113 760 3198 transgressione
782 3112 896 3176 statuti
918 3113 1141 3178 satisfecerint.

259 3289 293 3346 25
847 3283 875 3344 2.
896 3297 943 3343 nu
965 3297 1173 3346 surrosrms.

386 3411 482 3477 Anno
504 3435 567 3498 quo
590 3435 690 3499 snpra
718 3413 752 3475 in
773 3410 916 3498 profesto
938 3413 1042 3476 sancti
1065 3410 1200 3498 Georgii
1226 3417 1386 3492 (stensolls
1409 3419 1488 3482 1463
1507 3419 1535 3476 d.
1557 3417 1607 3478 22.
1624 3415 1723 3492 April)

304 3522 460 3579 statutum
489 3511 549 3576 fuit
575 3533 634 3597 per
656 3509 851 3592 facultatem,
878 3519 914 3573 ut
941 3509 1089 3576 dissoluti
1114 3533 1221 3576 mores
1248 3511 1448 3598 quorumdam
1476 3513 1723 3599 suppositorum,

304 3615 358 3702 qui
378 3612 513 3676 nimium
533 3609 748 3691 invaluerunt,
770 3607 988 3674 dissolvantur
1010 3621 1041 3674 et
1062 3609 1274 3698 expellantur,
1297 3612 1383 3698 quod
1404 3611 1510 3678 nullus
1530 3611 1723 3677 baccalario

306 3735 378 3776 rum
400 3732 460 3775 nec
481 3708 612 3794 aliquod
634 3710 837 3796 suppositum
857 3708 1021 3773 facultatis
1049 3712 1173 3774 arcium
1195 3710 1343 3776 decatero
1371 3733 1445 3776 cum
1472 3713 1641 3777 rostratis³
1664 3712 1724 3778 cal·

262 3813 381 3892 30ceis,
411 3809 538 3873 coleriis
560 3807 755 3891 cancellatis,
783 3809 919 3873 manicis
946 3808 1083 3894 depictis
1114 3832 1171 3874 seu
1196 3809 1354 3876 florizatis
1381 3821 1437 3876 aut
1464 3811 1595 3894 strictis,
1625 3833 1722 3898 usque

305 3910 347 3976 ad
375 3908 516 3972 cubitum
543 3909 755 3995 semiapertis,
782 3917 838 3972 aut
866 3906 939 3972 aliis
966 3908 1111 3974 vestibus
1140 3909 1364 3975 indecentibus
1392 3909 1531 3975 incedat
1569 3909 1668 3992 Quod
1696 3910 1722 3975 si

305 4010 379 4097 quis
400 4008 597 4071 contrarium
618 4008 731 4072 fecerit
750 4016 807 4072 aut
827 4007 934 4072 facere
955 4009 1221 4096 praesumpserit,
1243 4008 1378 4096 quilibet
1397 4012 1628 4096 magistrorum
1649 4019 1722 4076 tern-

306 4129 395 4195 pore,
427 4128 491 4192 quo
522 4105 595 4170 talis
626 4107 668 4171 ad
700 4106 840 4194 aliquem
873 4107 1012 4192 gradum
1044 4107 1283 4174 baccalariatus
1313 4107 1366 4174 vel
1395 4111 1576 4196 magisterii
1605 4111 1723 4176 intrare

304 4205 457 4286 voluerit,
488 4215 594 4290 potest
613 4205 713 4271 talem
735 4205 929 4272 denunciare
954 4217 986 4272 et
1011 4207 1171 4294 impedire
1196 4206 1328 4273 realiter
1354 4230 1429 4274 cnm
1452 4209 1578 4290 effectu,
1607 4220 1640 4277 et
1662 4210 1721 4275 nisi

264 4316 342 4373 35se
369 4303 651 4387 commendaverit,
678 4307 723 4370 ita
749 4303 835 4391 quod
861 4307 981 4370 vestitu
1007 4305 1142 4389 decenti,
1170 4309 1238 4373 vita
1264 4316 1297 4372 et
1320 4308 1465 4374 moribus
1493 4311 1614 4376 existat
1643 4333 1723 4376 com-

304 4401 516 4487 mendandus,
537 4404 579 4469 ad
601 4427 738 4470 examen
756 4427 821 4470 uon
840 4403 1040 4471 admittatur.

384 4705 469 4762 1Am
485 4703 654 4760 Randcvou
671 4707 793 4773 apiterer
809 4704 907 4760 Hand:
940 4706 1008 4760 Item
1029 4706 1063 4759 id
1083 4712 1212 4761 stema
1232 4727 1286 4779 quo
1305 4709 1487 4764 addoctom
1504 4726 1662 4780 nuperum
1681 4716 1723 4777 cst,

305 4808 387 4862 asquia
410 4807 462 4861 qao
480 4786 610 4858 fumidus
633 4787 720 4842 olium
740 4791 928 4859 provisiones
945 4791 1059 4860 soem't,
1081 4791 1207 4847 videlicet
1230 4794 1261 4846 in
1282 4795 1418 4848 manate
1441 4795 1571 4865 mapt'stri
1595 4795 1723 4850 rotatas

306 4875 492 4946 Kcapieobery
510 4869 628 4943 (isset).

383 4965 399 5015 2
416 4959 479 5014 Von
495 4957 612 5012 andmer
628 4952 720 5008 Haud

384 5048 400 5099 3
417 5040 604 5100 Geachriebeu
622 5038 660 5094 ist
678 5039 812 5094 martia
