3758 6072
373 471 436 538 378
863 471 914 522 Dis
936 471 1161 536 philosophische
1180 471 1308 524 ramas

370 650 448 717 dam
479 661 633 718 statuum
664 653 851 720 ordinatum
879 655 987 722 extitit
1013 663 1046 720 et
1079 675 1139 740 per
1173 675 1233 720 nos
1260 651 1480 741 approbatum
1505 659 1539 718 et
1566 653 1783 738 confirmatum,

368 751 455 836 quod
487 751 616 837 quidem
643 763 799 819 statutum
828 757 863 820 in
890 755 1008 820 effectu
1034 753 1075 819 de
1102 751 1204 821 verbo
1234 753 1340 820 sciam
1365 751 1409 818 ad
1437 751 1574 819 verbnm
1602 753 1668 820 tale
1693 763 1784 820 estet
1847 751 1848 768 *

370 851 457 916 inter
478 861 587 918 cetera
609 862 729 920 statuta
750 855 797 920 ita
818 855 1017 920 continetur:

493 985 582 1068 Item,
605 987 691 1074 quod
710 986 888 1068 multitudo,
911 987 975 1075 vgl
996 991 1067 1050 obeo
1088 992 1119 1053 S.
1141 991 1210 1069 377,
1233 991 1270 1054 13
1287 989 1330 1047 bis
1353 983 1565 1052 ...liberam
1586 987 1783 1052 autoritatem.

327 1096 343 1151 5
411 1089 776 1150 AbwcicheadeLeaartea
797 1093 868 1151 sind
884 1094 979 1170 ploiek
1001 1092 1040 1151 im
1059 1091 1200 1168 Ansaape
1220 1083 1323 1170 quod
1347 1096 1421 1146 statt
1440 1087 1532 1173 qnia,
1554 1090 1639 1148 dona
1659 1083 1782 1152 volentes
1847 1119 1848 1182 p

408 1187 540 1271 igitur
561 1185 596 1249 Z.
615 1193 662 1268 15,
683 1189 855 1252 statuimus
877 1197 916 1251 et
936 1186 1190 1269 ordinamus,
1212 1182 1670 1271 solnmsedecimmagistri
1688 1183 1722 1249 Z.
1746 1193 1784 1268 18,

411 1283 505 1350 salva
525 1293 632 1349 tamen
655 1307 809 1372 semper
829 1289 969 1374 paritate
988 1287 1024 1351 Z.
1044 1291 1094 1354 24.

451 1418 612 1504 Cumque,
641 1428 675 1485 ut
699 1421 900 1506 accepimus,
926 1419 1073 1486 nonnulli
1099 1417 1287 1484 huiusmodi
1318 1425 1436 1482 statuto
1458 1414 1595 1482 honesto
1624 1429 1656 1483 et
1682 1417 1779 1483 deifico

369 1519 594 1582 contravenire
627 1528 660 1583 et
695 1541 730 1584 se
764 1517 883 1602 modis,
916 1519 1034 1608 quibus
1073 1527 1225 1607 possunt,
1260 1518 1408 1582 nituntur
1441 1537 1622 1605 opponere,
1654 1517 1781 1584 volentes

329 1618 466 1703 loigitur
487 1616 562 1681 huic
592 1616 705 1683 morbo
727 1619 899 1704 pestilera,
931 1628 1087 1704 quantum
1109 1619 1142 1682 in
1163 1616 1257 1682 nobis
1280 1626 1346 1700 est,
1372 1615 1526 1698 obviare,
1553 1616 1783 1682 mandamusin

365 1717 484 1782 virtute
496 1727 626 1781 sanctem
639 1715 846 1782 obedienciae
856 1716 1039 1785 huiusmodi
1052 1727 1219 1798 statutum,
1234 1739 1294 1804 per
1304 1738 1374 1799 nos,
1389 1722 1426 1780 ut
1440 1717 1670 1803 praemittitur,
1682 1739 1780 1804 appro-

364 1816 477 1882 batum
499 1824 531 1880 et
552 1815 791 1898 confirmatum,
817 1815 1049 1883 inviolabiliter
1080 1826 1111 1882 et
1140 1817 1333 1882 inconcusse
1361 1815 1548 1897 observari,
1579 1824 1612 1882 et
1642 1816 1686 1898 si,
1714 1815 1783 1902 quod

366 1914 465 1996 absit,
495 1914 612 2002 aliquia
635 1936 693 1980 seu
713 1915 814 2002 aliqui
834 1926 1015 1983 memorato
1037 1923 1161 1982 statuto
1190 1937 1226 1982 se
1247 1914 1367 1980 vellent
1388 1936 1555 2002 opponere
1577 1913 1781 2003 quovismodo,

365 2014 478 2080 darnus
511 2023 543 2078 et
579 2014 783 2080 concedimus
821 2016 944 2082 decano
983 2025 1014 2081 et
1041 2014 1223 2082 senioribus
1254 2015 1418 2101 magistris
1454 2013 1495 2079 de
1524 2014 1661 2080 concilio
1694 2014 1782 2079 diotae

328 2112 528 2179 tofacultatis
550 2114 735 2180 huiusmodi
757 2115 1013 2182 contradictores
1039 2124 1072 2181 et
1093 2113 1231 2180 rebelles
1250 2113 1427 2179 seeundum
1443 2123 1566 2180 statuta
1582 2112 1782 2180 dietaefaeul-
1847 2185 1848 2194 χ

365 2215 442 2278 tatis
473 2212 516 2278 ad
551 2212 660 2279 delicti
692 2214 881 2302 qualitatem
906 2213 1139 2302 compescendi
1174 2223 1205 2278 et
1233 2213 1420 2299 corrigendi
1450 2214 1581 2302 plenam
1610 2224 1643 2279 et
1664 2213 1782 2279 liberam

365 2323 559 2401 potestatem
580 2313 704 2396 harum,
727 2314 844 2402 quibus
867 2314 1011 2400 sigillum
1032 2325 1183 2380 nostrum
1204 2313 1309 2378 maius
1331 2323 1381 2378 est
1402 2337 1592 2402 appensum,
1615 2313 1781 2380 testimonio

364 2412 554 2478 litterarum.
603 2413 726 2478 Datum
759 2413 951 2501 Merseburg
991 2437 1076 2480 anno
1116 2412 1238 2478 domini
1272 2410 1442 2480 millesimo
1478 2413 1780 2502 quadringentesimo

364 2511 613 2598 quadragesimo
640 2521 750 2594 sexto,
778 2513 860 2578 seria
893 2515 1006 2600 quinta
1046 2514 1081 2578 in
1116 2512 1231 2600 vigilia
1266 2521 1399 2579 sanctae
1427 2512 1631 2580 Katherinae
1662 2512 1781 2600 virginis
1847 2547 1848 2630 }

323 2621 360 2677 20
373 2617 469 2684 (1446
491 2617 519 2674 ἀ.
538 2619 587 2680 24.
610 2617 797 2684 November).

446 2726 538 2812 Ego,
560 2727 676 2794 Petrus
697 2727 738 2793 de
755 2727 884 2810 Harra,
906 2728 1042 2794 clericus
1063 2729 1316 2817 Bambergensis
1345 2730 1485 2796 diocesis
1508 2727 1677 2817 publicus,
1704 2751 1782 2794 saera
1847 2723 1848 2794 ?

365 2826 527 2916 imperiali
567 2829 739 2894 autoritate
767 2829 927 2911 notarius,
955 2850 1152 2915 recognosco
1178 2852 1276 2894 manu
1297 2852 1369 2896 mes
1389 2829 1542 2916 propria,
1572 2828 1660 2916 qnod
1687 2851 1781 2916 snpra·

366 2928 521 3014 scriptam
539 2930 668 3014 copiam
693 2929 811 3013 scripsi
825 2950 924 2993 manu
939 2950 1012 2994 mea
1033 2931 1168 3017 propria
1187 2951 1229 2994 cx
1250 2928 1345 2994 litera
1366 2927 1518 3014 originali
1539 2929 1682 2996 eiusdem
1708 2950 1781 2994 reve
1847 2979 1848 2994 ,

362 3027 455 3092 rendi
476 3029 511 3092 in
533 3026 662 3093 Christo
685 3029 788 3113 patris
811 3049 851 3092 ao
872 3026 1011 3110 domini,
1029 3029 1151 3096 domini
1171 3029 1342 3112 Iohannis,
1370 3029 1518 3117 episcopi
1541 3028 1775 3115 Merzeburgen·

322 3127 428 3210 tisis,
469 3125 654 3192 cancellarii
675 3127 762 3220 unici
790 3125 884 3192 huius
913 3125 1018 3193 almam
1039 3127 1241 3214 Lupcaensis
1268 3129 1507 3210 universitatis,
1539 3127 1708 3216 sigilloque
1734 3151 1779 3192 sno

360 3227 475 3292 maiori
497 3225 539 3292 ab
561 3237 657 3292 extra
678 3226 816 3292 decere
837 3227 956 3313 glauca
980 3229 1158 3310 communi,
1184 3227 1226 3293 ab
1246 3228 1333 3292 intra
1353 3249 1433 3292 vero
1456 3226 1497 3292 de
1519 3249 1596 3292 cera
1616 3227 1728 3308 viridi,
1754 3227 1780 3291 in
1847 3223 1848 3226 ’

361 3325 510 3414 pressula
528 3349 747 3414 pergamenae
767 3349 923 3413 appensa,
947 3326 1098 3413 sigillata,
1121 3329 1156 3392 in
1178 3329 1269 3392 cuius
1293 3327 1400 3392 medio
1415 3325 1612 3391 videbantur
1628 3328 1780 3413 ymagines

362 3439 547 3492 sanctorum
569 3427 741 3514 Baptistae
763 3437 794 3490 et
824 3425 1014 3510 Laurencii,
1042 3428 1171 3496 litterae
1193 3437 1301 3493 autem
1328 3425 1644 3492 circumferenciales
1670 3429 1779 3492 firnunt

364 3526 440 3592 hae:
470 3525 493 3590 S
514 3526 551 3591 Io
573 3529 627 3613 epi
647 3525 768 3590 Mersa:
791 3525 884 3608 Quae
907 3527 1001 3612 copia
1022 3530 1151 3594 omnino
1173 3527 1347 3593 coneordat
1368 3548 1440 3591 cum
1463 3525 1616 3612 originali
1637 3526 1734 3592 litera.
1847 3609 1848 3622 χ
