3748 6070
340 461 400 525 366
831 463 883 512 nra
902 461 1122 527 porro-operasse
1142 461 1268 511 amarat.

337 663 415 727 pars
442 643 475 706 iu
498 641 637 730 aliquem
666 644 712 708 sic
733 643 939 726 consenserit,
965 643 1041 710 talis
1061 666 1122 730 pro
1144 641 1267 707 decano
1289 638 1455 704 habeatur.
1498 636 1534 702 Si
1555 658 1635 702 vero
1655 636 1754 700 maior

336 762 414 826 pars
437 743 472 805 in
492 741 632 829 aliquem
652 765 718 808 non
739 743 946 826 consenserit,
971 753 1047 808 tunc
1068 741 1111 807 ad
1137 741 1327 806 scrutinium
1354 736 1562 825 procedatur,
1590 737 1624 802 in
1647 757 1708 824 quo
1731 737 1755 799 si

336 838 441 904 nullus
468 843 544 924 erit,
573 841 630 905 fiet
650 843 934 928 compromissum
964 851 996 906 et
1024 843 1072 907 sic
1097 839 1216 905 electius
1245 840 1278 903 in
1309 836 1467 903 dwanum
1495 837 1606 901 statim
1633 827 1755 900 tenetur

337 937 513 1006 decanatus
534 939 674 1006 officium
696 963 869 1022 assumere,
890 939 951 1005 sub
972 962 1078 1028 poena
1096 941 1192 1005 unius
1214 960 1405 1024 sexagenae.

292 1112 308 1167 ⁵
802 1112 830 1172 5.
852 1124 899 1172 nn
919 1122 1122 1172 marnasco
1143 1122 1281 1171 oscam.

417 1239 498 1304 Item
527 1237 648 1302 electus
678 1239 711 1302 in
744 1237 901 1303 decanum
932 1238 1094 1304 facultatis
1131 1239 1256 1302 arcium
1289 1235 1411 1301 iurabit
1444 1236 1564 1300 seniori
1595 1231 1754 1300 facultatis

333 1338 462 1402 nominc
482 1336 627 1404 eiusdem
652 1337 825 1420 facultatis,
847 1336 934 1424 quod
955 1337 1033 1403 velit
1053 1347 1174 1403 statuta
1194 1347 1227 1401 et
1247 1334 1419 1402 statuenda
1437 1357 1498 1422 pro
1520 1333 1605 1400 bono
1626 1334 1755 1399 faculta-

333 1436 376 1500 tis
396 1436 532 1501 firmiter
554 1436 729 1502 observare
757 1446 789 1502 et
815 1436 923 1502 facere
951 1437 993 1504 ab
1021 1435 1170 1504 omnibus
1191 1435 1370 1518 observari,
1398 1437 1434 1500 in
1463 1443 1619 1521 quantum
1649 1443 1699 1498 est
1724 1436 1753 1496 in

334 1556 382 1617 eo,
411 1536 480 1600 sine
502 1534 576 1602 dolo
598 1545 630 1600 et
651 1535 776 1604 fraude.
816 1534 861 1600 Et
887 1533 1003 1601 decani
1031 1537 1157 1622 antiqui
1181 1535 1323 1600 officium
1348 1557 1414 1600 non
1436 1531 1629 1619 exspirabit,
1657 1531 1754 1597 donec

293 1634 368 1699 loin
389 1632 547 1700 decanum
575 1637 624 1700 sic
645 1633 764 1700 electus
792 1634 983 1723 acceptabit.
1026 1633 1062 1700 Si
1086 1658 1164 1700 vero
1192 1636 1239 1698 sic
1268 1633 1389 1698 electus
1417 1632 1594 1698 decanatum
1616 1631 1753 1697 officium

333 1755 497 1800 assumere
523 1743 700 1818 recusaret,
727 1735 851 1799 tociens
881 1735 1035 1822 quociens
1058 1733 1179 1800 electus
1204 1734 1311 1815 fuerit,
1338 1755 1436 1800 imam
1465 1753 1665 1818 sexagenum
1686 1753 1752 1818 per:

334 1831 436 1898 solvet
456 1833 613 1900 facultati.

722 1988 750 2050 6.
772 2001 820 2050 nn
841 2002 1045 2051 marnasco
1065 2000 1196 2050 amano
1219 1999 1369 2048 necnec.

413 2115 496 2182 Item
528 2125 683 2182 statutum
713 2117 774 2181 fuit
805 2127 837 2182 et
867 2115 1063 2199 conclusum,
1094 2115 1182 2181 nullo
1215 2115 1471 2195 contradicente,
1503 2113 1591 2202 quod
1623 2112 1753 2200 quilibet

294 2225 325 2280 15
334 2219 493 2302 magister
513 2218 655 2282 existens
678 2216 718 2281 de
744 2217 898 2281 facultate
922 2218 1047 2281 arcium
1067 2214 1120 2281 vel
1148 2214 1189 2280 de
1217 2237 1301 2281 novo
1330 2216 1455 2279 intrans
1484 2212 1607 2278 iurabit
1635 2213 1753 2278 decano

333 2313 393 2380 sub
415 2314 478 2381 hac
498 2317 616 2383 forma:
638 2315 731 2402 „Ego
746 2315 795 2380 .N.
809 2316 880 2380 iuro
893 2314 988 2382 vobis
1011 2315 1134 2380 decano
1155 2325 1187 2380 et
1206 2315 1324 2380 vestris
1345 2312 1589 2380 successoribus
1609 2335 1753 2377 reveren·

330 2416 410 2478 tiam
439 2424 471 2481 et
496 2414 714 2481 obedientiam
739 2416 774 2478 in
802 2414 902 2480 licitis
931 2425 964 2479 ct
989 2414 1132 2480 honestis
1159 2429 1191 2479 et
1218 2437 1351 2480 servaro
1380 2423 1502 2480 statuta
1529 2421 1563 2477 et
1586 2412 1752 2478 statuenda

331 2533 392 2599 pro
413 2536 510 2600 posse
532 2524 565 2579 et
587 2537 683 2579 nosse
704 2523 736 2578 et
755 2535 932 2600 procurare
954 2513 1077 2579 bonum
1097 2513 1293 2580 facultatis.“

456 2667 589 2742 Dorcas
602 2667 643 2726 ist
661 2687 719 2726 voa
740 2668 872 2726 cadem
892 2668 991 2726 Hand
1010 2669 1247 2745 mrtyetraqea:

288 2820 323 2877 2⁰
455 2813 556 2896 „Item
579 2815 661 2895 iuro,
681 2811 777 2899 quod,
799 2814 1081 2900 quocienscunque
1101 2814 1135 2878 in
1157 2815 1413 2880 examinatorem
1435 2824 1492 2878 aut
1511 2815 1618 2879 eciam
1643 2814 1678 2878 in
1703 2813 1750 2878 de·

373 2933 489 2976 canum
509 2911 629 2978 electris
649 2912 751 2996 fuero,
772 2913 871 2977 velim
897 2911 1067 2978 admittere
1089 2911 1205 2999 dignos
1233 2923 1266 2978 et
1292 2913 1415 2978 reicere
1442 2911 1595 2998 indignos
1620 2922 1686 2978 tam
1712 2911 1750 2976 ad

372 3013 596 3098 magisterium
625 3035 723 3100 quam
752 3011 1046 3078 baccalaureatum.
1089 3011 1144 3078 Sic
1170 3035 1222 3078 me
1248 3011 1327 3078 deus
1353 3011 1485 3078 adiuvet
1508 3024 1541 3078 et
1570 3023 1685 3077 sancta
1704 3011 1749 3077 dei

371 3110 580 3198 ewangelio.“

239 3293 245 3304 ·
457 3267 500 3324 Ea
522 3266 562 3326 iat
585 3267 648 3326 dier
676 3269 730 3326 der
750 3285 798 3324 am
825 3269 874 3332 30.
894 3268 1010 3346 Aequa
1033 3269 1112 3331 1436
1142 3267 1340 3326 lercllossrne
1362 3266 1659 3326 Eremiaotorerseid.
1693 3267 1748 3343 Vqr.

286 3369 321 3428 2⁵
371 3373 462 3425 antra
483 3361 503 3443 ἓ
525 3367 575 3446 26,
600 3369 625 3428 1.

585 3529 631 3593 7.¹
655 3545 715 3606 om
735 3545 899 3594 uramur
920 3545 1002 3595 nsss
1023 3547 1070 3594 os
1093 3544 1253 3594 cousmro
1275 3543 1498 3592 riccarius.

414 3656 475 3747 [Βί.
495 3655 567 3746 47·]
589 3659 671 3724 Item
697 3683 781 3726 anno
804 3660 926 3727 domini
951 3669 1029 3730 1409
1051 3664 1086 3726 in
1109 3661 1161 3727 die
1182 3663 1387 3726 innocentum
1415 3657 1488 3746 (dea
1508 3665 1560 3729 28.
1579 3661 1747 3750 December)

331 3759 392 3823 fuit
413 3759 611 3843 conclusum,
634 3759 721 3845 quod
742 3783 852 3826 omnes
874 3762 1024 3848 magistri
1051 3785 1112 3849 pro
1135 3772 1211 3827 tunc
1237 3770 1425 3848 praesentes
1447 3757 1605 3826 deberent
1625 3785 1694 3827 esse
1714 3761 1749 3826 de

329 3857 463 3923 consilio
483 3856 645 3924 facultatis
667 3869 700 3924 et
720 3858 806 3944 quod
832 3861 866 3924 in
888 3870 985 3926 antea
1005 3861 1112 3926 nullus
1134 3861 1299 3946 magister,
1326 3860 1396 3924 sive
1422 3859 1577 3924 fueritin
1601 3863 1666 3928 ista
1685 3861 1748 3926 oni·

287 3958 485 4022 cover-ritate
507 3969 674 4046 promotus
695 3957 764 4024 sive
785 3960 820 4024 in
840 3959 914 4043 alia,
941 3962 1005 4026 nisi
1027 3961 1163 4025 tercium
1185 3982 1305 4024 annum
1325 3959 1376 4024 sui
1395 3961 1579 4045 magisterii
1600 3961 1748 4048 attigerit,

327 4054 371 4120 ad
398 4055 565 4122 consilium
590 4057 754 4124 facultatis
781 4070 971 4126 assumatur.
1012 4059 1057 4124 Et
1078 4059 1140 4126 boc
1168 4058 1271 4140 duret,
1299 4058 1402 4124 donec
1424 4081 1484 4146 per
1504 4057 1692 4126 facultatem
1711 4058 1748 4123 ds

328 4154 463 4221 oonsilio
484 4156 649 4223 facultatis
671 4156 766 4223 aliter
785 4157 881 4223 fixerit
902 4159 1114 4226 ordinatum.²

733 4331 762 4394 8.
784 4340 831 4389 nn
853 4341 1094 4391 coucnusrous
1114 4342 1337 4391 racunrams.

409 4453 492 4519 Item
519 4464 672 4521 statatum
699 4458 761 4524 fuit
788 4466 821 4522 et
849 4457 1052 4541 conclusum,
1081 4457 1168 4546 quod
1195 4459 1231 4524 in
1258 4457 1564 4544 congregationibus
1592 4457 1748 4526 facultatis

291 4551 455 4620 redebeat
475 4551 625 4618 concludi
652 4556 829 4622 secundum
850 4556 1069 4645 pluralitatem
1089 4580 1216 4640 vocum,
1242 4559 1388 4645 exceptis
1414 4558 1700 4645 praeiudicialibus
1719 4565 1748 4623 ct

327 4653 498 4740 graciosis,
524 4651 627 4718 donec
646 4653 784 4722 facultas
806 4656 847 4722 de
866 4657 962 4723 modo
985 4656 1198 4723 concludendi
1221 4656 1315 4722 aliter
1336 4657 1531 4745 providebit.

387 4961 397 5012 t
420 4955 518 5010 Dicaea
534 4951 698 5025 Peragraph
720 4953 757 5010 ist
773 4953 817 5011 bei
835 4957 883 5011 der
901 4955 1028 5026 Zitblung
1047 4955 1095 5009 des
1114 4954 1256 5028 Originals
1280 4955 1459 5029 iibcrgangen
1478 4958 1536 5014 und
1555 4960 1605 5016 der
1624 4958 1746 5032 folgende

329 5040 429 5096 wieder
446 5041 497 5094 mit
516 5045 532 5095 6
549 5037 681 5108 beaiffert,
700 5056 730 5093 so
749 5039 813 5093 dass
828 5057 882 5094 ron
900 5045 916 5096 8
936 5057 973 5094 an
989 5039 1040 5093 das
1058 5037 1184 5110 Original
1203 5045 1218 5095 2
1236 5040 1338 5096 Ziffern
1356 5042 1493 5114 niedrigsr
1509 5041 1593 5101 sabla

388 5129 404 5181 2
426 5123 483 5182 Zur
501 5123 575 5182 Seite
591 5125 639 5180 des
657 5139 767 5196 geaten
785 5121 985 5198 Peragraphen
1003 5121 1077 5178 steht
1092 5132 1181 5180 vacat
