3758 6072
498 1671 539 1736 B.
570 1667 781 1736 ZWEI'PER
801 1666 924 1733 BAND
945 1666 1039 1732 DER
1061 1667 1181 1734 LIBRI
1203 1667 1519 1736 STATUTORUM.

309 2039 334 2092 4.
368 2041 500 2092 vms'ru
525 2037 928 2092 snauussnanmlcnsou
951 2036 1028 2088 VOM
1054 2039 1171 2090 JAHRE
1193 2039 1264 2102 1499,
1287 2039 1353 2090 sss'r
1375 2031 1561 2092 ZUSKTZEN
1581 2037 1723 2092 1318thss

897 2122 1013 2173 JAHRE
1041 2121 1131 2174 15222

755 2253 780 2319 I.
808 2269 1066 2318 censensus
1094 2271 1273 2320 ramus.

268 2433 284 2486 5
346 2419 406 2509 [Bl.
438 2418 483 2508 1⁸]
506 2421 674 2500 Statuta
694 2419 972 2506 respicientia
991 2417 1138 2483 decani
1158 2418 1426 2504 electionem,
1447 2441 1553 2508 quae
1582 2417 1668 2505 legi

606 2518 756 2586 debent
783 2529 967 2603 tempora
993 2519 1213 2584 electionis
1241 2517 1429 2585 eiusdem

735 2709 760 2766 l.
781 2715 918 2765 TEMPUS
939 2717 1146 2766 ELECTIONIS
1166 2717 1305 2768 nucem.

395 2819 506 2884 Primo
528 2817 695 2900 statuitur,
728 2815 814 2904 quod
838 2815 975 2882 facultas
1005 2819 1129 2882 arcium
1150 2819 1185 2882 in
1205 2840 1290 2883 anno
1313 2816 1393 2883 duos
1417 2816 1515 2884 debet
1533 2817 1654 2884 habere
1674 2817 1722 2882 de

311 2942 419 3002 canos,
440 2941 576 3006 quorum
599 2939 680 2982 unus
702 2914 785 3002 elegi
813 2914 908 2980 dehet
928 2915 1066 2982 sabbato
1088 2927 1164 2982 ante
1185 2917 1300 2982 festum
1321 2915 1466 3004 Georgii,
1489 2915 1631 3005 reliquus
1656 2918 1721 2984 sah-

272 3019 389 3085 10bato
411 3031 485 3083 aute
505 3017 622 3082 festum
644 3013 743 3080 Galli.

709 3120 743 3214 s)
761 3164 884 3226 Qusms
905 3165 1062 3214 rsusous
1083 3165 1325 3214 ammonens.

390 3266 505 3333 Nullus
526 3267 561 3330 in
583 3264 740 3330 decanmn
768 3261 931 3328 facultatis
961 3265 1080 3328 artium
1110 3264 1185 3350 eligi
1213 3263 1325 3347 debet,
1359 3266 1423 3330 nisi
1454 3265 1495 3330 de
1522 3267 1658 3332 consilio
1685 3267 1723 3330 sit

308 3366 471 3434 facultatis
493 3367 581 3431 etin
603 3363 716 3428 eadem
736 3361 890 3428 facultate
908 3385 1036 3450 regens.
1078 3361 1123 3427 Et
1150 3365 1246 3428 istum
1268 3365 1302 3428 in
1325 3367 1494 3452 proposito
1514 3379 1611 3432 vocat
1631 3364 1724 3432 facol-

308 3477 359 3534 tas
381 3473 630 3552 actsrregentem,
653 3464 709 3550 qui
732 3485 825 3526 suum
845 3461 961 3548 legerit
981 3461 1181 3528 ordinarium
1203 3469 1235 3526 st
1250 3463 1380 3550 incepit,
1403 3466 1430 3528 si
1452 3486 1608 3551 praesens
1623 3465 1723 3542 fuerit,

274 3577 304 3632 15
313 3578 388 3632 ante
424 3566 540 3630 festum
572 3564 712 3628 omnium
743 3571 945 3644 sanctorsun,
978 3563 1006 3625 si
1036 3583 1115 3626 vero
1145 3559 1281 3644 absens,
1308 3572 1383 3627 ante
1403 3563 1520 3630 festum
1547 3564 1724 3629 nativitatis
1804 3639 1808 3646 ,

310 3665 435 3732 Christi
455 3666 490 3729 in
511 3663 616 3728 hieme
651 3659 724 3745 (sed
751 3661 784 3724 in
811 3669 934 3726 aestate
962 3661 1106 3746 incipere
1126 3658 1222 3724 debet
1243 3669 1318 3726 ante
1337 3662 1455 3727 festum
1475 3663 1629 3729 Iohannis
1651 3673 1721 3728 ante

308 3777 436 3852 portam
467 3762 621 3844 latinam,
658 3761 686 3824 si
705 3781 860 3847 praeseus
892 3759 1006 3841 hierit,
1043 3757 1161 3824 absens
1199 3782 1275 3826 vero
1312 3771 1387 3826 ante
1418 3763 1534 3826 festum
1566 3761 1717 3827 Iohannis

308 3864 504 3950 baptistae),
538 3870 569 3925 et
590 3858 719 3947 publice
739 3860 773 3922 in
802 3855 898 3923 scolis
921 3859 1121 3922 continuavit
1150 3861 1227 3930 (nisi
1256 3859 1378 3924 decano
1409 3863 1604 3944 constiterit,
1642 3860 1722 3948 quod

309 3962 477 4028 lectorium
497 3959 618 4025 habere
641 3981 706 4024 non
727 3957 861 4044 potuit),
894 3965 926 4022 et
946 3959 980 4020 in
1003 3955 1117 4022 ordine
1138 3980 1197 4023 suo
1220 3957 1384 4024 ordinarie
1405 3959 1604 4048 disputavit,
1634 3983 1673 4026 ac
1691 3961 1723 4024 in

265 4059 502 4150 fflquodlibeto,
523 4060 551 4124 si
565 4080 721 4146 praesens
740 4056 847 4139 fuerit,
867 4054 1094 4143 respondebat

348 4217 377 4278 3.
400 4225 627 4274 Dscsnsnous
650 4225 825 4287 Quemne
845 4223 990 4270 moltam
1011 4223 1127 4272 DEBE'I'
1149 4223 1431 4274 Dlspuu'sclom
1458 4226 1683 4276 Onomastum

389 4324 517 4409 Placet,
552 4323 637 4413 quod
666 4321 803 4412 quilibet
827 4323 1056 4407 magistrorum
1075 4323 1108 4386 in
1131 4322 1240 4407 aliqua
1261 4325 1438 4390 mutatione
1460 4326 1610 4412 proxime
1631 4325 1720 4392 deos·

305 4425 432 4493 naudus
455 4424 608 4511 deinceps
632 4427 665 4489 in
694 4422 820 4490 actibus
848 4420 1026 4486 scolasticis
1053 4420 1207 4508 legendo,
1238 4421 1434 4510 disputando
1457 4437 1514 4491 aut
1534 4424 1722 4491 resumendo

392 4644 403 4695 1
423 4639 465 4694 lm
484 4626 609 4709 Origine]
627 4638 751 4695 erhalten
767 4641 805 4694 im
829 4640 943 4696 swaiten
969 4635 1197 4694 Statutenhande.
1235 4640 1299 4714 vgt
1322 4641 1458 4699 Urkundl.
1483 4641 1601 4708 Qnellen
1631 4643 1657 4700 S.
1676 4647 1721 4700 8³6

305 4726 349 4783 bis
368 4730 425 4782 842.
461 4723 515 4778 Die
533 4721 709 4796 Bezifferung
725 4725 774 4779 der
788 4723 897 4794 Capitol
914 4723 965 4778 wie
982 4723 1031 4778 dor
1049 4721 1247 4795 Parngraphen
1273 4724 1361 4781 findet
1383 4724 1444 4781 sich
1460 4724 1563 4780 bereits
1579 4728 1618 4781 im
1636 4727 1719 4798 Origi-

308 4811 356 4866 nal
371 4810 427 4866 und
445 4808 549 4864 stimmt
567 4808 605 4862 im
622 4807 782 4879 folgenden
801 4808 853 4861 mit
869 4807 971 4862 diesem
989 4806 1110 4864 iiber-ein.
1146 4809 1206 4864 Das
1226 4807 1298 4864 Jahr
1328 4815 1391 4866 ¹499
1408 4808 1516 4882 ergiebt
1534 4809 1594 4865 sich
1613 4827 1663 4866 aus
1678 4811 1723 4866 der

313 4895 386 4953 Nota
403 4896 439 4949 im
458 4902 549 4950 ersten
567 4891 796 4954 Statutenbande
812 4891 899 4945 durch
916 4889 1019 4946 welche
1034 4891 1157 4947 derselbe
1175 4893 1327 4964 antiquiert
1347 4895 1429 4948 ward.
1463 4893 1611 4966 vgl.oben
1628 4894 1723 4950 8491.

310 4979 364 5036 Die
383 4977 578 5052 Beaugnahme
597 4975 649 5032 auf
662 4975 706 5031 die
725 4974 913 5031 Reformation
931 4991 993 5030 vom
1012 4974 1084 5030 Jahr
1104 4981 1168 5032 1496
1187 4977 1261 5048 seigt
1282 4977 1341 5032 sich
1359 4977 1569 5049 grtmtentheils
1594 4977 1666 5034 anch
1688 4979 1722 5032 im

306 5063 471 5120 Wortlaute.
