3794 6066
358 471 399 535 86
837 469 889 518 Die
907 467 1027 520 Sutoten
1043 481 1105 518 rom
1123 467 1206 518 anse
1229 471 1301 528 1⁵⁴8,

357 659 426 718 esto
448 651 490 717 ob
512 650 663 717 delictum
684 649 799 716 floreni
821 649 999 733 dimidiati,
1026 651 1060 714 in
1085 651 1260 736 quotnam¹
1282 649 1542 731 aestimationi,
1566 657 1598 712 et
1617 669 1777 734 personae

359 763 391 818 et
409 752 566 840 temporis
588 761 621 816 et
640 750 703 816 loci
726 759 887 838 respectu,
909 772 1008 838 penes
1032 748 1202 815 arbitrium
1223 748 1373 814 electoris
1393 747 1502 814 future
1523 759 1580 814 est

959 920 1125 971 Ststutnm
1141 917 1175 969 V.

800 1069 847 1117 UT
868 1069 998 1119 LAESAE
1019 1069 1124 1118 cunr!
1145 1067 1331 1117 Sfflfiffl'l'.

334 1200 351 1254 5
439 1185 547 1274 Atque
567 1187 602 1250 in
621 1186 662 1250 iis
682 1185 829 1250 omnibus
852 1185 991 1268 casibus,
1014 1187 1068 1273 qui
1090 1186 1155 1250 iam
1177 1184 1419 1250 commemorati
1441 1191 1524 1265 sunt,
1546 1205 1642 1248 suum
1664 1183 1779 1268 cuique

358 1290 409 1353 ius
431 1285 554 1352 salvum
576 1307 647 1352 esse
668 1284 833 1368 volumus3
856 1296 888 1349 et
909 1287 948 1368 is,
970 1286 1025 1373 qui
1046 1283 1141 1350 elteri
1162 1284 1313 1348 iniuriam
1333 1282 1449 1348 fecisse
1469 1281 1680 1370 probabitur,
1701 1279 1777 1366 quid

358 1388 446 1453 laeso
465 1387 575 1452 facere
594 1395 650 1451 aut
671 1383 750 1450 dare
770 1383 896 1468 debeat,
916 1393 1022 1452 rector
1044 1407 1117 1450 cum
1141 1381 1359 1450 assessoribus
1381 1382 1550 1466 decernet,
1570 1383 1600 1448 si
1623 1403 1690 1449 non
1710 1391 1778 1469 pot-

362 1490 423 1554 erit
443 1509 496 1552 res
517 1485 604 1552 boue
624 1487 733 1572 gretia
753 1485 912 1570 componi.

955 1651 1125 1703 Ststutum
1142 1651 1188 1701 v1.

320 1798 352 1853 lo
734 1801 781 1850 DE
803 1799 985 1850 mmmm
1009 1801 1114 1852 TUBPl
1135 1799 1411 1850 concussum.

440 1921 541 1986 Nemo
562 1917 677 1984 ditioni
697 1917 917 1982 universitatis
937 1927 1067 1982 nostrae
1088 1916 1274 2003 suppositus
1296 1913 1441 2000 spudeo
1461 1912 1584 1979 babere
1610 1914 1780 1981 mulierem

360 2027 530 2108 suspectae
549 2017 725 2107 pudicitiae
745 2039 849 2106 neque
870 2016 1046 2083 domestica
1066 2015 1154 2082 illius
1176 2013 1406 2081 consuetudine
1425 2015 1472 2078 uti
1492 2015 1587 2079 ausit.
1616 2014 1684 2096 Qui
1695 2015 1776 2080 fece·

361 2121 420 2201 rit,
447 2139 585 2206 poenam
613 2117 768 2183 sustineto
797 2115 944 2183 solvendi
969 2115 1102 2182 florines
1129 2124 1196 2180 tres
1221 2123 1278 2181 aut
1304 2115 1338 2178 in
1362 2135 1494 2178 carcere
1514 2135 1577 2179 uno
1598 2137 1711 2180 mense
1732 2115 1780 2179 in·

360 2217 508 2284 cluditor.

321 2393 352 2450 15
947 2385 1120 2438 Ststctum
1137 2383 1197 2434 vn.

689 2535 737 2583 DE
758 2533 1033 2584 mvnnssrt'rmus
1052 2533 1089 2582 m
1109 2533 1209 2582 nocls
1231 2531 1427 2582 staremus.

442 2651 544 2716 Nemo
566 2653 709 2718 omnium
731 2673 773 2716 ex
793 2651 914 2716 nostris
935 2649 1048 2716 infami
1069 2651 1103 2714 in
1123 2647 1195 2714 loco
1225 2647 1406 2714 diversetur
1434 2657 1490 2714 aut
1518 2645 1647 2714 habitet
1673 2647 1783 2736 ibique

360 2751 553 2818 lenocinium
575 2760 607 2816 et
626 2750 837 2839 turpitudinis
858 2749 958 2815 veluti
977 2749 1138 2816 officinam
1162 2749 1288 2837 aperiat
1309 2745 1361 2813 vel
1382 2747 1588 2814 lasciviseec
1604 2747 1779 2815 libidinum

361 2849 563 2916 occasionem
590 2858 622 2916 et
651 2852 780 2939 copiam
808 2848 882 2916 eliis
910 2847 1081 2936 praebeat,
1109 2848 1155 2912 uti
1183 2847 1229 2914 ibi
1256 2846 1389 2913 lustrari
1411 2845 1641 2936 crapularique
1664 2858 1697 2914 et
1717 2845 1783 2912 slis

320 2947 459 3016 wfoeds
478 2947 565 3014 fecta
585 2949 693 3016 fecere
713 2949 815 3016 bbere
836 2949 972 3036 possint.
1006 2947 1072 3028 Qui
1092 2945 1236 3030 fecerint,
1256 2949 1291 3012 in
1312 2969 1368 3014 eos
1388 2946 1560 3014 vehemens
1573 2958 1605 3013 et
1618 2945 1782 3034 condigna

362 3047 478 3115 delicto
498 3058 588 3115 tanto
609 3071 717 3137 poene
737 3057 902 3114 erectore
922 3059 954 3112 et
975 3046 1108 3113 consilio
1129 3045 1215 3113 illius
1237 3057 1403 3114 stauretur.

939 3215 1110 3270 statutum
1128 3215 1200 3269 vm

657 3367 703 3414 DE
724 3367 888 3416 vmsruns
911 3366 1080 3416 usnemu
1100 3368 1146 3416 ΕΤ
1167 3365 1268 3416 nocls
1291 3365 1486 3416 memus.

441 3484 543 3550 Nemo
564 3482 786 3548 universitatis
807 3492 938 3549 nostrae
957 3482 1104 3548 subditus
1125 3482 1179 3549 die
1205 3492 1344 3550 noetuve
1365 3484 1400 3548 in
1428 3480 1571 3548 tabernis
1599 3487 1656 3543 sut
1685 3477 1777 3543 cellis

319 3584 497 3650 livinsriis
518 3591 574 3648 aut
599 3580 680 3646 locis
707 3581 883 3648 infamibus
909 3582 1114 3672 impudenter
1142 3591 1371 3648 commessctur
1400 3591 1456 3646 aut
1485 3603 1557 3646 cum
1588 3577 1777 3644 mulieribus

359 3681 535 3748 irlfsmibus
555 3680 717 3768 flagitiose
738 3683 936 3748 convivetur.
977 3682 1044 3763 Qui
1062 3682 1184 3766 fecerit,
1205 3706 1268 3748 uno
1290 3681 1405 3748 florino
1426 3679 1645 3747 mulctabitur.

952 3850 1118 3902 statutum
1136 3851 1182 3903 lx.

930 3997 977 4046 DE
998 3999 1214 4050 Nocrlvsem.

446 4111 637 4202 Quicunque
664 4123 761 4180 noctu
788 4113 841 4178 vel
869 4123 984 4200 aperta
1010 4114 1062 4180 vol
1087 4123 1173 4181 tecta
1198 4116 1281 4182 facie
1309 4137 1368 4202 per
1395 4114 1552 4201 oppidum
1574 4114 1780 4180 cursitsverit

319 4222 418 4280 aeaut
439 4214 539 4278 armis
563 4216 733 4300 strepitum
754 4215 947 4280 excitaverit
973 4223 1028 4279 aut
1055 4213 1253 4282 deformibus
1282 4227 1337 4280 aut
1362 4217 1484 4280 insanis
1506 4212 1702 4279 clamoribus
1732 4221 1779 4276 tu-

361 4311 536 4378 multuatus
555 4313 667 4397 fuerit,
697 4313 835 4400 denique
856 4315 1074 4402 cuiuscunque
1095 4316 1223 4399 generis
1244 4324 1418 4382 nocturnas
1443 4313 1556 4380 tmbss
1578 4314 1777 4392 excitaverit,

361 4413 390 4476 is
410 4411 564 4477 muletam
584 4415 703 4480 rectori
723 4412 838 4482 solvito
859 4413 1050 4481 florinorum
1068 4413 1176 4478 trium.

961 4581 1127 4634 Ststntom
1146 4583 1178 4632 X.

908 4733 956 4782 Dr.
976 4731 1227 4782 snusronmns.

317 4854 351 4910 35
440 4843 625 4910 Scurriles²
645 4845 738 4912 ludos
759 4856 793 4913 et
810 4847 926 4933 aleam,
946 4848 1074 4937 legibus
1096 4873 1225 4938 semper
1241 4850 1384 4932 vetitam,
1406 4871 1559 4914 exercere
1572 4870 1670 4934 quam
1683 4857 1776 4934 turpe

429 5049 440 5099 l
463 5042 500 5100 So
516 5043 590 5099 steht
606 5043 797 5116 gesobrieben3
815 5045 861 5101 ioh
878 5047 1022 5104 vermutbs
1039 5047 1113 5116 sber,
1132 5048 1195 5103 dass
1215 5065 1250 5103 su
1268 5047 1342 5104 lesen
1360 5048 1399 5104 sei
1414 5049 1445 5102 io
1461 5055 1591 5119 pssum
1606 5065 1669 5104 sos.

426 5133 442 5184 t
459 5127 646 5186 Gescbrisben
663 5127 737 5186 steht
753 5131 872 5188 Similes.
