3768 6072
315 461 373 526 170
801 461 856 512 Dar
873 461 953 510 Liber
972 461 1087 514 udonis
1106 461 1250 514 Polouicae

311 641 413 708 fatum
435 661 534 706 manu
555 641 734 727 praepositi
756 642 884 731 collegii
904 644 1021 710 beatae
1043 645 1178 731 virginis
1200 651 1327 710 notetur
1356 651 1453 730 atqua
1479 643 1515 707 in
1541 663 1663 709 novam
1691 639 1734 706 ad

312 741 376 808 boo
396 739 565 808 emendam
586 741 681 806 unius
702 742 872 810 clausurae
899 742 1047 810 eisbdam
1074 745 1214 812 ferream
1240 751 1427 831 reponatur,
1451 738 1515 830 [4⁸]
1553 763 1637 830 quae
1665 751 1734 807 tan·

311 843 385 908 dem
418 841 630 908 custodienda
659 841 737 908 fisce
767 842 896 930 collegii
923 843 1040 910 beatae
1066 845 1204 931 virginis
1232 843 1417 910 includatur
1444 851 1476 908 et
1504 843 1734 924 committatur,

310 945 357 1009 ita
382 951 491 1008 tamen
515 950 552 1007 ut
582 963 709 1028 semper
736 944 844 1008 senior
871 944 1028 1028 nationis,
1059 945 1088 1008 si
1117 943 1242 1030 collega
1270 943 1349 1008 dicti
1379 940 1508 1028 collegii
1533 964 1599 1007 non
1626 941 1734 1022 fuerit,

268 1053 285 1110 5
312 1041 401 1130 apud
430 1063 465 1107 se
490 1050 523 1106 et
550 1039 674 1106 clavem
702 1041 837 1108 cistulae
863 1065 968 1109 novae
994 1052 1026 1109 et
1051 1041 1170 1108 librum
1197 1044 1338 1108 nationis
1364 1065 1482 1110 nemum
1507 1041 1655 1107 retineat.
1699 1039 1735 1105 Si

309 1163 388 1209 vero
410 1141 517 1208 senior
537 1140 634 1205 fuerit
654 1140 780 1228 collega
799 1140 878 1208 dicti
899 1141 1037 1228 collegii,
1058 1153 1126 1208 tum
1147 1141 1249 1208 clavis
1271 1151 1303 1207 et
1322 1140 1406 1208 liber
1428 1140 1522 1207 alteri
1542 1139 1732 1206 donatione

312 1243 467 1310 committi
490 1238 617 1306 debeat
658 1240 870 1328 Praepositus
897 1252 1003 1308 autem
1032 1241 1160 1308 nomine
1191 1239 1318 1327 collegii
1347 1262 1476 1326 quoquo
1505 1251 1653 1328 tempore
1680 1261 1734 1304 na·

311 1345 460 1410 cessitate
489 1339 672 1428 postulante
701 1342 830 1428 copiam
861 1351 893 1406 et
921 1340 1107 1407 facultatem
1138 1340 1295 1423 adeundi,
1329 1339 1493 1407 eximendi
1524 1351 1557 1406 et
1586 1339 1734 1405 vicissim

310 1440 486 1532 reponendi
507 1441 579 1506 fisci
600 1449 752 1526 praestet,
779 1442 827 1505 uti
844 1451 910 1506 tum
933 1463 967 1507 se
988 1464 1053 1506 non
1074 1441 1237 1528 gravatim
1258 1439 1401 1506 facturos
1422 1439 1566 1527 collegae
1587 1440 1622 1504 in
1642 1439 1733 1504 favo·

271 1555 303 1613 ¹0
311 1567 379 1610 rem
400 1542 540 1607 nationis
561 1549 747 1627 praesentes
770 1551 971 1629 receperunt

313 1673 320 1689 ·
394 1639 455 1728 [Bl.
473 1638 526 1730 4¹³]
541 1640 645 1706 Porro
666 1661 748 1724 cum,
771 1639 821 1705 his
841 1642 888 1706 ita
911 1640 1080 1726 conclusis,
1101 1640 1142 1707 de
1160 1639 1286 1706 viribus
1306 1637 1387 1722 fisci,
1408 1638 1465 1705 ubi
1480 1649 1511 1704 et
1525 1637 1632 1726 qualis
1646 1661 1732 1704 nune

310 1751 404 1826 esset,
418 1749 638 1830 quaereretur,
659 1739 739 1805 nihil
758 1763 778 1805 a
800 1764 959 1829 quoquam
981 1740 1210 1828 certiprofern'
1223 1743 1336 1828 potuit,
1359 1738 1441 1804 adeo
1453 1739 1617 1806 seniorum
1639 1761 1734 1826 prae

309 1844 487 1923 teritorum,
509 1840 628 1927 partim
639 1839 940 1906 vitadefunctorum
962 1841 1081 1927 partim
1102 1839 1331 1922 recedentium,
1352 1836 1495 1904 doctoris
1509 1837 1631 1920 Zelers,
1653 1837 1734 1904 Los-

310 1943 381 2009 selii
400 1940 517 2007 Poloni
544 1939 699 2005 Hirconis
727 1949 759 2005 et
786 1939 932 2023 aliorum,
959 1941 1102 2006 varietas
1131 1961 1171 2004 ac
1196 1939 1331 2004 mutatio
1357 1936 1516 2005 bellorum
1544 1959 1674 2024 quoque
1703 1947 1735 2002 et

270 2053 301 2110 15
310 2051 491 2128 temporum
520 2039 657 2105 iniuriae
684 2039 755 2105 fisci
786 2039 1019 2105 desolationem
1049 2048 1081 2103 et
1109 2037 1291 2126 neglectum
1318 2047 1530 2127 pepererrmt,
1564 2047 1601 2103 ut
1629 2059 1735 2125 neque

310 2141 479 2216 collectum
509 2139 588 2227 quid
616 2161 722 2227 neque
752 2139 916 2225 signatum
954 2148 1043 2204 extet
1079 2147 1209 2226 praeter
1238 2136 1274 2202 id
1309 2137 1411 2203 solum
1443 2138 1613 2224 exiguum,
1648 2135 1736 2224 quod

310 2241 562 2308 humanissimus
583 2240 645 2322 vir,
666 2239 822 2325 magister
844 2237 1071 2325 Sigismundus
1091 2237 1218 2320 Prttfer,
1241 2235 1475 2324 Glogovianus,
1495 2236 1557 2303 boe
1576 2238 1735 2324 temporis

310 2341 426 2429 spatio,
455 2363 518 2428 quo
546 2338 740 2406 collecturae
768 2338 921 2425 praefuit,
947 2338 1164 2425 comparsisse
1189 2357 1224 2402 se
1252 2336 1425 2420 fatebatur,
1452 2347 1485 2402 et
1504 2336 1589 2403 ultro
1616 2334 1736 2401 obtulit

309 2441 432 2506 nationi
456 2448 528 2505 octo
553 2438 692 2505 florenos
714 2460 788 2502 cum
809 2436 988 2504 octodecim
1008 2439 1142 2524 grossis.
1183 2437 1258 2502 Hoc
1282 2436 1343 2502 fuit
1369 2437 1497 2501 initium
1523 2445 1555 2502 et
1576 2431 1642 2523 [5⁸]
1664 2435 1735 2500 fun·

268 2540 497 2606 wdamentum
519 2537 704 2603 divitiarum
725 2545 920 2621 nostrarum,
942 2559 1022 2624 quas
1044 2559 1142 2623 porro
1164 2536 1245 2602 deus
1266 2537 1407 2624 optimus
1428 2536 1599 2618 maximus,
1622 2544 1736 2622 poten-

309 2641 452 2705 tissimus
476 2640 617 2704 0mnium
637 2637 672 2700 in
693 2657 811 2701 nomen
837 2637 906 2701 eius
934 2635 1161 2702 confidentium
1183 2635 1387 2750 gubernator
1416 2645 1448 2700 et
1475 2643 1651 2722 protecter,
1680 2655 1735 2698 au·

309 2761 387 2826 gere
408 2747 440 2804 et
460 2737 542 2803 bene
561 2737 729 2802 fortumare
747 2735 907 2822 dignetur.

394 2837 490 2919 Quod
519 2847 615 2902 tenue
648 2835 821 2901 exordium
853 2835 962 2900 statim
993 2843 1026 2900 et
1057 2835 1207 2901 continuo
1237 2835 1396 2902 foeliciter
1427 2835 1520 2900 auxit
1553 2843 1735 2922 spontapea

312 2939 515 3005 dominorum
543 2935 763 3024 praesentium
784 2934 978 3002 contributio
1006 2955 1046 3000 ac
1067 2933 1257 3002 liberalitas.
1302 2933 1429 3021 Singuli
1456 2936 1542 3000 enim
1571 2956 1633 3021 pro
1657 2956 1735 3020 qna·

269 3040 403 3107 aslimte
428 3038 630 3104 fortrmarum
654 3057 797 3117 suarum,
824 3036 918 3120 quasi
945 3034 987 3100 ad
1011 3033 1286 3101 corroborandum
1313 3035 1402 3121 leges
1425 3041 1595 3121 sequentes
1617 3055 1733 3122 perpe

309 3149 365 3205 tuo
387 3137 555 3219 valituras,
577 3133 787 3218 contulerrmt,
808 3135 975 3200 nimirum:

393 3236 508 3304 Senior
533 3235 673 3301 nationis
701 3233 814 3300 doctor
836 3233 1030 3301 Valerius
1051 3235 1208 3302 Pfister
1229 3235 1446 3322 Lignitianus,
1473 3235 1539 3322 qui,
1560 3232 1639 3300 licet
1660 3243 1734 3300 ante

311 3360 410 3427 saepe
440 3359 480 3403 ae
508 3335 633 3424 quoties
661 3357 721 3422 per
758 3332 882 3422 gradus
914 3343 1081 3423 promotus
1111 3343 1174 3417 est,
1203 3332 1290 3422 quod
1317 3333 1430 3401 debuit
1456 3333 1561 3417 dedit,
1591 3343 1624 3398 et
1650 3356 1736 3400 nune

312 3435 376 3527 [bl]
405 3458 509 3524 neque
535 3434 700 3524 professor
727 3456 831 3520 neque
865 3435 991 3522 collega
1023 3435 1080 3516 sit,
1109 3443 1218 3500 tamen
1248 3431 1419 3500 duodecim
1446 3455 1573 3522 quoque
1601 3456 1735 3521 grossam

269 3539 505 3608 dinumeravit.

391 3638 434 3705 D.
462 3637 576 3702 doctm
603 3634 854 3698 Franciscus
882 3633 999 3699 Oram
1026 3631 1186 3719 Saganus,
1214 3631 1425 3699 illustrissimi
1446 3633 1605 3720 principis
1627 3633 1734 3700 et‘do-

312 3739 400 3821 mini,
425 3736 548 3803 domini
568 3733 719 3819 Augusti,
746 3731 837 3797 ducis
860 3731 1025 3798 Saxoniae
1047 3741 1079 3796 et
1100 3731 1257 3816 electoris,
1280 3733 1495 3817 consiliarius,
1518 3733 1685 3820 professor
1705 3744 1736 3800 et

312 3837 447 3924 collega,
469 3833 653 3899 numeravit
673 3831 754 3898 duos
774 3831 914 3898 florenos
936 3841 968 3897 et
986 3830 1165 3898 octodecim
1193 3854 1337 3919 grossos,
1364 3835 1412 3899 sic
1434 3783 1682 3920 computandos,
1702 3843 1736 3898 ut

311 3938 428 4024 viginti
456 3943 595 4022 quatuor
622 3932 728 4018 grossi
755 3923 936 3996 habeantur
963 3953 1023 4020 pro
1051 3933 1158 4018 prima
1185 3933 1371 4020 receptione
1397 3935 1448 3998 sui
1473 3933 1612 3999 nominis
1640 3941 1736 3998 autea

272 4047 380 4105 35non
399 4035 558 4121 inseripti,
581 4031 693 4097 dacem
713 4038 747 4095 et
766 4039 838 4096 octo
859 4031 967 4116 grossi
987 4052 1047 4118 pro
1070 4031 1171 4098 offitio
1193 4032 1368 4098 assessoris
1388 4031 1496 4098 iuditii
1516 4033 1636 4116 curiae,
1658 4031 1735 4098 duo

313 4138 426 4227 decim,
442 4135 549 4221 grossi
569 4153 630 4221 pro
649 4129 775 4196 lectura
794 4129 926 4214 codicis,
954 4153 1018 4218 qua
1042 4131 1197 4218 fungitur,
1222 4141 1255 4197 et
1284 4155 1343 4198 sex
1369 4133 1474 4218 grossi
1502 4154 1563 4220 pro
1585 4131 1736 4219 collegis·

314 4247 389 4304 tura
409 4234 537 4320 collegii
555 4231 698 4298 maioris.

398 4333 460 4424 [Bl.
482 4329 533 4420 6⁸]
555 4331 597 4397 D.
622 4331 734 4397 doctor
752 4329 936 4396 Matbeus
956 4329 1130 4396 Heusler
1150 4331 1304 4415 medicus,
1329 4331 1499 4415 Iauranus,
1527 4353 1642 4398 recens
1662 4355 1736 4422 pre·

313 4448 429 4520 motus,
452 4455 512 4521 pro
535 4430 722 4498 doctoratus
743 4431 837 4498 titulo
858 4429 1036 4520 adsequuto
1057 4432 1240 4496 numeravit
1260 4431 1431 4497 duodecim
1450 4452 1592 4518 grossos.

272 4553 306 4609 to
397 4533 527 4604 caeteri
548 4531 669 4598 domini
688 4532 875 4619 magistri
894 4530 1006 4596 itidem
1026 4552 1086 4618 pro
1106 4529 1214 4596 feelioi
1235 4532 1380 4619 auspicio
1390 4542 1602 4596 numerarunt
1615 4531 1735 4619 singuli

316 4647 470 4730 quantum
493 4632 647 4716 cuiusque
667 4653 721 4696 res
742 4630 893 4746 tulerunt,
913 4652 1044 4717 nempe:

417 4735 462 4800 Μ.
483 4730 623 4799 Iacobus
645 4730 798 4796 Lubener
820 4731 927 4796 senior
952 4729 1078 4816 collega
1099 4729 1227 4816 collegii
1247 4729 1414 4796 beatae'
1382 4731 1520 4816 vnginis
1546 4736 1583 4799 6
1601 4745 1633 4815 pt

417 4837 463 4901 M.
485 4833 634 4899 Donatus
655 4829 774 4897 Zolner
797 4829 1001 4897 (lamitiunus
1009 4879 1519 4895 ...........
1561 4835 1622 4898 6

418 4936 464 5001 Μ.
485 4931 636 4998 Andreas
656 4929 759 4996 Iando
782 4929 1069 5019 Sprembergensis
1106 4978 1520 4994 .........
1562 4937 1582 4998 5
1608 4956 1621 4984 ⁵

417 5035 463 5100 Μ.
486 5029 713 5118 sigismundus
730 5030 848 5096 Prufer
868 5027 978 5115 Gloga
979 5076 1519 5094 ............
1561 5033 1581 5096 6
1607 5058 1620 5084 =

419 5135 465 5200 M.
485 5131 636 5199 Andreas
657 5128 803 5195 Freihub
823 5129 980 5216 Sprottav
980 5175 1519 5195 ............
1561 5131 1582 5196 6
1607 5157 1620 5184 ι
