3748 6070
557 509 607 564 Die
625 509 744 563 81111111
763 526 816 563 von
834 505 1005 605 teos-1449.
1429 511 1485 579 321

73 688 189 776 vigilia
221 691 365 757 omnium
397 701 582 759 sanctorum
615 695 710 768 (1443
739 698 796 756 dea
824 699 872 762 31.
897 695 1034 772 October)
1063 691 1246 758 conclusum
1277 703 1309 758 et
1339 702 1490 760 stamtum

76 789 147 873 brit,
168 787 257 855 nullo
271 793 399 876 penitus
412 791 661 874 contradicente,
682 789 819 878 quod-
830 791 1064 874 nonobstante,
1084 791 1169 879 quod
1180 794 1250 877 quis
1266 795 1491 886 magistrorum

76 889 130 952 hic
153 887 271 954 stando
293 901 442 978 quartum
463 913 581 956 annum
603 893 652 956 sui
673 891 853 976 magisterii
867 892 1018 976 attigerit,
1040 890 1211 978 byennium
1225 891 1343 976 atalia,
1364 894 1493 980 quaein

80 987 211 1053 statutis
241 986 427 1054 dotalibus
456 987 656 1056 assumendis
685 991 919 1074 exprimuntur,
947 989 1154 1056 effectualiter
1181 991 1390 1078 compleverit
1415 993 1493 1078 peti·

82 1087 275 1174 cionemque
297 1110 358 1175 pro
380 1089 429 1153 sui
451 1090 674 1176 assumpcione
695 1087 738 1154 ad
758 1089 931 1174 magistros
952 1097 1026 1154 actu
1045 1099 1192 1176 regentes
1205 1089 1408 1156 direxerit—
1420 1089 1494 1156 talis
1520 1100 1536 1154 5

81 1185 335 1272 uniuscuiusque
355 1210 415 1275 per
436 1188 574 1276 amplius
595 1187 777 1274 assumpcio
799 1185 895 1254 debet
915 1211 986 1256 ease
1005 1190 1162 1276 graciosa.

584 1375 609 1436 b,
629 1388 686 1424 aus
703 1375 772 1424 dem
790 1374 892 1424 Jahre
911 1374 998 1427 1445.

161 1502 244 1568 Item
266 1525 351 1570 anno
376 1503 497 1572 domiui
518 1506 571 1571 M⁰
590 1504 723 1574 00000
742 1504 836 1572 XLV
862 1506 897 1572 in
925 1505 1084 1572 decanatu
1103 1507 1250 1592 magistri
1269 1505 1396 1572 Nicolai
1416 1504 1498 1572 (iar-

80 1599 144 1666 den
172 1601 213 1666 de
241 1601 496 1690 Grifenhaghen,
525 1605 612 1669 facta
638 1603 734 1691 plena
762 1606 1015 1691 congregacione
1044 1607 1271 1690 magistrorum
1298 1605 1339 1670 de
1366 1604 1498 1671 consilio

83 1701 259 1785 facultatis,
286 1703 369 1767 feria
389 1705 484 1768 tertia
505 1713 579 1791 post
598 1704 714 1768 festum
735 1701 959 1770 decollacionis
980 1703 1030 1767 sti.
1050 1702 1202 1768 Iohannis
1223 1703 1385 1791 baptistae
1404 1708 1541 1785 (144510

84 1805 113 1865 d.
135 1806 185 1869 31.
206 1804 335 1885 August)
357 1803 487 1868 1111111
507 1825 566 1891 per
587 1801 716 1868 eosdem
736 1804 909 1889 magistros
931 1801 1081 1868 conclusa
1100 1811 1219 1868 statuta
1241 1802 1481 1890 subsequenoia

171 1958 199 2018 1.
220 1951 379 2035 Primum,
408 1951 495 2039 quod
521 1949 655 2041 quilibet
682 1951 919 2037 promovendus
944 1952 978 2016 in
998 1950 1217 2018 baccalarium
1238 1961 1294 2018 aut
1313 1953 1503 2040 magistrum

89 2052 122 2114 in
144 2049 271 2117 artibus
293 2050 427 2117 habebit
446 2051 630 2117 libertatem
651 2048 792 2136 eligendi
811 2051 845 2115 in
871 2059 1087 2138 promotorem
1111 2073 1204 2116 suum
1224 2075 1322 2118 unum
1344 2052 1384 2119 de
1403 2054 1503 2139 magi-
1541 2077 1546 2086 ’

85 2151 161 2215 stris
191 2172 270 2216 suae
297 2152 453 2233 nacionis,
483 2171 703 2238 quemcunque
729 2147 881 2232 voluerit,
910 2159 942 2214 et
968 2172 1032 2214 non
1060 2149 1158 2215 111111
1189 2150 1321 2216 alterius
1350 2152 1504 2234 nacionis,

85 2250 150 2314 nisi
170 2249 356 2336 specialiter
379 2249 475 2315 alicui
494 2249 608 2314 1111111
628 2249 825 2330 commissus,
853 2249 908 2334 qui
934 2249 964 2312 ei
993 2248 1187 2334 praefuisset
1214 2271 1234 2314 a
1260 2261 1413 2336 tompore,
1440 2259 1546 2337 quotb

86 2348 235 2414 introivit
254 2350 509 2432 universitatem,
531 2347 571 2413 de
587 2369 649 2434 quo
664 2345 762 2411 fidem
782 2346 881 2412 faciat
900 2346 1047 2424 facultati
1067 2370 1126 2434 per
1146 2348 1290 2434 legitima
1304 2349 1505 2432 documenta,

89 2468 187 2534 quem
208 2457 286 2512 tunc
308 2449 425 2534 poterit
446 2446 572 2534 eligere.
596 2443 641 2509 Et
662 2444 815 2532 quioquid
836 2447 1002 2531 magistro,
1025 2468 1119 2534 quem
1139 2447 1185 2512 sic
1197 2446 1337 2534 elegerit,
1360 2471 1401 2513 ex
1422 2448 1507 2534 lega·

93 2544 185 2611 litate
207 2557 239 2612 et
259 2546 360 2612 libere
382 2546 426 2611 ad
453 2543 639 2611 cathedram
665 2542 828 2628 direxerit,
855 2544 917 2612 hoc
936 2543 1023 2610 idem
1046 2547 1200 2632 magister
1224 2567 1284 2634 pro
1310 2569 1367 2612 suo
1389 2545 1510 2614 honore

90 2654 122 2709 et
143 2644 257 2711 labore
277 2644 410 2712 habebit
431 2654 463 2710 et
485 2654 652 2711 contentus
672 2645 742 2710 erit.

171 2783 201 2844 2.
222 2778 305 2844 Item
326 2777 456 2866 placuit,
479 2777 565 2866 quod
586 2776 727 2842 decanus
749 2777 782 2840 in
803 2785 899 2842 antea
915 2777 993 2842 viva
1011 2797 1093 2842 voce
1113 2785 1145 2842 et
1164 2779 1257 2842 iuxta
1275 2777 1405 2843 modum
1426 2778 1549 2842 anti-20

91 2897 190 2961 quum
213 2879 326 2943 statuti
345 2878 484 2964 desuper
505 2877 641 2942 confecti
663 2875 810 2962 eligatur,
831 2883 864 2940 et
885 2875 973 2963 quod
994 2874 1034 2940 de
1055 2875 1160 2942 officio
1183 2899 1240 2942 suo
1262 2899 1321 2964 pro
1342 2874 1506 2942 laboribus

91 2977 125 3040 11
147 2976 299 3042 XXXVI
319 2975 451 3044 florenis
471 2974 663 3057 rinensibus,
689 2996 769 3060 quos
790 2997 811 3038 a
831 2973 1060 3060 promovendis
1087 2976 1180 3040 iuxta
1198 2987 1360 3042 monetam
1382 2997 1509 3040 curren-

90 3085 155 3140 tem
176 3077 349 3163 percipiat,
371 3077 415 3142 sit
431 3083 615 3158 coutentue3
637 3073 665 3137 11
680 3095 757 3138 vcro
779 3082 891 3158 pastris
912 3073 1202 3159 promovendorum
1223 3074 1268 3139 ad
1285 3082 1408 3139 tantam
1430 3096 1512 3138 sum·

92 3197 181 3239 mam
203 3198 238 3240 se
258 3198 324 3242 non
344 3175 534 3256 extenderit,
558 3171 695 3239 facultas
718 3171 866 3258 suppleat
885 3194 1052 3237 numerum
1079 3181 1322 3258 praetaxatum,
1351 3174 1379 3238 si
1406 3181 1511 3239 autem

94 3273 219 3362 aliquid
241 3275 409 3362 supererit,
430 3273 525 3340 cedat
544 3271 699 3337 facultati
1517 3279 1551 3338 25

179 3413 209 3474 3.
231 3405 313 3471 Item
332 3405 464 3493 placuit,
486 3403 573 3490 quod
593 3402 830 3468 examinatores
850 3412 1046 3489 persortcm
1069 3401 1236 3488 eligantur.
1273 3401 1318 3468 Et
1337 3401 1450 3469 modus
1472 3405 1513 3469 111

94 3506 169 3589 iste,
193 3505 280 3593 quod
300 3513 461 3592 ponantur
480 3513 527 3570 tot
545 3500 678 3567 cedulae
699 3499 841 3590 undique
861 3499 981 3565 similes
1003 3500 1044 3566 ad
1067 3523 1164 3565 unam
1181 3503 1319 3585 mitram,
1346 3513 1424 3591 quot
1441 3513 1515 3568 1111

95 3605 248 3690 magistri
267 3605 363 3669 unius
385 3604 532 3668 nacionis
552 3609 749 3691 praesentes,
770 3622 906 3686 quarum
927 3623 992 3665 una
1013 3603 1177 3665 contineat
1194 3597 1412 3668 ‘examinator'
1416 3626 1425 3684 3
1447 3605 1513 3690 qui-

96 3726 224 3791 cunque
245 3702 476 3788 magistrorum
496 3725 556 3790 per
577 3710 696 3766 sortem
717 3720 788 3764 eam
815 3700 944 3786 reperit,
971 3701 1032 3764 erit
1053 3701 1255 3765 examinator
1275 3699 1331 3765 illa
1350 3703 1430 3768 vice.
1470 3702 1516 3767 Et

95 3803 145 3868 sio
167 3824 224 3868 auo
245 3800 341 3866 modo
360 3801 394 3865 in
414 3799 486 3866 aliis
506 3799 610 3866 tribus
631 3797 815 3864 nationibus
837 3799 1041 3886 practicetur.
1067 3797 1131 3878 Qui
1151 3807 1296 3884 quatuor,
1316 3821 1375 3887 per
1396 3810 1556 3867 sortem³0

99 3902 148 3966 sic
170 3899 275 3984 electi,
297 3923 454 3966 unacum
476 3899 598 3966 decano
620 3896 887 3965 baccalariandos
916 3897 1156 3963 examinabunt.
1197 3897 1251 3964 Sic
1273 3899 1419 3965 similiter
1441 3923 1516 3988 qua-

96 4009 171 4066 tuor
192 4022 250 4087 per
272 4007 391 4066 sortem
412 3998 505 4064 electi
527 4022 599 4064 cum
620 3994 884 4062 vicecancellario
906 3995 1146 4082 magistrandos
1165 3996 1368 4085 temptabunt
1389 4008 1421 4064 et
1443 4023 1518 4066 exa·

98 4098 278 4182 minabunt,
299 4099 348 4163 ita
368 4097 455 4187 quod
478 4098 565 4164 solus
585 4097 726 4162 decanus
748 4095 790 4161 sit
811 4094 852 4160 de
873 4096 1018 4160 essenoia
1039 4095 1198 4160 examinis
1219 4119 1278 4183 pro
1298 4096 1520 4165 baccalariatu

100 4209 132 4264 et
153 4197 241 4264 solus
251 4196 549 4281 vicecancellarius,
571 4207 603 4263 et
621 4219 686 4261 non
706 4195 857 4278 decanus,
880 4217 939 4282 pro
956 4195 1154 4281 magisterio,
1175 4216 1311 4282 quorum
1333 4208 1382 4263 est
1402 4221 1520 4286 propo·

104 4298 240 4364 siciones
261 4296 487 4363 examinandis
508 4299 685 4384 assignare.
725 4293 890 4359 Τ1111111
909 4295 1034 4360 tamen¹
1055 4293 1268 4380 magistrandi
1290 4342 1422 4363 .....
1523 4308 1557 4365 ³5

188 4603 199 4655 1
219 4597 304 4654 Dicae
320 4596 420 4653 beiden
435 4595 588 4684 vorlstrten
605 4594 704 4650 Worte
725 4593 788 4650 sind
812 4593 875 4650 sehr
890 4591 1063 4661 badenfliot,
1089 4590 1164 4646 uach
1184 4594 1444 4664 11911111111111
1460 4595 1520 4651 aine

102 4680 167 4738 oder
182 4682 306 4740 nebrere
322 4679 415 4737 Zalen
431 4678 673 4753 wegguohnitoen.

648 4913 978 4927 *-

169 5267 386 5308 fl'ffl'uflssllffl
403 5267 461 5304 ΜΒ
478 5264 553 5305 UMV·
570 5267 689 5305 ῐιῑῙΡΙΙΘ.
