3794 6066
814 431 870 482 Des
888 431 1023 482 Iotmnnss
1041 431 1118 482 Fabri
1142 431 1177 482 ds
1196 431 1310 482 Werdsa

580 619 647 682 106.
676 631 746 680 sao
770 630 937 680 smnasro
960 629 1223 679 couvmrroauu
1243 627 1466 676 amnaeocn.

435 745 517 813 uum
547 745 767 811 mercenarius
792 747 886 812 iuxta
913 745 1093 834 evangelici
1123 745 1281 810 sermonis
1302 741 1468 808 oraculum
1490 743 1608 830 dignus
1631 747 1675 810 sit
1695 767 1776 811 mer·

351 845 448 929 cede,
471 855 502 910 et
523 846 567 926 is,
590 846 645 931 qui
666 843 834 910 laboribus
858 841 943 933 [501³]
965 845 1163 912 deservitum
1184 841 1367 908 mercedem
1389 841 1560 908 detentans
1581 865 1648 910 non
1670 844 1776 926 solvit,

350 948 384 1012 in
416 967 517 1032 genus
551 945 749 1031 peccaminis
780 945 985 1030 gravissimi,
1018 943 1104 1033 quod
1137 942 1190 1007 die
1220 951 1382 1028 noctuque
1412 941 1457 1006 ad
1490 964 1651 1008 summum
1681 941 1777 1010 deum

325 1049 464 1132 5(prout
485 1065 598 1108 sacrae
619 1052 779 1108 testantur
799 1043 940 1124 litterae)
966 1043 1133 1109 clamitare
1154 1043 1329 1122 asseriurr,
1356 1040 1501 1106 incidere
1528 1040 1618 1106 haud
1648 1042 1773 1108 dubita

352 1155 420 1226 tur,
448 1142 594 1230 ideoque,
616 1165 657 1207 ne
677 1143 779 1230 aliqui
802 1142 1012 1226 scholarium,
1041 1163 1196 1231 praesens
1217 1139 1459 1228 paedagogium
1481 1141 1725 1206 immorandum
1746 1151 1778 1208 et

351 1243 394 1309 ad
421 1243 493 1306 iura
517 1240 695 1306 bur-salium
722 1241 803 1306 inibi
833 1244 959 1306 ratione
983 1243 1122 1306 stantiae
1143 1242 1369 1322 astrictorum,
1401 1239 1542 1326 praelati
1563 1240 1711 1306 criminis
1731 1243 1778 1308 rei

352 1340 611 1428 comprobentur,
632 1361 673 1404 ne
694 1340 833 1427 denique
855 1340 910 1426 hii,
934 1342 989 1425 qui
1011 1339 1179 1406 laboribus
1201 1338 1403 1404 scholasticis
1425 1337 1607 1404 mercedem
1632 1339 1776 1428 aliquam

351 1449 552 1522 meruerunt,
575 1440 638 1505 hae
664 1440 738 1526 ipsa
765 1449 878 1506 contra
904 1441 1040 1504 rationis
1067 1449 1100 1504 et
1119 1437 1299 1502 industriae
1320 1436 1484 1502 dictamen
1504 1436 1557 1502 vel
1580 1437 1777 1504 frustrentur

312 1549 342 1605 10
352 1540 404 1605 vel
436 1539 558 1604 diutius
589 1561 687 1626 quam
720 1561 858 1627 aequum
884 1540 928 1602 sit
959 1561 1071 1604 carere
1098 1547 1270 1623 cogantur,
1303 1535 1438 1602 mandat
1458 1537 1508 1604 ‚hl
1532 1538 1653 1602 artium
1675 1539 1777 1624 magi·

349 1649 414 1704 ster
437 1649 499 1703 etc.
518 1649 624 1704 rector
646 1637 796 1702 omnibus
819 1647 852 1702 et
873 1637 1009 1724 singulis
1031 1638 1228 1724 suppositis,
1261 1658 1418 1722 praesens
1444 1635 1689 1722 paedagogium
1718 1639 1776 1702 im·

350 1736 553 1804 morantibus
581 1747 613 1802 et
642 1735 685 1801 ad
710 1738 785 1801 iura
811 1735 990 1802 bursalium
1010 1735 1092 1802 inibi
1113 1737 1239 1800 ratione
1261 1737 1400 1800 stantiae
1422 1735 1583 1816 astrictis,
1618 1747 1777 1822 quatenus

350 1837 490 1902 dominis
512 1835 762 1902 conventoribus
784 1836 928 1901 eiusdem
951 1834 1147 1923 paedagogii
1171 1857 1230 1921 pro
1252 1832 1384 1899 sallario
1408 1855 1480 1916 suo,
1504 1832 1710 1900 scholasticis
1731 1834 1777 1900 la-

348 1933 485 2000 boribus
507 1934 681 2016 deservito,
702 1936 788 2000 infra
808 1945 874 2000 tres
890 1936 970 2016 dies,
993 1957 1014 1999 a
1029 1933 1114 1998 datis
1136 1932 1363 2020 praesentibus
1375 1932 1623 2019 computandos,
1644 1932 1777 2000 realiter

312 2045 341 2102 to
353 2045 386 2099 et
405 2056 478 2100 cum
501 2035 616 2100 effectu
637 2035 848 2100 satisfaciant
890 2031 959 2100 Sub
982 2055 1088 2120 poena
1112 2043 1249 2119 quatuor
1268 2053 1458 2118 grossorum
1478 2041 1539 2098 etc.
1570 2032 1696 2098 Datum
1718 2043 1778 2100 etc.

434 2273 500 2336 107.
533 2283 635 2334 coru
654 2284 881 2334 mannassen
899 2282 1215 2332 eaonoromanrun
1236 2281 1401 2330 suasano
1424 2281 1699 2346 uurvsasrrsms,

613 2383 774 2434 sanorum
793 2381 949 2430 mcosuu
968 2382 1127 2430 vrssrsas
1148 2381 1318 2446 vanuum,
1341 2381 1520 2429 narseus.

434 2500 606 2566 Universis
633 2509 665 2562 et
692 2498 828 2585 singulis
858 2507 989 2562 sanctae
1010 2498 1124 2564 matris
1146 2497 1303 2562 ecclesiae
1321 2495 1411 2578 filiis,
1440 2505 1629 2584 praesentes
1651 2496 1778 2584 litteras

350 2601 493 2680 lecturis,
516 2600 635 2664 visuris
657 2597 710 2662 vel
737 2596 914 2678 auditiuis,
942 2619 1001 2660 nos
1024 2595 1070 2660 ‚tt
1092 2607 1151 2661 etc.
1173 2605 1279 2662 rector
1301 2605 1432 2684 totaque
1454 2593 1540 2683 [51¹]
1564 2597 1777 2661 communitas

309 2701 581 2786 20magistrorum
614 2699 648 2760 in
680 2695 769 2760 dicta
800 2695 1012 2760 universitate
1041 2703 1117 2759 actu
1144 2697 1325 2780 regentium
1350 2693 1485 2760 salutem
1508 2705 1540 2760 et
1560 2696 1723 2760 sinceram
1745 2697 1777 2760 in

352 2799 483 2864 domino
511 2796 712 2861 charitatem.
755 2794 836 2861 Cum
869 2795 952 2858 inter
979 2795 1106 2858 viarum
1135 2793 1323 2860 discrimina
1344 2793 1585 2859 ambulantibus
1607 2816 1666 2858 seu
1688 2817 1777 2881 pere

351 2895 557 2985 grinantibus
580 2916 812 2981 saepenumero
834 2894 919 2957 varii
940 2892 1091 2958 accidant
1114 2915 1224 2976 casus,
1258 2903 1294 2958 ut
1321 2896 1418 2958 etiam
1441 2894 1518 2960 boni
1541 2895 1703 2981 propositi
1724 2892 1777 2958 ho·

351 2999 455 3062 mines
486 2997 521 3060 in
540 2997 657 3059 itinere
679 2994 952 3080 peregrinationis
975 3013 1053 3056 suae
1075 2994 1240 3059 constituti
1261 3015 1282 3058 a
1301 2992 1468 3058 vilissimis
1489 2992 1653 3058 interdum
1677 2993 1777 3058 homi·

351 3097 448 3162 nibus
455 3145 464 3176 ,
487 3093 575 3182 quod
594 3094 740 3179 graviter
764 3090 932 3166 terendum
953 3101 1019 3174 est,
1045 3089 1183 3174 damna,
1210 3093 1362 3174 iniurias,
1395 3091 1628 3178 impedimenta
1650 3101 1684 3158 et
1704 3115 1776 3158 con·

310 3193 501 3260 25tumelias
534 3195 603 3258 sine
635 3215 735 3258 causa
766 3190 818 3256 vel
847 3190 1010 3256 demeritis
1031 3192 1196 3277 perferant
1218 3201 1249 3256 et
1270 3191 1415 3278 perferre
1436 3202 1610 3277 cogantur,
1643 3203 1681 3258 ut
1703 3216 1778 3279 ergo

351 3318 426 3377 nos,
452 3295 643 3380 inquantum
665 3291 761 3357 nobis
782 3291 909 3356 ratione
932 3291 1030 3355 officii
1050 3293 1153 3355 nostri
1173 3290 1345 3373 incumbit,
1372 3292 1407 3354 in
1427 3290 1489 3355 hac
1511 3301 1605 3377 parte
1627 3314 1777 3378 praesen·

351 3396 431 3460 tium
453 3393 589 3460 latorem
612 3392 671 3473 .N.,
694 3389 801 3455 dictae
822 3401 954 3456 nostrae
975 3391 1197 3456 universitatis
1220 3389 1381 3454 bedellum
1403 3399 1434 3454 et
1455 3389 1611 3456 famulum
1626 3391 1777 3474 iuratum,

352 3495 599 3559 conversatione
625 3492 797 3555 honestum
818 3491 968 3574 famaque
989 3489 1295 3571 commendabilem,
1327 3490 1382 3576 qui
1408 3499 1521 3554 votum
1550 3513 1660 3574 suum,
1696 3491 1778 3580 quod

352 3593 392 3658 de
413 3591 577 3657 visitando
599 3599 710 3654 sancto
735 3588 787 3652 dei
810 3589 958 3674 apostolo
979 3589 1098 3654 Iacobo
1118 3591 1153 3653 in
1175 3589 1395 3676 Compostella
1415 3588 1594 3674 quondam,
1629 3599 1667 3654 ut
1693 3613 1776 3656 asse

309 3694 428 3776 corut,
448 3690 581 3772 lecerat,
598 3687 778 3775 adimplere
799 3709 838 3752 ac
860 3687 1046 3774 persolvere
1068 3689 1211 3776 cupiens,
1229 3691 1291 3753 iter
1311 3688 1376 3752 iam
1400 3689 1545 3775 arripere
1566 3687 1716 3772 intendit,
1739 3689 1777 3756 ab

351 3793 438 3856 omni
452 3791 581 3870 iniuria,
594 3787 828 3875 inquietatione
840 3796 871 3851 et
882 3785 1103 3852 molestatione
1116 3785 1326 3852 defendamus
1339 3785 1641 3876 defendendamque
1652 3789 1696 3854 ab
1709 3790 1777 3870 hiis,

353 3889 395 3954 ad
410 3910 490 3974 quos
507 3887 684 3967 diverterit,
706 3907 963 3971 promoveamus,
985 3909 1057 3952 eum
1077 3888 1185 3974 ipsum
1200 3889 1287 3954 omni
1309 3909 1371 3974 quo
1389 3909 1560 3974 possumus
1581 3909 1778 3954 recommen-

353 3989 468 4053 damus
485 3987 612 4068 affectu,
633 3987 667 4049 in
682 3982 813 4049 domino
828 3987 1029 4071 requirentes
1047 4009 1086 4051 ac
1101 3989 1269 4053 sinceriter
1282 3996 1435 4072 rogantes
1451 4008 1561 4050 omnes
1577 3995 1609 4051 et
1625 3987 1778 4076 singulos,

354 4087 397 4152 ad
411 4108 492 4174 quos
515 4083 652 4150 eundem
675 4085 724 4148 .N.
750 4105 827 4148 casu
848 4083 900 4148 vel
921 4088 1091 4174 proposito
1112 4084 1266 4151 devenire
1289 4087 1471 4172 eontigerit,
1493 4095 1654 4173 quatenns
1678 4087 1777 4154 eidem

310 4185 628 4266 35benevolentiam,
657 4182 833 4264 auxilium,
863 4186 1116 4269 promotionem,
1138 4180 1222 4272 [51²²]
1245 4185 1391 4251 favorem
1411 4194 1444 4249 et
1465 4187 1702 4271 protectionem
1724 4189 1777 4252 im·

353 4285 498 4374 pendant
531 4294 586 4349 aut
614 4282 761 4370 impendi
796 4295 986 4370 procurent,
1016 4305 1142 4348 necnon
1164 4283 1371 4349 elemosinam
1391 4307 1452 4372 pro
1474 4285 1563 4349 vitae
1585 4288 1777 4352 necessariis

352 4383 526 4464 habendis,
549 4383 631 4447 siin
652 4381 714 4446 hoc
736 4383 1008 4468 peregrinationis
1033 4405 1111 4448 suae
1132 4384 1248 4447 itinere
1270 4385 1404 4469 eguerit,
1427 4383 1535 4449 dictae
1555 4395 1690 4450 noemae
1712 4388 1777 4450 uni-

353 4483 518 4548 versitatis
548 4484 666 4546 intuitu
697 4481 831 4568 elargiri
866 4482 1058 4568 dignentur,
1092 4504 1156 4546 non
1186 4484 1409 4569 permittentes
1437 4485 1545 4570 ipsum
1575 4485 1610 4548 in
1630 4507 1777 4572 persona,

352 4581 452 4647 rebus
473 4603 530 4646 seu
551 4582 719 4667 proposito
743 4603 801 4647 suo
824 4593 936 4647 sancto
958 4582 1074 4666 quovis
1098 4579 1193 4645 modo
1216 4580 1434 4666 damnificari,
1464 4585 1658 4670 inquietari,
1681 4585 1776 4672 impe

311 4681 419 4746 odiri
451 4679 503 4744 vel
535 4679 717 4762 molestari,
751 4681 933 4766 praemium
953 4703 1014 4767 pro
1036 4680 1099 4746 hiis
1120 4679 1162 4744 ab
1184 4679 1342 4746 altissimo
1363 4683 1543 4768 recepturi,
1577 4685 1635 4770 qui
1657 4683 1778 4748 nullum

351 4780 472 4845 bonum
504 4781 775 4843 irremuneratum
807 4779 991 4866 nullumque
1021 4776 1140 4842 malum
1170 4780 1365 4866 impunitum
1393 4780 1525 4845 dimittit
1552 4792 1586 4846 et
1609 4782 1776 4847 beneficio-

353 4901 425 4942 rum
449 4879 517 4942 suis
537 4879 760 4964 impensorum
781 4876 984 4962 largissimus
1005 4875 1182 4942 retributor
1203 4879 1330 4960 existit,
1360 4878 1543 4965 obligantes
1565 4882 1702 4968 insuper
1721 4903 1777 4946 nos

353 4975 536 5042 aedictum
558 4985 702 5040 nostram
725 4977 970 5041 universitatem
992 4975 1035 5040 ad
1056 4975 1251 5060 consimilia,
1286 4979 1385 5042 immo
1420 4979 1546 5044 maiora
1579 4979 1777 5066 complacen-

354 5077 474 5139 tiarum
495 5097 626 5162 genera.
669 5076 708 5141 In
728 5095 866 5160 quorum
888 5077 1029 5140 omnium
1051 5084 1084 5139 et
1104 5073 1306 5162 singidorum
1328 5087 1388 5142 etc.
