<?xml version="1.0" encoding="UTF-8"?>
<!DOCTYPE html PUBLIC "-//W3C//DTD XHTML 1.0 Transitional//EN"
    "http://www.w3.org/TR/xhtml1/DTD/xhtml1-transitional.dtd">
<html xmlns="http://www.w3.org/1999/xhtml" xml:lang="en" lang="en">
 <head>
  <title>
</title>
<meta http-equiv="Content-Type" content="text/html;charset=utf-8" />
  <meta name='ocr-system' content='tesseract 3.04.00' />
  <meta name='ocr-capabilities' content='ocr_page ocr_carea ocr_par ocr_line ocrx_word'/>
</head>
<body>
  <div class='ocr_page' id='page_1' title='image "./diestatutenbche00leipgoog_0401.png"; bbox 0 0 3758 6072; ppageno 0'>
   <div class='ocr_carea' id='block_1_1' title="bbox 337 447 1264 536">
    <p class='ocr_par' dir='ltr' id='par_1_1' title="bbox 337 447 1264 536">
     <span class='ocr_line' id='line_1_1' title="bbox 337 447 1264 536; baseline -0.001 -17"><span class='ocrx_word' id='word_1_1' title='bbox 337 469 397 536; x_wconf 80' lang='lat'>380</span> <span class='ocrx_word' id='word_1_2' title='bbox 824 467 877 520; x_wconf 75' lang='lat' dir='ltr'>oa</span> <span class='ocrx_word' id='word_1_3' title='bbox 900 467 1119 532; x_wconf 68' lang='lat' dir='ltr'>praeoptasse</span> <span class='ocrx_word' id='word_1_4' title='bbox 1135 447 1264 518; x_wconf 65' lang='lat' dir='ltr'>reuss</span> 
     </span>
    </p>
   </div>
   <div class='ocr_carea' id='block_1_2' title="bbox 293 641 1757 1336">
    <p class='ocr_par' dir='ltr' id='par_1_2' title="bbox 293 641 1757 1336">
     <span class='ocr_line' id='line_1_2' title="bbox 356 641 1757 737; baseline -0.007 -21"><span class='ocrx_word' id='word_1_5' title='bbox 356 649 397 716; x_wconf 85' lang='grc'>50</span> <span class='ocrx_word' id='word_1_6' title='bbox 419 670 529 714; x_wconf 91' lang='lat' dir='ltr'>omnes</span> <span class='ocrx_word' id='word_1_7' title='bbox 543 650 715 736; x_wconf 86' lang='lat' dir='ltr'>magistros</span> <span class='ocrx_word' id='word_1_8' title='bbox 731 652 963 717; x_wconf 86' lang='lat' dir='ltr'>concamencia</span> <span class='ocrx_word' id='word_1_9' title='bbox 983 646 1188 737; x_wconf 77' lang='lat' dir='ltr'>generaliter,</span> <span class='ocrx_word' id='word_1_10' title='bbox 1209 655 1242 712; x_wconf 89' lang='lat' dir='ltr'>et</span> <span class='ocrx_word' id='word_1_11' title='bbox 1261 644 1327 732; x_wconf 88' lang='lat' dir='ltr'>legi</span> <span class='ocrx_word' id='word_1_12' title='bbox 1348 641 1468 710; x_wconf 90' lang='lat' dir='ltr'>debent</span> <span class='ocrx_word' id='word_1_13' title='bbox 1480 649 1628 728; x_wconf 85' lang='lat' dir='ltr'>tempore</span> <span class='ocrx_word' id='word_1_14' title='bbox 1645 660 1757 727; x_wconf 84' lang='lat' dir='ltr'>recep·</span> 
     </span>
     <span class='ocr_line' id='line_1_3' title="bbox 416 748 1292 838; baseline -0.006 -23"><span class='ocrx_word' id='word_1_15' title='bbox 416 749 513 815; x_wconf 88' lang='lat' dir='ltr'>tionis</span> <span class='ocrx_word' id='word_1_16' title='bbox 539 749 696 815; x_wconf 88' lang='lat' dir='ltr'>ordinarii</span> <span class='ocrx_word' id='word_1_17' title='bbox 718 771 776 838; x_wconf 90' lang='lat' dir='ltr'>per</span> <span class='ocrx_word' id='word_1_18' title='bbox 797 751 965 834; x_wconf 89' lang='lat' dir='ltr'>decanum,</span> <span class='ocrx_word' id='word_1_19' title='bbox 986 748 1063 815; x_wconf 91' lang='lat' dir='ltr'>folio</span> <span class='ocrx_word' id='word_1_20' title='bbox 1083 749 1194 834; x_wconf 92' lang='lat' dir='ltr'>quinto</span> <span class='ocrx_word' id='word_1_21' title='bbox 1216 751 1292 824; x_wconf 77' lang='lat'><strong>(7⁸).</strong></span> 
     </span>
     <span class='ocr_line' id='line_1_4' title="bbox 356 839 1756 940; baseline -0.009 -22"><span class='ocrx_word' id='word_1_22' title='bbox 356 851 398 918; x_wconf 83' lang='lat'>6⁰</span> <span class='ocrx_word' id='word_1_23' title='bbox 418 849 657 936; x_wconf 72' lang='lat' dir='ltr'>magistrandos</span> <span class='ocrx_word' id='word_1_24' title='bbox 679 853 854 937; x_wconf 78' lang='lat' dir='ltr'><strong>tangentia,</strong></span> <span class='ocrx_word' id='word_1_25' title='bbox 874 873 958 940; x_wconf 90' lang='lat' dir='ltr'>quae</span> <span class='ocrx_word' id='word_1_26' title='bbox 979 848 1098 915; x_wconf 90' lang='lat' dir='ltr'>debent</span> <span class='ocrx_word' id='word_1_27' title='bbox 1116 846 1183 933; x_wconf 87' lang='lat' dir='ltr'>legi</span> <span class='ocrx_word' id='word_1_28' title='bbox 1202 867 1262 932; x_wconf 87' lang='lat' dir='ltr'>per</span> <span class='ocrx_word' id='word_1_29' title='bbox 1283 844 1441 910; x_wconf 89' lang='lat' dir='ltr'>decanum</span> <span class='ocrx_word' id='word_1_30' title='bbox 1462 851 1608 930; x_wconf 89' lang='lat' dir='ltr'>tempore</span> <span class='ocrx_word' id='word_1_31' title='bbox 1626 839 1756 927; x_wconf 89' lang='lat' dir='ltr'>dispen-</span> 
     </span>
     <span class='ocr_line' id='line_1_5' title="bbox 417 945 1395 1038; baseline -0.006 -23"><span class='ocrx_word' id='word_1_32' title='bbox 417 951 557 1015; x_wconf 89' lang='lat' dir='ltr'>sacionis</span> <span class='ocrx_word' id='word_1_33' title='bbox 579 958 611 1014; x_wconf 90' lang='lat' dir='ltr'>et</span> <span class='ocrx_word' id='word_1_34' title='bbox 631 949 781 1016; x_wconf 81' lang='lat' dir='ltr'>introitus</span> <span class='ocrx_word' id='word_1_35' title='bbox 803 950 846 1016; x_wconf 86' lang='lat' dir='ltr'>ad</span> <span class='ocrx_word' id='word_1_36' title='bbox 867 959 1073 1038; x_wconf 85' lang='lat' dir='ltr'>temptamen,</span> <span class='ocrx_word' id='word_1_37' title='bbox 1092 945 1169 1013; x_wconf 87' lang='lat' dir='ltr'>folio</span> <span class='ocrx_word' id='word_1_38' title='bbox 1189 968 1276 1012; x_wconf 91' lang='lat' dir='ltr'>nono</span> <span class='ocrx_word' id='word_1_39' title='bbox 1295 949 1395 1026; x_wconf 79' lang='lat'>(11⁸).</span> 
     </span>
     <span class='ocr_line' id='line_1_6' title="bbox 293 1040 1756 1140; baseline -0.006 -27"><span class='ocrx_word' id='word_1_40' title='bbox 293 1057 310 1113; x_wconf 76' lang='lat'><strong>5</strong></span> <span class='ocrx_word' id='word_1_41' title='bbox 357 1049 399 1114; x_wconf 86' lang='grc'>70</span> <span class='ocrx_word' id='word_1_42' title='bbox 421 1048 621 1114; x_wconf 86' lang='lat' dir='ltr'>baccalarios</span> <span class='ocrx_word' id='word_1_43' title='bbox 642 1051 880 1135; x_wconf 72' lang='lat' dir='ltr'>concernentia,</span> <span class='ocrx_word' id='word_1_44' title='bbox 902 1072 985 1140; x_wconf 89' lang='lat' dir='ltr'>quae</span> <span class='ocrx_word' id='word_1_45' title='bbox 1007 1058 1081 1116; x_wconf 86' lang='lat' dir='ltr'>suut</span> <span class='ocrx_word' id='word_1_46' title='bbox 1102 1048 1149 1113; x_wconf 89' lang='lat' dir='ltr'>eis</span> <span class='ocrx_word' id='word_1_47' title='bbox 1168 1044 1307 1134; x_wconf 88' lang='lat' dir='ltr'>legenda</span> <span class='ocrx_word' id='word_1_48' title='bbox 1329 1053 1475 1132; x_wconf 89' lang='lat' dir='ltr'>tempore</span> <span class='ocrx_word' id='word_1_49' title='bbox 1499 1040 1756 1129; x_wconf 89' lang='lat' dir='ltr'>dispensacionis</span> 
     </span>
     <span class='ocr_line' id='line_1_7' title="bbox 417 1146 1201 1235; baseline 0 -23"><span class='ocrx_word' id='word_1_50' title='bbox 417 1146 578 1213; x_wconf 77' lang='lat' dir='ltr'><strong>facultatis</strong></span> <span class='ocrx_word' id='word_1_51' title='bbox 601 1170 673 1213; x_wconf 91' lang='lat' dir='ltr'>cum</span> <span class='ocrx_word' id='word_1_52' title='bbox 695 1148 769 1214; x_wconf 91' lang='lat' dir='ltr'>aliis</span> <span class='ocrx_word' id='word_1_53' title='bbox 788 1149 905 1235; x_wconf 89' lang='lat' dir='ltr'>tribus,</span> <span class='ocrx_word' id='word_1_54' title='bbox 924 1149 1001 1216; x_wconf 89' lang='lat' dir='ltr'>folio</span> <span class='ocrx_word' id='word_1_55' title='bbox 1024 1154 1061 1216; x_wconf 85' lang='lat'>13</span> <span class='ocrx_word' id='word_1_56' title='bbox 1083 1148 1201 1226; x_wconf 73' lang='lat' dir='ltr'>(lob).¹</span> 
     </span>
     <span class='ocr_line' id='line_1_8' title="bbox 355 1239 1756 1336; baseline -0.004 -25"><span class='ocrx_word' id='word_1_57' title='bbox 355 1246 397 1312; x_wconf 85' lang='grc'>80</span> <span class='ocrx_word' id='word_1_58' title='bbox 417 1246 685 1314; x_wconf 85' lang='lat' dir='ltr'>boccalariandos</span> <span class='ocrx_word' id='word_1_59' title='bbox 705 1251 879 1336; x_wconf 78' lang='lat' dir='ltr'>tangentia</span> <span class='ocrx_word' id='word_1_60' title='bbox 908 1249 1026 1316; x_wconf 89' lang='lat' dir='ltr'>debent</span> <span class='ocrx_word' id='word_1_61' title='bbox 1052 1245 1117 1334; x_wconf 90' lang='lat' dir='ltr'>legi</span> <span class='ocrx_word' id='word_1_62' title='bbox 1145 1267 1205 1334; x_wconf 86' lang='lat' dir='ltr'>per</span> <span class='ocrx_word' id='word_1_63' title='bbox 1227 1243 1386 1310; x_wconf 85' lang='lat' dir='ltr'>decanum</span> <span class='ocrx_word' id='word_1_64' title='bbox 1412 1251 1559 1330; x_wconf 88' lang='lat' dir='ltr'>tempore</span> <span class='ocrx_word' id='word_1_65' title='bbox 1588 1239 1756 1327; x_wconf 89' lang='lat' dir='ltr'>dispensa·</span> 
     </span>
    </p>
   </div>
   <div class='ocr_carea' id='block_1_3' title="bbox 288 1348 1759 2333">
    <p class='ocr_par' dir='ltr' id='par_1_3' title="bbox 353 1348 1758 1539">
     <span class='ocr_line' id='line_1_9' title="bbox 418 1348 1074 1438; baseline 0.002 -27"><span class='ocrx_word' id='word_1_66' title='bbox 418 1348 520 1412; x_wconf 87' lang='lat' dir='ltr'>cionis</span> <span class='ocrx_word' id='word_1_67' title='bbox 543 1359 575 1412; x_wconf 90' lang='lat' dir='ltr'>et</span> <span class='ocrx_word' id='word_1_68' title='bbox 593 1349 831 1436; x_wconf 77' lang='lat' dir='ltr'>conspectionis</span> <span class='ocrx_word' id='word_1_69' title='bbox 851 1369 1074 1438; x_wconf 88' lang='lat' dir='ltr'>personarum.</span> 
     </span>
     <span class='ocr_line' id='line_1_10' title="bbox 353 1442 1758 1539; baseline -0.007 -27"><span class='ocrx_word' id='word_1_70' title='bbox 353 1450 395 1512; x_wconf 88' lang='grc'>90</span> <span class='ocrx_word' id='word_1_71' title='bbox 416 1457 577 1534; x_wconf 88' lang='lat' dir='ltr'>ponuntur</span> <span class='ocrx_word' id='word_1_72' title='bbox 609 1448 737 1535; x_wconf 88' lang='lat' dir='ltr'>aliquae</span> <span class='ocrx_word' id='word_1_73' title='bbox 763 1458 901 1533; x_wconf 83' lang='lat' dir='ltr'>statuta,</span> <span class='ocrx_word' id='word_1_74' title='bbox 930 1469 1013 1539; x_wconf 88' lang='lat' dir='ltr'>quae</span> <span class='ocrx_word' id='word_1_75' title='bbox 1040 1467 1179 1512; x_wconf 86' lang='lat' dir='ltr'>examen</span> <span class='ocrx_word' id='word_1_76' title='bbox 1207 1465 1334 1510; x_wconf 91' lang='lat' dir='ltr'>morum</span> <span class='ocrx_word' id='word_1_77' title='bbox 1358 1442 1545 1530; x_wconf 87' lang='lat' dir='ltr'>respiciunt,</span> <span class='ocrx_word' id='word_1_78' title='bbox 1575 1459 1659 1527; x_wconf 88' lang='lat' dir='ltr'>quae</span> <span class='ocrx_word' id='word_1_79' title='bbox 1680 1447 1758 1503; x_wconf 89' lang='lat' dir='ltr'>tunc</span> 
     </span>
    </p>

    <p class='ocr_par' dir='ltr' id='par_1_4' title="bbox 294 1541 1759 2009">
     <span class='ocr_line' id='line_1_11' title="bbox 294 1541 1758 1634; baseline -0.006 -23"><span class='ocrx_word' id='word_1_80' title='bbox 294 1556 326 1612; x_wconf 80' lang='lat'>¹⁰</span> <span class='ocrx_word' id='word_1_81' title='bbox 416 1547 519 1612; x_wconf 88' lang='lat' dir='ltr'>eciam</span> <span class='ocrx_word' id='word_1_82' title='bbox 550 1569 608 1633; x_wconf 92' lang='lat' dir='ltr'>per</span> <span class='ocrx_word' id='word_1_83' title='bbox 637 1545 794 1614; x_wconf 86' lang='lat' dir='ltr'>decanum</span> <span class='ocrx_word' id='word_1_84' title='bbox 822 1559 897 1615; x_wconf 91' lang='lat' dir='ltr'>sunt</span> <span class='ocrx_word' id='word_1_85' title='bbox 922 1544 1070 1634; x_wconf 90' lang='lat' dir='ltr'>legenda.</span> <span class='ocrx_word' id='word_1_86' title='bbox 1113 1543 1240 1611; x_wconf 77' lang='lat' dir='ltr'>ibidem</span> <span class='ocrx_word' id='word_1_87' title='bbox 1268 1542 1428 1608; x_wconf 88' lang='lat' dir='ltr'>habentur</span> <span class='ocrx_word' id='word_1_88' title='bbox 1455 1541 1559 1605; x_wconf 88' lang='lat' dir='ltr'>eciam</span> <span class='ocrx_word' id='word_1_89' title='bbox 1588 1561 1645 1622; x_wconf 89' lang='lat' dir='ltr'>ea,</span> <span class='ocrx_word' id='word_1_90' title='bbox 1675 1559 1758 1625; x_wconf 90' lang='lat' dir='ltr'>quae</span> 
     </span>
     <span class='ocr_line' id='line_1_12' title="bbox 414 1636 1759 1735; baseline -0.007 -25"><span class='ocrx_word' id='word_1_91' title='bbox 414 1644 552 1731; x_wconf 90' lang='lat' dir='ltr'>legenda</span> <span class='ocrx_word' id='word_1_92' title='bbox 575 1655 649 1712; x_wconf 91' lang='lat' dir='ltr'>sunt</span> <span class='ocrx_word' id='word_1_93' title='bbox 669 1645 820 1712; x_wconf 87' lang='lat' dir='ltr'>admissis</span> <span class='ocrx_word' id='word_1_94' title='bbox 847 1657 920 1735; x_wconf 91' lang='lat' dir='ltr'>post</span> <span class='ocrx_word' id='word_1_95' title='bbox 941 1667 1079 1713; x_wconf 85' lang='lat' dir='ltr'>examen</span> <span class='ocrx_word' id='word_1_96' title='bbox 1098 1653 1243 1732; x_wconf 88' lang='lat' dir='ltr'>tempore</span> <span class='ocrx_word' id='word_1_97' title='bbox 1270 1640 1546 1729; x_wconf 87' lang='lat' dir='ltr'>praesentacionis</span> <span class='ocrx_word' id='word_1_98' title='bbox 1573 1647 1607 1704; x_wconf 91' lang='lat' dir='ltr'>et</span> <span class='ocrx_word' id='word_1_99' title='bbox 1632 1636 1759 1702; x_wconf 84' lang='lat' dir='ltr'>favoris</span> 
     </span>
     <span class='ocr_line' id='line_1_13' title="bbox 412 1739 1758 1834; baseline -0.006 -26"><span class='ocrx_word' id='word_1_100' title='bbox 412 1742 600 1831; x_wconf 88' lang='lat' dir='ltr'>incipiendi.</span> <span class='ocrx_word' id='word_1_101' title='bbox 641 1745 721 1811; x_wconf 90' lang='lat' dir='ltr'>Post</span> <span class='ocrx_word' id='word_1_102' title='bbox 750 1746 812 1812; x_wconf 92' lang='lat' dir='ltr'>hoc</span> <span class='ocrx_word' id='word_1_103' title='bbox 834 1756 997 1834; x_wconf 90' lang='lat' dir='ltr'>ponuntur</span> <span class='ocrx_word' id='word_1_104' title='bbox 1026 1753 1148 1810; x_wconf 86' lang='lat' dir='ltr'>statuta</span> <span class='ocrx_word' id='word_1_105' title='bbox 1172 1740 1342 1829; x_wconf 88' lang='lat' dir='ltr'>quaedam,</span> <span class='ocrx_word' id='word_1_106' title='bbox 1368 1762 1452 1828; x_wconf 90' lang='lat' dir='ltr'>quae</span> <span class='ocrx_word' id='word_1_107' title='bbox 1473 1739 1656 1828; x_wconf 89' lang='lat' dir='ltr'>respiciunt</span> <span class='ocrx_word' id='word_1_108' title='bbox 1676 1757 1758 1824; x_wconf 88' lang='lat' dir='ltr'>pau-</span> 
     </span>
     <span class='ocr_line' id='line_1_14' title="bbox 413 1835 1759 1932; baseline -0.004 -24"><span class='ocrx_word' id='word_1_109' title='bbox 413 1865 518 1931; x_wconf 88' lang='lat' dir='ltr'>peres,</span> <span class='ocrx_word' id='word_1_110' title='bbox 539 1843 682 1910; x_wconf 89' lang='lat' dir='ltr'>volentes</span> <span class='ocrx_word' id='word_1_111' title='bbox 715 1855 826 1932; x_wconf 87' lang='lat' dir='ltr'>petere</span> <span class='ocrx_word' id='word_1_112' title='bbox 860 1845 1089 1928; x_wconf 78' lang='lat' dir='ltr'>dimissionem,</span> <span class='ocrx_word' id='word_1_113' title='bbox 1120 1851 1152 1908; x_wconf 91' lang='lat' dir='ltr'>et</span> <span class='ocrx_word' id='word_1_114' title='bbox 1184 1843 1288 1908; x_wconf 88' lang='lat' dir='ltr'>eciam</span> <span class='ocrx_word' id='word_1_115' title='bbox 1316 1839 1405 1925; x_wconf 90' lang='lat' dir='ltr'>illos,</span> <span class='ocrx_word' id='word_1_116' title='bbox 1435 1841 1492 1926; x_wconf 90' lang='lat' dir='ltr'>qui</span> <span class='ocrx_word' id='word_1_117' title='bbox 1528 1847 1643 1927; x_wconf 88' lang='lat' dir='ltr'>petunt</span> <span class='ocrx_word' id='word_1_118' title='bbox 1674 1835 1759 1902; x_wconf 86' lang='lat' dir='ltr'>dila-</span> 
     </span>
     <span class='ocr_line' id='line_1_15' title="bbox 413 1943 568 2009; baseline 0.006 -1"><span class='ocrx_word' id='word_1_119' title='bbox 413 1943 568 2009; x_wconf 81' lang='lat' dir='ltr'>cionem²</span> 
     </span>
    </p>

    <p class='ocr_par' dir='ltr' id='par_1_5' title="bbox 288 2039 1758 2333">
     <span class='ocr_line' id='line_1_16' title="bbox 288 2039 1757 2134; baseline -0.007 -25"><span class='ocrx_word' id='word_1_120' title='bbox 288 2053 318 2110; x_wconf 84' lang='grc'>15</span> <span class='ocrx_word' id='word_1_121' title='bbox 370 2043 506 2109; x_wconf 89' lang='lat' dir='ltr'>Decimo</span> <span class='ocrx_word' id='word_1_122' title='bbox 539 2042 699 2108; x_wconf 83' lang='lat' dir='ltr'>habentur</span> <span class='ocrx_word' id='word_1_123' title='bbox 735 2053 872 2128; x_wconf 88' lang='lat' dir='ltr'>statuta,</span> <span class='ocrx_word' id='word_1_124' title='bbox 910 2067 993 2134; x_wconf 88' lang='lat' dir='ltr'>quae</span> <span class='ocrx_word' id='word_1_125' title='bbox 1022 2067 1133 2112; x_wconf 87' lang='lat' dir='ltr'>omnes</span> <span class='ocrx_word' id='word_1_126' title='bbox 1165 2039 1404 2132; x_wconf 83' lang='lat' dir='ltr'>promovendos</span> <span class='ocrx_word' id='word_1_127' title='bbox 1427 2045 1642 2120; x_wconf 85' lang='lat' dir='ltr'>concernunt,</span> <span class='ocrx_word' id='word_1_128' title='bbox 1673 2057 1757 2125; x_wconf 88' lang='lat' dir='ltr'>quae</span> 
     </span>
     <span class='ocr_line' id='line_1_17' title="bbox 412 2133 1758 2231; baseline -0.005 -24"><span class='ocrx_word' id='word_1_129' title='bbox 412 2141 531 2208; x_wconf 89' lang='lat' dir='ltr'>debent</span> <span class='ocrx_word' id='word_1_130' title='bbox 558 2141 624 2229; x_wconf 90' lang='lat' dir='ltr'>legi</span> <span class='ocrx_word' id='word_1_131' title='bbox 649 2141 700 2208; x_wconf 89' lang='lat' dir='ltr'>bis</span> <span class='ocrx_word' id='word_1_132' title='bbox 727 2166 787 2231; x_wconf 90' lang='lat' dir='ltr'>per</span> <span class='ocrx_word' id='word_1_133' title='bbox 816 2145 994 2230; x_wconf 88' lang='lat' dir='ltr'>quemlibet</span> <span class='ocrx_word' id='word_1_134' title='bbox 1021 2144 1181 2211; x_wconf 89' lang='lat' dir='ltr'>decanum</span> <span class='ocrx_word' id='word_1_135' title='bbox 1207 2140 1357 2210; x_wconf 90' lang='lat' dir='ltr'>omnibus</span> <span class='ocrx_word' id='word_1_136' title='bbox 1388 2137 1565 2228; x_wconf 83' lang='lat' dir='ltr'>suppositis</span> <span class='ocrx_word' id='word_1_137' title='bbox 1593 2133 1758 2202; x_wconf 73' lang='lat' dir='ltr'>facultatis</span> 
     </span>
     <span class='ocr_line' id='line_1_18' title="bbox 413 2241 1038 2333; baseline 0.006 -24"><span class='ocrx_word' id='word_1_138' title='bbox 413 2243 539 2309; x_wconf 89' lang='lat' dir='ltr'>arcium</span> <span class='ocrx_word' id='word_1_139' title='bbox 560 2241 689 2330; x_wconf 90' lang='lat' dir='ltr'>publice</span> <span class='ocrx_word' id='word_1_140' title='bbox 711 2243 745 2308; x_wconf 91' lang='lat' dir='ltr'>in</span> <span class='ocrx_word' id='word_1_141' title='bbox 767 2243 901 2310; x_wconf 89' lang='lat' dir='ltr'>lectorio</span> <span class='ocrx_word' id='word_1_142' title='bbox 923 2241 1038 2333; x_wconf 79' lang='grc'>(170).0</span> 
     </span>
    </p>
   </div>
   <div class='ocr_carea' id='block_1_4' title="bbox 476 2455 1603 2550">
    <p class='ocr_par' dir='ltr' id='par_1_6' title="bbox 476 2455 1603 2550">
     <span class='ocr_line' id='line_1_19' title="bbox 476 2455 1603 2550; baseline -0.005 -25"><span class='ocrx_word' id='word_1_143' title='bbox 476 2459 501 2525; x_wconf 93' lang='grc' dir='ltr'>Ι.</span> <span class='ocrx_word' id='word_1_144' title='bbox 527 2455 589 2548; x_wconf 88' lang='lat' dir='ltr'>[Bl.</span> <span class='ocrx_word' id='word_1_145' title='bbox 608 2456 660 2546; x_wconf 86' lang='grc'>30]</span> <span class='ocrx_word' id='word_1_146' title='bbox 685 2458 853 2527; x_wconf 86' lang='lat' dir='ltr'>Statuta</span> <span class='ocrx_word' id='word_1_147' title='bbox 874 2461 1154 2550; x_wconf 81' lang='lat' dir='ltr'>respicientia</span> <span class='ocrx_word' id='word_1_148' title='bbox 1176 2459 1324 2526; x_wconf 89' lang='lat' dir='ltr'>decani</span> <span class='ocrx_word' id='word_1_149' title='bbox 1351 2455 1603 2523; x_wconf 86' lang='lat' dir='ltr'>electionem.</span> 
     </span>
    </p>
   </div>
   <div class='ocr_carea' id='block_1_5' title="bbox 552 2649 1527 2712">
    <p class='ocr_par' dir='ltr' id='par_1_7' title="bbox 552 2649 1527 2712">
     <span class='ocr_line' id='line_1_20' title="bbox 552 2649 1527 2712; baseline -0.004 -4"><span class='ocrx_word' id='word_1_150' title='bbox 552 2649 578 2708; x_wconf 88' lang='lat'>1.</span> <span class='ocrx_word' id='word_1_151' title='bbox 601 2660 647 2707; x_wconf 84' lang='lat' dir='ltr'>uu</span> <span class='ocrx_word' id='word_1_152' title='bbox 668 2659 777 2711; x_wconf 74' lang='lat' dir='ltr'>saruc</span> <span class='ocrx_word' id='word_1_153' title='bbox 798 2662 845 2710; x_wconf 83' lang='lat' dir='ltr'>ou</span> <span class='ocrx_word' id='word_1_154' title='bbox 866 2663 1030 2712; x_wconf 74' lang='lat' dir='ltr'>canrosa</span> <span class='ocrx_word' id='word_1_155' title='bbox 1053 2661 1260 2712; x_wconf 72' lang='lat' dir='ltr'>nonencors</span> <span class='ocrx_word' id='word_1_156' title='bbox 1281 2659 1366 2712; x_wconf 80' lang='lat' dir='ltr'>u0v1</span> <span class='ocrx_word' id='word_1_157' title='bbox 1386 2656 1527 2707; x_wconf 77' lang='lat' dir='ltr'>oscam.</span> 
     </span>
    </p>
   </div>
   <div class='ocr_carea' id='block_1_6' title="bbox 287 2788 1755 2880">
    <p class='ocr_par' dir='ltr' id='par_1_8' title="bbox 287 2788 1755 2880">
     <span class='ocr_line' id='line_1_21' title="bbox 287 2788 1755 2880; baseline -0.003 -22"><span class='ocrx_word' id='word_1_158' title='bbox 287 2801 321 2858; x_wconf 74' lang='lat'>20</span> <span class='ocrx_word' id='word_1_159' title='bbox 413 2793 524 2858; x_wconf 89' lang='lat' dir='ltr'>Primo</span> <span class='ocrx_word' id='word_1_160' title='bbox 545 2791 707 2875; x_wconf 86' lang='lat' dir='ltr'>statuitur,</span> <span class='ocrx_word' id='word_1_161' title='bbox 728 2792 817 2880; x_wconf 91' lang='lat' dir='ltr'>quod</span> <span class='ocrx_word' id='word_1_162' title='bbox 836 2794 974 2862; x_wconf 90' lang='lat' dir='ltr'>facultas</span> <span class='ocrx_word' id='word_1_163' title='bbox 996 2796 1119 2862; x_wconf 88' lang='lat' dir='ltr'>arcium</span> <span class='ocrx_word' id='word_1_164' title='bbox 1140 2795 1176 2866; x_wconf 88' lang='lat' dir='ltr'>in</span> <span class='ocrx_word' id='word_1_165' title='bbox 1196 2817 1281 2860; x_wconf 88' lang='lat' dir='ltr'>anno</span> <span class='ocrx_word' id='word_1_166' title='bbox 1302 2793 1383 2859; x_wconf 90' lang='lat' dir='ltr'>duos</span> <span class='ocrx_word' id='word_1_167' title='bbox 1404 2788 1502 2856; x_wconf 90' lang='lat' dir='ltr'>debet</span> <span class='ocrx_word' id='word_1_168' title='bbox 1522 2788 1645 2856; x_wconf 90' lang='lat' dir='ltr'>habere</span> <span class='ocrx_word' id='word_1_169' title='bbox 1662 2789 1755 2856; x_wconf 85' lang='lat' dir='ltr'>deca-</span> 
     </span>
    </p>
   </div>
   <div class='ocr_carea' id='block_1_7' title="bbox 328 2888 1754 3062">
    <p class='ocr_par' dir='ltr' id='par_1_9' title="bbox 328 2888 1754 3062">
     <span class='ocr_line' id='line_1_22' title="bbox 328 2888 1754 2992; baseline -0.003 -34"><span class='ocrx_word' id='word_1_170' title='bbox 328 2915 398 2974; x_wconf 90' lang='lat' dir='ltr'>nos,</span> <span class='ocrx_word' id='word_1_171' title='bbox 427 2913 565 2979; x_wconf 89' lang='lat' dir='ltr'>quorum</span> <span class='ocrx_word' id='word_1_172' title='bbox 593 2914 674 2956; x_wconf 89' lang='lat' dir='ltr'>unus</span> <span class='ocrx_word' id='word_1_173' title='bbox 696 2891 773 2980; x_wconf 86' lang='lat' dir='ltr'>eligi</span> <span class='ocrx_word' id='word_1_174' title='bbox 795 2891 892 2959; x_wconf 90' lang='lat' dir='ltr'>debet</span> <span class='ocrx_word' id='word_1_175' title='bbox 918 2894 1056 2961; x_wconf 87' lang='lat' dir='ltr'>sabbato</span> <span class='ocrx_word' id='word_1_176' title='bbox 1079 2903 1155 2960; x_wconf 89' lang='lat' dir='ltr'>ante</span> <span class='ocrx_word' id='word_1_177' title='bbox 1183 2895 1300 2960; x_wconf 91' lang='lat' dir='ltr'>festum</span> <span class='ocrx_word' id='word_1_178' title='bbox 1313 2985 1315 2992; x_wconf 18' lang='lat' dir='ltr'><strong><em>J</em></strong></span> <span class='ocrx_word' id='word_1_179' title='bbox 1330 2891 1475 2978; x_wconf 83' lang='lat' dir='ltr'>Georgii,</span> <span class='ocrx_word' id='word_1_180' title='bbox 1504 2888 1651 2978; x_wconf 87' lang='lat' dir='ltr'>reliquus</span> <span class='ocrx_word' id='word_1_181' title='bbox 1678 2911 1754 2956; x_wconf 86' lang='lat' dir='ltr'>vero</span> 
     </span>
     <span class='ocr_line' id='line_1_23' title="bbox 329 2991 820 3062; baseline 0.01 -6"><span class='ocrx_word' id='word_1_182' title='bbox 329 2991 465 3058; x_wconf 88' lang='lat' dir='ltr'>sabbato</span> <span class='ocrx_word' id='word_1_183' title='bbox 490 3001 564 3057; x_wconf 88' lang='lat' dir='ltr'>ante</span> <span class='ocrx_word' id='word_1_184' title='bbox 584 2991 701 3057; x_wconf 89' lang='lat' dir='ltr'>festum</span> <span class='ocrx_word' id='word_1_185' title='bbox 724 2991 820 3062; x_wconf 87' lang='lat' dir='ltr'>Galli.</span> 
     </span>
    </p>
   </div>
   <div class='ocr_carea' id='block_1_8' title="bbox 712 3157 1361 3236">
    <p class='ocr_par' dir='ltr' id='par_1_10' title="bbox 712 3157 1361 3236">
     <span class='ocr_line' id='line_1_24' title="bbox 712 3157 1361 3236; baseline -0.005 -11"><span class='ocrx_word' id='word_1_186' title='bbox 712 3163 740 3225; x_wconf 80' lang='lat'>2.</span> <span class='ocrx_word' id='word_1_187' title='bbox 770 3175 893 3236; x_wconf 76' lang='lat' dir='ltr'>connis</span> <span class='ocrx_word' id='word_1_188' title='bbox 914 3175 1072 3226; x_wconf 77' lang='lat' dir='ltr'>cursous</span> <span class='ocrx_word' id='word_1_189' title='bbox 1090 3177 1208 3226; x_wconf 83' lang='lat' dir='ltr'>unsar</span> <span class='ocrx_word' id='word_1_190' title='bbox 1229 3157 1361 3224; x_wconf 70' lang='lat' dir='ltr'>auron*</span> 
     </span>
    </p>
   </div>
   <div class='ocr_carea' id='block_1_9' title="bbox 283 3305 1754 4196">
    <p class='ocr_par' dir='ltr' id='par_1_11' title="bbox 283 3305 1754 4196">
     <span class='ocr_line' id='line_1_25' title="bbox 414 3305 1754 3396; baseline -0.004 -21"><span class='ocrx_word' id='word_1_191' title='bbox 414 3310 495 3375; x_wconf 89' lang='lat' dir='ltr'>Item</span> <span class='ocrx_word' id='word_1_192' title='bbox 516 3309 623 3375; x_wconf 90' lang='lat' dir='ltr'>nullus</span> <span class='ocrx_word' id='word_1_193' title='bbox 645 3310 680 3374; x_wconf 93' lang='lat' dir='ltr'>in</span> <span class='ocrx_word' id='word_1_194' title='bbox 701 3306 861 3374; x_wconf 87' lang='lat' dir='ltr'>decanum</span> <span class='ocrx_word' id='word_1_195' title='bbox 886 3309 1050 3376; x_wconf 81' lang='lat' dir='ltr'>facultatis</span> <span class='ocrx_word' id='word_1_196' title='bbox 1072 3311 1196 3377; x_wconf 88' lang='lat' dir='ltr'>arcium</span> <span class='ocrx_word' id='word_1_197' title='bbox 1224 3309 1300 3396; x_wconf 84' lang='lat' dir='ltr'>eligi</span> <span class='ocrx_word' id='word_1_198' title='bbox 1328 3306 1442 3390; x_wconf 91' lang='lat' dir='ltr'>debet,</span> <span class='ocrx_word' id='word_1_199' title='bbox 1473 3307 1538 3372; x_wconf 87' lang='lat' dir='ltr'>nisi</span> <span class='ocrx_word' id='word_1_200' title='bbox 1559 3308 1602 3371; x_wconf 90' lang='lat' dir='ltr'>sit</span> <span class='ocrx_word' id='word_1_201' title='bbox 1623 3305 1665 3372; x_wconf 91' lang='lat' dir='ltr'>de</span> <span class='ocrx_word' id='word_1_202' title='bbox 1682 3327 1754 3370; x_wconf 91' lang='lat' dir='ltr'>con-</span> 
     </span>
     <span class='ocr_line' id='line_1_26' title="bbox 284 3405 1754 3496; baseline -0.003 -23"><span class='ocrx_word' id='word_1_203' title='bbox 284 3408 400 3474; x_wconf 72' lang='lat' dir='ltr'>tusilio</span> <span class='ocrx_word' id='word_1_204' title='bbox 427 3407 590 3474; x_wconf 83' lang='lat' dir='ltr'>facultatis</span> <span class='ocrx_word' id='word_1_205' title='bbox 619 3417 653 3473; x_wconf 91' lang='lat' dir='ltr'>et</span> <span class='ocrx_word' id='word_1_206' title='bbox 678 3409 712 3472; x_wconf 93' lang='lat' dir='ltr'>in</span> <span class='ocrx_word' id='word_1_207' title='bbox 738 3407 853 3474; x_wconf 89' lang='lat' dir='ltr'>eadem</span> <span class='ocrx_word' id='word_1_208' title='bbox 878 3409 1032 3475; x_wconf 80' lang='lat' dir='ltr'>facultate</span> <span class='ocrx_word' id='word_1_209' title='bbox 1059 3419 1134 3476; x_wconf 90' lang='lat' dir='ltr'>actu</span> <span class='ocrx_word' id='word_1_210' title='bbox 1162 3431 1288 3496; x_wconf 87' lang='lat' dir='ltr'>regens.</span> <span class='ocrx_word' id='word_1_211' title='bbox 1328 3407 1373 3474; x_wconf 84' lang='lat' dir='ltr'>Et</span> <span class='ocrx_word' id='word_1_212' title='bbox 1398 3409 1495 3472; x_wconf 89' lang='lat' dir='ltr'>istum</span> <span class='ocrx_word' id='word_1_213' title='bbox 1525 3407 1558 3470; x_wconf 88' lang='lat' dir='ltr'>in</span> <span class='ocrx_word' id='word_1_214' title='bbox 1587 3405 1754 3494; x_wconf 89' lang='lat' dir='ltr'>proposito</span> 
     </span>
     <span class='ocr_line' id='line_1_27' title="bbox 325 3507 1753 3597; baseline -0.001 -25"><span class='ocrx_word' id='word_1_215' title='bbox 325 3518 421 3574; x_wconf 88' lang='lat' dir='ltr'>vocat</span> <span class='ocrx_word' id='word_1_216' title='bbox 444 3507 582 3574; x_wconf 85' lang='lat' dir='ltr'>facultas</span> <span class='ocrx_word' id='word_1_217' title='bbox 605 3516 679 3572; x_wconf 89' lang='lat' dir='ltr'>actu</span> <span class='ocrx_word' id='word_1_218' title='bbox 700 3521 880 3594; x_wconf 88' lang='lat' dir='ltr'>regentem,</span> <span class='ocrx_word' id='word_1_219' title='bbox 901 3511 957 3595; x_wconf 88' lang='lat' dir='ltr'>qui</span> <span class='ocrx_word' id='word_1_220' title='bbox 978 3533 1072 3576; x_wconf 90' lang='lat' dir='ltr'>suum</span> <span class='ocrx_word' id='word_1_221' title='bbox 1093 3510 1174 3597; x_wconf 89' lang='lat' dir='ltr'>legit</span> <span class='ocrx_word' id='word_1_222' title='bbox 1192 3507 1393 3575; x_wconf 85' lang='lat' dir='ltr'>ordinarium</span> <span class='ocrx_word' id='word_1_223' title='bbox 1412 3515 1445 3572; x_wconf 90' lang='lat' dir='ltr'>et</span> <span class='ocrx_word' id='word_1_224' title='bbox 1466 3507 1600 3594; x_wconf 86' lang='lat' dir='ltr'>incepit,</span> <span class='ocrx_word' id='word_1_225' title='bbox 1622 3507 1753 3594; x_wconf 88' lang='lat' dir='ltr'>siprae·</span> 
     </span>
     <span class='ocr_line' id='line_1_28' title="bbox 326 3605 1753 3693; baseline -0.002 -20"><span class='ocrx_word' id='word_1_226' title='bbox 326 3630 400 3673; x_wconf 92' lang='lat' dir='ltr'>sens</span> <span class='ocrx_word' id='word_1_227' title='bbox 420 3608 489 3691; x_wconf 77' lang='lat' dir='ltr'>fuit,</span> <span class='ocrx_word' id='word_1_228' title='bbox 509 3618 585 3673; x_wconf 88' lang='lat' dir='ltr'>ante</span> <span class='ocrx_word' id='word_1_229' title='bbox 605 3607 722 3672; x_wconf 88' lang='lat' dir='ltr'>festum</span> <span class='ocrx_word' id='word_1_230' title='bbox 745 3609 888 3674; x_wconf 90' lang='lat' dir='ltr'>omnium</span> <span class='ocrx_word' id='word_1_231' title='bbox 911 3617 1111 3693; x_wconf 71' lang='lat' dir='ltr'>sanctorum,</span> <span class='ocrx_word' id='word_1_232' title='bbox 1134 3611 1255 3675; x_wconf 89' lang='lat' dir='ltr'>sivero</span> <span class='ocrx_word' id='word_1_233' title='bbox 1271 3609 1399 3690; x_wconf 89' lang='lat' dir='ltr'>absens,</span> <span class='ocrx_word' id='word_1_234' title='bbox 1420 3615 1495 3671; x_wconf 87' lang='lat' dir='ltr'>aute</span> <span class='ocrx_word' id='word_1_235' title='bbox 1506 3606 1626 3672; x_wconf 87' lang='lat' dir='ltr'>festum</span> <span class='ocrx_word' id='word_1_236' title='bbox 1637 3605 1753 3671; x_wconf 71' lang='lat' dir='ltr'>nativi</span> 
     </span>
     <span class='ocr_line' id='line_1_29' title="bbox 326 3703 1752 3798; baseline -0.001 -28"><span class='ocrx_word' id='word_1_237' title='bbox 326 3709 402 3772; x_wconf 90' lang='lat' dir='ltr'>tatis</span> <span class='ocrx_word' id='word_1_238' title='bbox 433 3707 554 3774; x_wconf 81' lang='lat' dir='ltr'>Christi</span> <span class='ocrx_word' id='word_1_239' title='bbox 582 3709 615 3771; x_wconf 92' lang='lat' dir='ltr'>in</span> <span class='ocrx_word' id='word_1_240' title='bbox 644 3706 761 3792; x_wconf 83' lang='lat' dir='ltr'>hyeme</span> <span class='ocrx_word' id='word_1_241' title='bbox 792 3703 920 3792; x_wconf 89' lang='lat' dir='ltr'>(sedin</span> <span class='ocrx_word' id='word_1_242' title='bbox 941 3717 1065 3774; x_wconf 80' lang='lat' dir='ltr'>aestate</span> <span class='ocrx_word' id='word_1_243' title='bbox 1085 3710 1230 3798; x_wconf 89' lang='lat' dir='ltr'>incipere</span> <span class='ocrx_word' id='word_1_244' title='bbox 1252 3707 1349 3774; x_wconf 90' lang='lat' dir='ltr'>debet</span> <span class='ocrx_word' id='word_1_245' title='bbox 1369 3719 1444 3774; x_wconf 89' lang='lat' dir='ltr'>ante</span> <span class='ocrx_word' id='word_1_246' title='bbox 1463 3708 1581 3773; x_wconf 86' lang='lat' dir='ltr'>festum</span> <span class='ocrx_word' id='word_1_247' title='bbox 1599 3704 1752 3772; x_wconf 89' lang='lat' dir='ltr'>Iohannis</span> 
     </span>
     <span class='ocr_line' id='line_1_30' title="bbox 325 3803 1753 3895; baseline 0 -24"><span class='ocrx_word' id='word_1_248' title='bbox 325 3815 400 3871; x_wconf 89' lang='lat' dir='ltr'>ante</span> <span class='ocrx_word' id='word_1_249' title='bbox 421 3815 549 3891; x_wconf 89' lang='lat' dir='ltr'>portam</span> <span class='ocrx_word' id='word_1_250' title='bbox 569 3805 705 3870; x_wconf 88' lang='lat' dir='ltr'>latinam</span> <span class='ocrx_word' id='word_1_251' title='bbox 734 3803 774 3890; x_wconf 85' lang='grc'>[6.</span> <span class='ocrx_word' id='word_1_252' title='bbox 797 3805 894 3894; x_wconf 78' lang='grc' dir='ltr'>Μαί],</span> <span class='ocrx_word' id='word_1_253' title='bbox 924 3810 952 3872; x_wconf 91' lang='lat' dir='ltr'>si</span> <span class='ocrx_word' id='word_1_254' title='bbox 975 3830 1130 3895; x_wconf 89' lang='lat' dir='ltr'>praesens</span> <span class='ocrx_word' id='word_1_255' title='bbox 1150 3811 1263 3891; x_wconf 89' lang='lat' dir='ltr'>fuerit,</span> <span class='ocrx_word' id='word_1_256' title='bbox 1293 3809 1411 3874; x_wconf 86' lang='lat' dir='ltr'>absens</span> <span class='ocrx_word' id='word_1_257' title='bbox 1433 3829 1511 3873; x_wconf 85' lang='lat' dir='ltr'>vero</span> <span class='ocrx_word' id='word_1_258' title='bbox 1538 3817 1614 3872; x_wconf 90' lang='lat' dir='ltr'>ante</span> <span class='ocrx_word' id='word_1_259' title='bbox 1636 3806 1753 3872; x_wconf 88' lang='lat' dir='ltr'>festum</span> 
     </span>
     <span class='ocr_line' id='line_1_31' title="bbox 283 3903 1751 3994; baseline 0.001 -25"><span class='ocrx_word' id='word_1_260' title='bbox 283 3906 431 3970; x_wconf 85' lang='lat' dir='ltr'>30sancti</span> <span class='ocrx_word' id='word_1_261' title='bbox 451 3904 606 3971; x_wconf 88' lang='lat' dir='ltr'>Iohannis</span> <span class='ocrx_word' id='word_1_262' title='bbox 628 3903 817 3994; x_wconf 90' lang='lat' dir='ltr'>baptistae),</span> <span class='ocrx_word' id='word_1_263' title='bbox 842 3916 875 3970; x_wconf 88' lang='lat' dir='ltr'>et</span> <span class='ocrx_word' id='word_1_264' title='bbox 893 3905 1022 3993; x_wconf 89' lang='lat' dir='ltr'>publice</span> <span class='ocrx_word' id='word_1_265' title='bbox 1043 3910 1078 3972; x_wconf 92' lang='lat' dir='ltr'>in</span> <span class='ocrx_word' id='word_1_266' title='bbox 1100 3908 1197 3975; x_wconf 90' lang='lat' dir='ltr'>scolis</span> <span class='ocrx_word' id='word_1_267' title='bbox 1220 3910 1431 3992; x_wconf 79' lang='lat' dir='ltr'>continuavit,</span> <span class='ocrx_word' id='word_1_268' title='bbox 1453 3909 1517 3973; x_wconf 92' lang='lat' dir='ltr'>nisi</span> <span class='ocrx_word' id='word_1_269' title='bbox 1538 3906 1665 3972; x_wconf 89' lang='lat' dir='ltr'>decano</span> <span class='ocrx_word' id='word_1_270' title='bbox 1680 3928 1751 3971; x_wconf 91' lang='lat' dir='ltr'>con·</span> 
     </span>
     <span class='ocr_line' id='line_1_32' title="bbox 326 4003 1751 4095; baseline 0.002 -27"><span class='ocrx_word' id='word_1_271' title='bbox 326 4005 459 4086; x_wconf 89' lang='lat' dir='ltr'>stiterit,</span> <span class='ocrx_word' id='word_1_272' title='bbox 488 4003 574 4089; x_wconf 91' lang='lat' dir='ltr'>quod</span> <span class='ocrx_word' id='word_1_273' title='bbox 604 4003 772 4072; x_wconf 86' lang='lat' dir='ltr'>lectorium</span> <span class='ocrx_word' id='word_1_274' title='bbox 793 4005 915 4072; x_wconf 90' lang='lat' dir='ltr'>habere</span> <span class='ocrx_word' id='word_1_275' title='bbox 935 4030 999 4073; x_wconf 92' lang='lat' dir='ltr'>non</span> <span class='ocrx_word' id='word_1_276' title='bbox 1021 4010 1144 4095; x_wconf 91' lang='lat' dir='ltr'>potuit,</span> <span class='ocrx_word' id='word_1_277' title='bbox 1173 4010 1260 4074; x_wconf 91' lang='lat' dir='ltr'>etin</span> <span class='ocrx_word' id='word_1_278' title='bbox 1281 4009 1395 4076; x_wconf 85' lang='lat' dir='ltr'>ordine</span> <span class='ocrx_word' id='word_1_279' title='bbox 1417 4031 1475 4076; x_wconf 83' lang='lat' dir='ltr'>suo</span> <span class='ocrx_word' id='word_1_280' title='bbox 1497 4007 1667 4074; x_wconf 86' lang='lat' dir='ltr'>ordinarie</span> <span class='ocrx_word' id='word_1_281' title='bbox 1688 4004 1751 4070; x_wconf 90' lang='lat' dir='ltr'>dis·</span> 
     </span>
     <span class='ocr_line' id='line_1_33' title="bbox 324 4095 1230 4196; baseline 0.004 -26"><span class='ocrx_word' id='word_1_282' title='bbox 324 4105 460 4192; x_wconf 85' lang='lat' dir='ltr'>putavit,</span> <span class='ocrx_word' id='word_1_283' title='bbox 482 4113 514 4169; x_wconf 90' lang='lat' dir='ltr'>et</span> <span class='ocrx_word' id='word_1_284' title='bbox 532 4104 567 4169; x_wconf 94' lang='lat' dir='ltr'>in</span> <span class='ocrx_word' id='word_1_285' title='bbox 586 4103 774 4193; x_wconf 88' lang='lat' dir='ltr'>quotlibeto,</span> <span class='ocrx_word' id='word_1_286' title='bbox 797 4107 826 4172; x_wconf 92' lang='lat' dir='ltr'>si</span> <span class='ocrx_word' id='word_1_287' title='bbox 843 4105 954 4191; x_wconf 76' lang='lat' dir='ltr'>fiacrit,</span> <span class='ocrx_word' id='word_1_288' title='bbox 975 4107 1205 4196; x_wconf 84' lang='lat' dir='ltr'>respondebat</span> <span class='ocrx_word' id='word_1_289' title='bbox 1225 4095 1230 4106; x_wconf 57' lang='lat'><em>⁰</em></span> 
     </span>
    </p>
   </div>
   <div class='ocr_carea' id='block_1_10' title="bbox 321 4368 1750 5116">
    <p class='ocr_par' dir='ltr' id='par_1_12' title="bbox 324 4368 1750 4693">
     <span class='ocr_line' id='line_1_34' title="bbox 410 4368 1749 4443; baseline -0.001 -19"><span class='ocrx_word' id='word_1_290' title='bbox 410 4375 422 4424; x_wconf 93' lang='lat' dir='ltr'>l</span> <span class='ocrx_word' id='word_1_291' title='bbox 441 4369 510 4424; x_wconf 89' lang='lat' dir='ltr'>Dies</span> <span class='ocrx_word' id='word_1_292' title='bbox 528 4369 637 4426; x_wconf 89' lang='lat' dir='ltr'>scheiut</span> <span class='ocrx_word' id='word_1_293' title='bbox 653 4369 726 4426; x_wconf 88' lang='lat' dir='ltr'>nach</span> <span class='ocrx_word' id='word_1_294' title='bbox 744 4369 794 4426; x_wconf 88' lang='lat' dir='ltr'>der</span> <span class='ocrx_word' id='word_1_295' title='bbox 810 4369 939 4443; x_wconf 82' lang='lat' dir='ltr'>Fassung</span> <span class='ocrx_word' id='word_1_296' title='bbox 955 4370 1005 4426; x_wconf 88' lang='lat' dir='ltr'>des</span> <span class='ocrx_word' id='word_1_297' title='bbox 1020 4369 1109 4426; x_wconf 87' lang='lat' dir='ltr'>Titels</span> <span class='ocrx_word' id='word_1_298' title='bbox 1126 4373 1177 4428; x_wconf 79' lang='lat' dir='ltr'>wie</span> <span class='ocrx_word' id='word_1_299' title='bbox 1194 4372 1267 4430; x_wconf 89' lang='lat' dir='ltr'>nach</span> <span class='ocrx_word' id='word_1_300' title='bbox 1285 4374 1334 4430; x_wconf 89' lang='lat' dir='ltr'>der</span> <span class='ocrx_word' id='word_1_301' title='bbox 1351 4371 1493 4430; x_wconf 83' lang='lat' dir='ltr'>Blattaahl</span> <span class='ocrx_word' id='word_1_302' title='bbox 1510 4369 1588 4428; x_wconf 91' lang='lat' dir='ltr'>nicht</span> <span class='ocrx_word' id='word_1_303' title='bbox 1605 4372 1656 4428; x_wconf 91' lang='lat' dir='ltr'>der</span> <span class='ocrx_word' id='word_1_304' title='bbox 1671 4368 1749 4426; x_wconf 68' lang='lat' dir='ltr'>aar</span> 
     </span>
     <span class='ocr_line' id='line_1_35' title="bbox 324 4452 1750 4532; baseline -0.001 -24"><span class='ocrx_word' id='word_1_305' title='bbox 324 4453 375 4508; x_wconf 89' lang='lat' dir='ltr'>der</span> <span class='ocrx_word' id='word_1_306' title='bbox 392 4452 493 4525; x_wconf 87' lang='lat' dir='ltr'>obigan</span> <span class='ocrx_word' id='word_1_307' title='bbox 512 4453 677 4512; x_wconf 85' lang='lat' dir='ltr'>Uebersicht</span> <span class='ocrx_word' id='word_1_308' title='bbox 693 4455 751 4510; x_wconf 89' lang='lat' dir='ltr'>und</span> <span class='ocrx_word' id='word_1_309' title='bbox 765 4454 868 4510; x_wconf 90' lang='lat' dir='ltr'>meiner</span> <span class='ocrx_word' id='word_1_310' title='bbox 886 4453 1060 4527; x_wconf 86' lang='lat' dir='ltr'>Abtheilung</span> <span class='ocrx_word' id='word_1_311' title='bbox 1074 4455 1130 4512; x_wconf 88' lang='lat' dir='ltr'>VH</span> <span class='ocrx_word' id='word_1_312' title='bbox 1153 4457 1186 4528; x_wconf 86' lang='lat' dir='ltr'>(s.</span> <span class='ocrx_word' id='word_1_313' title='bbox 1207 4459 1304 4532; x_wconf 90' lang='lat' dir='ltr'>unten)</span> <span class='ocrx_word' id='word_1_314' title='bbox 1321 4458 1503 4530; x_wconf 74' lang='lat' dir='ltr'>mstsprechen</span> <span class='ocrx_word' id='word_1_315' title='bbox 1525 4475 1561 4514; x_wconf 80' lang='lat' dir='ltr'>au</span> <span class='ocrx_word' id='word_1_316' title='bbox 1579 4457 1674 4526; x_wconf 86' lang='lat' dir='ltr'>sollen,</span> <span class='ocrx_word' id='word_1_317' title='bbox 1691 4473 1750 4509; x_wconf 87' lang='lat' dir='ltr'>son-</span> 
     </span>
     <span class='ocr_line' id='line_1_36' title="bbox 324 4535 1749 4615; baseline 0.002 -23"><span class='ocrx_word' id='word_1_318' title='bbox 324 4538 392 4594; x_wconf 87' lang='lat' dir='ltr'>dern</span> <span class='ocrx_word' id='word_1_319' title='bbox 411 4535 541 4594; x_wconf 85' lang='lat' dir='ltr'>vielmehr</span> <span class='ocrx_word' id='word_1_320' title='bbox 556 4538 635 4607; x_wconf 81' lang='lat' dir='ltr'>vm,</span> <span class='ocrx_word' id='word_1_321' title='bbox 651 4544 667 4595; x_wconf 86' lang='lat'>9</span> <span class='ocrx_word' id='word_1_322' title='bbox 691 4538 759 4610; x_wconf 67' lang='lat' dir='ltr'>(ogi,</span> <span class='ocrx_word' id='word_1_323' title='bbox 776 4537 821 4594; x_wconf 89' lang='lat' dir='ltr'>dic</span> <span class='ocrx_word' id='word_1_324' title='bbox 838 4537 1030 4596; x_wconf 86' lang='lat' dir='ltr'>Ueberscbrift</span> <span class='ocrx_word' id='word_1_325' title='bbox 1051 4539 1212 4615; x_wconf 87' lang='lat' dir='ltr'>desselben).</span> <span class='ocrx_word' id='word_1_326' title='bbox 1248 4543 1288 4598; x_wconf 90' lang='lat' dir='ltr'>Ist</span> <span class='ocrx_word' id='word_1_327' title='bbox 1306 4543 1365 4598; x_wconf 91' lang='lat' dir='ltr'>dies</span> <span class='ocrx_word' id='word_1_328' title='bbox 1386 4543 1437 4598; x_wconf 90' lang='lat' dir='ltr'>mit</span> <span class='ocrx_word' id='word_1_329' title='bbox 1456 4540 1577 4599; x_wconf 86' lang='lat' dir='ltr'>Absicht</span> <span class='ocrx_word' id='word_1_330' title='bbox 1596 4539 1749 4614; x_wconf 82' lang='lat' dir='ltr'>geschehen</span> 
     </span>
     <span class='ocr_line' id='line_1_37' title="bbox 325 4617 1264 4693; baseline -0.004 -15"><span class='ocrx_word' id='word_1_331' title='bbox 325 4623 391 4678; x_wconf 87' lang='lat' dir='ltr'>oder</span> <span class='ocrx_word' id='word_1_332' title='bbox 409 4622 478 4693; x_wconf 72' lang='lat' dir='ltr'>liegt</span> <span class='ocrx_word' id='word_1_333' title='bbox 494 4623 540 4678; x_wconf 89' lang='lat' dir='ltr'>ein</span> <span class='ocrx_word' id='word_1_334' title='bbox 555 4621 656 4678; x_wconf 76' lang='lat' dir='ltr'>h&#39;ehler</span> <span class='ocrx_word' id='word_1_335' title='bbox 672 4621 740 4678; x_wconf 83' lang='lat' dir='ltr'>vor?</span> <span class='ocrx_word' id='word_1_336' title='bbox 1259 4617 1264 4626; x_wconf 86' lang='lat'>&#39;</span> 
     </span>
    </p>

    <p class='ocr_par' dir='ltr' id='par_1_13' title="bbox 321 4705 1750 5116">
     <span class='ocr_line' id='line_1_38' title="bbox 408 4705 1749 4782; baseline 0.003 -20"><span class='ocrx_word' id='word_1_337' title='bbox 408 4711 423 4762; x_wconf 83' lang='lat'><strong>2</strong></span> <span class='ocrx_word' id='word_1_338' title='bbox 441 4705 495 4762; x_wconf 90' lang='lat' dir='ltr'>Die</span> <span class='ocrx_word' id='word_1_339' title='bbox 512 4705 595 4778; x_wconf 85' lang='lat' dir='ltr'>obige</span> <span class='ocrx_word' id='word_1_340' title='bbox 611 4705 861 4764; x_wconf 86' lang='lat' dir='ltr'>inhaltsiibcrsicht</span> <span class='ocrx_word' id='word_1_341' title='bbox 884 4707 989 4762; x_wconf 88' lang='lat' dir='ltr'>stimmt</span> <span class='ocrx_word' id='word_1_342' title='bbox 1008 4707 1038 4762; x_wconf 92' lang='lat' dir='ltr'>iu</span> <span class='ocrx_word' id='word_1_343' title='bbox 1059 4713 1075 4764; x_wconf 87' lang='grc'>9</span> <span class='ocrx_word' id='word_1_344' title='bbox 1100 4708 1179 4764; x_wconf 89' lang='lat' dir='ltr'>nicht</span> <span class='ocrx_word' id='word_1_345' title='bbox 1201 4711 1253 4766; x_wconf 91' lang='lat' dir='ltr'>mit</span> <span class='ocrx_word' id='word_1_346' title='bbox 1274 4711 1324 4766; x_wconf 82' lang='lat' dir='ltr'>der</span> <span class='ocrx_word' id='word_1_347' title='bbox 1346 4709 1556 4766; x_wconf 75' lang='lat' dir='ltr'>vonteheuden.</span> <span class='ocrx_word' id='word_1_348' title='bbox 1586 4709 1653 4782; x_wconf 85' lang='lat' dir='ltr'>Vgl.</span> <span class='ocrx_word' id='word_1_349' title='bbox 1669 4709 1749 4766; x_wconf 75' lang='lat' dir='ltr'>snm</span> 
     </span>
     <span class='ocr_line' id='line_1_39' title="bbox 322 4791 1750 5002; baseline 0.001 -70"><span class='ocrx_word' id='word_1_350' title='bbox 322 4807 358 4845; x_wconf 61' lang='lat' dir='ltr'>zu</span> <span class='ocrx_word' id='word_1_351' title='bbox 376 4791 655 5002; x_wconf 42' lang='lat' dir='ltr'>Vldlblldnuspz&#39;dleidi·</span> <span class='ocrx_word' id='word_1_352' title='bbox 665 4875 750 4930; x_wconf 88' lang='lat' dir='ltr'>Hand</span> <span class='ocrx_word' id='word_1_353' title='bbox 766 4893 812 4932; x_wconf 83' lang='lat' dir='ltr'>am</span> <span class='ocrx_word' id='word_1_354' title='bbox 829 4876 928 4932; x_wconf 85' lang='lat' dir='ltr'>Raude</span> <span class='ocrx_word' id='word_1_355' title='bbox 944 4874 1142 4950; x_wconf 82' lang='lat' dir='ltr'>hinaugcfiigt:</span> <span class='ocrx_word' id='word_1_356' title='bbox 1169 4881 1215 4936; x_wconf 86' lang='lat' dir='ltr'>De</span> <span class='ocrx_word' id='word_1_357' title='bbox 1230 4879 1339 4936; x_wconf 69' lang='lat' dir='ltr'>samia</span> <span class='ocrx_word' id='word_1_358' title='bbox 1351 4881 1605 4954; x_wconf 79' lang='lat' dir='ltr'>promovendorum</span> <span class='ocrx_word' id='word_1_359' title='bbox 1615 4879 1675 4952; x_wconf 78' lang='lat' dir='ltr'>sol</span> <span class='ocrx_word' id='word_1_360' title='bbox 1692 4883 1707 4934; x_wconf 85' lang='lat' dir='ltr'>s</span> <span class='ocrx_word' id='word_1_361' title='bbox 1724 4883 1750 4932; x_wconf 81' lang='lat' dir='ltr'>et</span> 
     </span>
     <span class='ocr_line' id='line_1_40' title="bbox 321 4961 1137 5116; baseline 0.005 -17"><span class='ocrx_word' id='word_1_362' title='bbox 321 4977 374 5031; x_wconf 49' lang='lat' dir='ltr'><em>m</em></span> <span class='ocrx_word' id='word_1_363' title='bbox 391 4961 431 5099; x_wconf 58' lang='lat' dir='ltr'>(ll</span> <span class='ocrx_word' id='word_1_364' title='bbox 440 4963 540 5116; x_wconf 60' lang='lat' dir='ltr'>Sillim</span> <span class='ocrx_word' id='word_1_365' title='bbox 557 5042 753 5116; x_wconf 78' lang='lat' dir='ltr'>hinzugefiigt:</span> <span class='ocrx_word' id='word_1_366' title='bbox 778 5052 804 5100; x_wconf 83' lang='lat' dir='ltr'>et</span> <span class='ocrx_word' id='word_1_367' title='bbox 819 5045 882 5115; x_wconf 74' lang='lat' dir='ltr'>quir</span> <span class='ocrx_word' id='word_1_368' title='bbox 900 5045 939 5100; x_wconf 77' lang='lat' dir='ltr'>eit</span> <span class='ocrx_word' id='word_1_369' title='bbox 954 5052 1018 5100; x_wconf 78' lang='lat' dir='ltr'>acts</span> <span class='ocrx_word' id='word_1_370' title='bbox 1034 5062 1137 5116; x_wconf 72' lang='lat' dir='ltr'>reperte</span> 
     </span>
    </p>
   </div>
   <div class='ocr_carea' id='block_1_11' title="bbox 0 0 1884 6072">
    <p class='ocr_par' dir='ltr' id='par_1_14' title="bbox 0 0 1884 6072">
     <span class='ocr_line' id='line_1_41' title="bbox 0 0 1884 6072; baseline 0 0"><span class='ocrx_word' id='word_1_371' title='bbox 0 0 1884 6072; x_wconf 95' lang='lat' dir='ltr'> </span> 
     </span>
    </p>
   </div>
  </div>
 </body>
</html>
