3788 6078
613 499 664 552 uis
682 499 800 554 Statnten
820 517 873 554 von
896 501 1068 556 1503-1520.
1495 503 1557 570 599

177 686 225 750 tt.
253 697 523 750 ascomannos
544 701 580 750 m
600 699 778 750 sensenna
798 703 867 752 aaa
887 703 1043 764 saronas
1065 702 1267 752 necatorum
1289 701 1453 754 ramnus
1475 703 1514 754 sn

605 802 791 850 semmua
812 803 859 851 sn
881 803 1079 854 cicercuu.

218 929 364 1012 Quilibet
384 931 616 998 baccalaureus
637 933 827 1018 medicinae,
849 934 961 1002 volens
983 957 1041 1001 suo
1069 946 1215 1022 tempore
1242 933 1278 998 in
1303 931 1416 1000 eadem
1444 942 1555 1022 petere

134 1027 314 1113 licenciam,
336 1030 434 1097 debet
455 1033 546 1119 prius
567 1056 588 1100 a
609 1032 797 1100 doctoribus
819 1034 860 1100 de
881 1034 1015 1101 consilio
1043 1034 1208 1101 facultatis
1236 1034 1384 1120 optinere
1410 1033 1555 1098 favorem

136 1126 265 1214 legendi
286 1129 428 1216 aliquam
449 1130 619 1198 lectionem
640 1133 675 1198 in
694 1132 850 1200 facultate
870 1133 999 1200 medica
1019 1157 1079 1221 pro
1099 1132 1238 1200 licencia
1258 1155 1317 1200 suo
1329 1130 1554 1218 temporeadi·
1580 1141 1597 1198 t

135 1229 307 1315 piscenda;
329 1241 361 1296 et
382 1240 555 1316 antequam
578 1231 639 1298 hoc
660 1232 783 1317 fecerit,
804 1232 849 1298 ad
868 1232 1039 1302 licenciam
1060 1235 1191 1300 minim
1214 1231 1415 1298 admittatur.

239 1417 289 1480 25·
317 1431 570 1484 ulceremus
597 1434 768 1485 ulandans
787 1433 1173 1485 vlcucsncsuuaalsuus
1194 1435 1268 1486 SUIS
1289 1433 1456 1484 Expertum

732 1535 955 1585 murmur.

216 1663 466 1750 Licenciandus,
489 1675 662 1755 postquam
683 1689 742 1754 per
762 1667 910 1734 doctores
932 1651 975 1734 ad
995 1667 1168 1735 licenciam
1188 1669 1223 1734 in
1249 1667 1420 1734 medicinis
1439 1665 1558 1732 admis-

134 1784 189 1827 sus
211 1773 269 1844 est,
290 1766 356 1830 suis
377 1768 530 1852 expensis
551 1767 863 1851 vicecancellarium,
883 1769 976 1833 iuxta
1004 1767 1246 1834 ordinacionem
1270 1767 1435 1833 facultatis
1461 1765 1600 1832 desu-10

133 1883 192 1947 per
213 1863 334 1927 factam
356 1863 420 1930 sibi
440 1864 583 1931 dandum
605 1888 663 1952 per
695 1867 860 1933 dominum
887 1869 1076 1956 episcopum
1102 1866 1420 1954 Merssburgensem,
1446 1889 1558 1930 verum

134 1961 380 2046 cancellarium,
394 1987 396 1992 ’
410 1987 482 2030 cum
509 1963 625 2031 litteris
655 1975 764 2033 tamen
785 1966 962 2050 factdtatis,
998 1966 1103 2033 eidem
1124 1968 1279 2054 episcopo
1301 1963 1558 2054 praesentandis,

132 2060 331 2147 impetrabit.
375 2061 437 2130 Cui
457 2065 551 2130 iuxta
577 2075 719 2131 veterem
747 2089 888 2149 morem,
931 2067 959 2132 si
988 2066 1077 2133 solus
1105 2089 1188 2131 unus
1209 2067 1306 2132 fuerit
1326 2063 1557 2146 licenciandus,

132 2159 288 2225 talentum
310 2185 409 2229 unum
431 2162 472 2228 de
492 2163 653 2248 confect03
683 2166 711 2230 si
740 2164 868 2252 plures,
900 2165 1035 2254 quilibet
1062 2189 1174 2232 eorum
1201 2188 1301 2230 unum
1321 2164 1476 2230 talentum
1498 2186 1557 2250 pro

133 2259 219 2325 dono
240 2261 357 2327 offerre
375 2261 544 2328 tenebitur.
567 2263 611 2328 Et
621 2263 708 2330 ultra
728 2263 790 2329 hoc
810 2264 931 2330 habeat
950 2264 1149 2330 voluntatem
1172 2264 1349 2347 secretarii,
1371 2286 1432 2352 pro
1447 2263 1598 2328 huius-15

130 2359 221 2425 modi
242 2359 358 2426 litteris
379 2361 699 2429 vicecancellariatua
721 2363 851 2451 scriptis
874 2363 980 2429 eidem
1002 2364 1247 2448 satisfaciendo,
1270 2375 1320 2430 est
1341 2372 1450 2430 autem
1474 2384 1548 2451 pec-

133 2460 229 2525 cunia
251 2461 347 2526 unius
367 2459 482 2526 florcni
505 2462 539 2526 in
561 2485 640 2528 auro
661 2485 733 2528 cum
754 2471 893 2549 quatuor
914 2464 1048 2549 grossis.

196 2649 244 2710 26.
265 2661 520 2712 mcuucltunus
543 2663 707 2712 TEMPORE
729 2663 895 2714 uxmssrus
918 2665 1119 2716 TENEBITUB
1141 2664 1298 2716 SOLVERE
1319 2663 1505 2715 nuonucut

650 2763 833 2815 FLORENOS
855 2765 1040 2815 munusue.

217 2892 455 2960 Licenciandus
476 2895 510 2960 in
530 2894 711 2979 medicinis,
741 2899 785 2964 ad
806 2921 944 2966 examen
975 2921 1035 2986 per
1061 2898 1210 2965 doctores
1239 2894 1303 2986 [lb]
1333 2897 1497 2964 admissus
1527 2906 1602 2962 etto

132 2997 354 3078 examinatus,
397 3004 571 3084 autequam
608 2995 670 3061 sibi
699 3019 759 3084 per
787 2997 935 3064 doctores
957 2997 1198 3064 examinatores
1218 3018 1409 3084 responsum
1428 2996 1469 3062 de
1491 2996 1560 3061 eius

132 3095 331 3161 admissione
353 3094 490 3176 dicatur,
524 3093 628 3160 solvet
647 3119 708 3184 pro
730 3095 844 3164 labore
871 3107 903 3162 et
931 3095 1052 3162 solacio
1080 3097 1248 3162 doctorum
1277 3095 1446 3160 duodecim
1466 3094 1559 3161 flore·

131 3217 202 3278 nos,
225 3197 281 3283 qui
303 3193 645 3282 proporcionabiliter¹
666 3198 750 3262 inter
771 3219 826 3262 eos
847 3195 1091 3262 distribuantur.
1124 3195 1303 3261 Tenebitur
1327 3195 1432 3260 eciam
1455 3193 1556 3260 domi·

131 3317 190 3361 nos
213 3293 364 3360 doctores
386 3303 418 3360 et
438 3293 670 3362 baccalaureos
691 3317 769 3364 suae
796 3295 959 3362 facultatis
991 3297 1025 3362 in
1051 3295 1190 3384 prandio
1217 3293 1395 3362 honorifice
1422 3316 1485 3382 quo
1512 3291 1556 3359 ad

130 3393 305 3482 pocrdenta
325 3404 359 3460 et
379 3393 543 3462 esculenta
565 3395 707 3462 reficere.
1123 3391 1125 3396 ’
1566 3399 1600 3457 25

276 3565 324 3627 27.
355 3577 610 3628 monachumve
639 3579 802 3629 Tanarus
824 3577 1055 3628 SATISFAGERE
1077 3577 1411 3628 vlcucaucuuusalo.

215 3709 453 3778 Licenciandus
475 3711 743 3778 vicecancellario
770 3734 845 3795 suo,
888 3720 1063 3799 antequam
1092 3713 1219 3800 aperiat
1245 3731 1401 3794 examen,
1431 3717 1558 3775 tenetur

133 3811 332 3896 satisfacere,
353 3807 457 3876 eidem
480 3812 637 3900 quinque²
658 3811 799 3878 florenos
819 3832 880 3900 pro
901 3812 967 3876 suis
988 3810 1157 3878 laboribus
1178 3808 1371 3877 offerendot

207 4001 256 4064 28.
277 4012 505 4064 maurontus
529 4015 567 4063 rr
587 4013 768 4064 meamne
790 4013 877 4062 susa
898 4011 1178 4062 monrcmruuaa
1200 4011 1308 4062 naam
1329 4011 1480 4062 aluums

641 4113 903 4164 cumanensem
927 4113 952 4162 11
973 4095 1052 4160 νὴ(
1566 4103 1601 4160 ³0

196 4287 245 4348 29.
273 4297 504 4348 murmurosa
532 4298 731 4350 mcaucmrr
750 4296 914 4363 rounam,
936 4294 1033 4356 ouon
1054 4293 1255 4344 remersus
1275 4295 1441 4344 rasurus
1461 4297 1497 4344 ns

277 4398 459 4448 mrsnsru
482 4399 570 4449 susa
591 4397 885 4461 uscarcmruasn,
915 4395 961 4443 er
984 4395 1052 4442 rsa
1073 4395 1171 4444 uuus
1192 4396 1239 4444 ux
1260 4394 1411 4444 aluums

569 4493 831 4547 umvaasmsms
852 4494 1120 4544 rusurcsmrua.

218 4595 383 4680 „Domine
404 4596 620 4680 licenciande,
650 4621 709 4663 vos
737 4595 902 4678 iurabitis,
933 4593 1021 4682 quod
1041 4593 1148 4660 velitis
1170 4616 1348 4682 procurare
1371 4593 1491 4659 bouum
1512 4593 1558 4658 fa-

134 4696 266 4764 cultatis
287 4695 479 4780 medicinae,
499 4696 543 4764 ad
562 4718 785 4787 quemcunque
806 4704 925 4763 statum
945 4693 1156 4778 deveneritis,
1182 4694 1259 4760 item
1288 4693 1374 4781 quod
1393 4715 1458 4760 non
1478 4692 1554 4759 veli·
1566 4701 1600 4759 3⁵

223 4935 233 4986 1
256 4929 348 4986 Dafu'r
365 4945 411 4986 am
429 4929 540 4988 Raude:
557 4929 718 5001 emolitae

221 5014 308 5070 anie
326 5014 396 5070 Zahl
414 5013 487 5070 steht
503 5010 556 5070 auf
569 5014 666 5069 Basur.

221 5103 238 5154 3
255 5100 310 5153 Am
329 5098 440 5154 Raude:
458 5097 581 5164 Quaado,
599 5097 663 5152 cide
680 5098 711 5152 ia
727 5099 825 5156 ultera

222 5187 240 5241 4
259 5183 358 5256 Spliter
376 5182 413 5240 ist
430 5181 614 5255 hinzugefiigt
629 5182 659 5237 ia
677 5201 756 5240 maro.
