3768 6072
916 453 972 504 Du
989 451 1078 504 usus
1096 451 1201 516 eousg.

343 817 385 882 lI.
416 813 505 879 DAS
528 813 694 880 KLEINE
718 795 1409 979 Fllflflflgflssffihlhffibffisssffissffl
1429 808 1581 893 MINUS,
1610 809 1777 876 COLLE-

425 1102 445 1151 l.
464 1097 674 1150 astrueres
692 1097 991 1158 STATU'I'ENBUCH,
1010 1098 1076 1148 llIT
1095 1087 1280 1149 ZUSflTZEN
1298 1097 1356 1148 ms
1372 1095 1446 1148 ΖΠΗ
1464 1095 1581 1148 JAHRE
1600 1095 1688 1146 utu¹

799 1259 859 1349 [Bl.
885 1258 933 1349 1¹]
956 1279 1114 1328 srsrurs
1137 1279 1312 1328 cotenon.

299 1409 316 1464 5
426 1403 454 1462 1.
476 1395 639 1461 Statutum
660 1395 801 1481 primum
823 1403 872 1458 est
893 1393 996 1458 istud:

429 1493 576 1575 Quilibet
595 1493 636 1558 de
656 1514 742 1559 novo
764 1501 951 1577 assumptus
973 1493 1005 1556 in
1027 1491 1184 1579 collegam
1205 1492 1333 1579 collegii
1353 1501 1481 1558 tenetur
1494 1493 1604 1555 iurare
1624 1489 1658 1552 in
1680 1507 1778 1572 prae-

343 1596 447 1660 sentia
479 1592 607 1678 collegii
637 1591 697 1656 sub
727 1590 789 1654 hac
817 1590 938 1654 forma:
974 1589 1069 1677 „Ego
1101 1593 1150 1656 .N.
1177 1595 1259 1674 iuro,
1288 1589 1377 1676 quod
1410 1590 1452 1655 ab
1480 1591 1542 1654 hac
1570 1587 1653 1652 hora
1681 1595 1714 1650 et
1740 1585 1778 1648 in

342 1703 520 1782 posterum,
548 1689 704 1778 quamdiu
731 1687 911 1754 membrum
941 1688 1070 1775 collegii
1099 1691 1200 1772 fuero,
1228 1690 1326 1755 velim
1350 1713 1422 1755 esse
1449 1688 1555 1754 fidelis
1582 1685 1720 1770 collegio
1743 1695 1778 1748 et

342 1813 475 1858 servare
497 1799 620 1854 statuta
640 1799 671 1852 et
691 1785 872 1868 statuenda,
900 1809 985 1872 quae
1006 1798 1132 1852 suntet
1153 1799 1248 1854 erunt
1269 1787 1446 1854 secundum
1467 1789 1624 1852 maiorem
1645 1793 1778 1872 partem

301 1904 334 1958 10
343 1890 471 1976 collegii
494 1885 689 1975 approbata.
730 1885 775 1950 Et
803 1886 956 1972 promitto
977 1885 1158 1970 bonafide,
1188 1887 1275 1974 quod
1297 1887 1395 1954 velim
1417 1889 1530 1952 venire
1552 1884 1596 1950 ad
1615 1903 1777 1950 convoca-

342 1993 461 2056 tionem
485 1985 663 2074 praepositi
683 1986 719 2048 in
739 1983 834 2048 factis
857 1983 995 2070 collegii,
1017 1987 1300 2073 quocienscunque
1322 1986 1413 2051 fuero
1433 2008 1493 2072 per
1508 1982 1647 2050 eundern
1669 1982 1778 2067 requi·

342 2091 438 2170 situs,
467 2095 499 2151 et
530 2082 617 2171 quod
647 2092 773 2148 secreto
804 2081 948 2168 collegii,
981 2105 1040 2169 per
1067 2086 1288 2171 praepositum
1315 2085 1414 2150 michi
1444 2083 1585 2165 indicta,
1612 2080 1713 2146 velim
1741 2081 1778 2143 in

344 2196 468 2253 secreto
500 2205 632 2250 servare
661 2192 694 2247 ct
720 2181 784 2246 sihi
813 2183 847 2246 in
873 2183 968 2247 lactis
998 2181 1124 2268 collegii
1155 2181 1298 2248 consiliis
1324 2195 1357 2249 et
1386 2182 1516 2247 auxiliis
1547 2180 1689 2246 fideliter
1714 2201 1778 2265 pro

344 2306 441 2373 posse
471 2293 595 2364 astare,
625 2291 657 2346 et
685 2285 712 2345 si
743 2279 885 2367 aliquam
914 2281 1157 2345 contencionem
1187 2281 1351 2346 verbalem
1381 2283 1543 2364 continget
1571 2301 1625 2344 me
1653 2277 1779 2343 habere

303 2395 334 2450 tt
347 2407 421 2449 cum
450 2380 558 2466 aliquo
587 2381 817 2464 magistrorum
847 2377 888 2443 de
916 2377 1052 2463 collegio
1081 2379 1133 2443 vel
1161 2381 1337 2468 magistris,
1364 2379 1461 2444 velim
1491 2389 1577 2444 stare
1605 2377 1779 2444 dictamini

342 2483 470 2568 collegii
491 2480 597 2566 partia
619 2477 784 2542 maioris.“

424 2587 453 2647 2.
474 2579 557 2643 Item
578 2575 716 2662 quilibet
737 2577 904 2661 magister,
927 2576 1098 2662 collegium
1114 2579 1226 2642 exiens
1247 2601 1306 2666 per
1327 2589 1462 2642 mortem
1475 2576 1528 2641 vel
1550 2598 1611 2662 per
1629 2576 1777 2660 resigna-

344 2683 469 2748 cionem
498 2675 549 2741 vel
583 2675 666 2740 alias
697 2673 913 2761 qualicunque
939 2675 1047 2757 modo,
1080 2675 1213 2740 habebit
1243 2689 1420 2764 proventus
1448 2674 1648 2762 principales
1676 2672 1778 2737 medii

342 2781 429 2860 anni,
457 2773 576 2861 quibus
603 2771 815 2860 proventibus
844 2775 1000 2858 magister
1029 2774 1092 2839 sibi
1120 2775 1297 2840 succedens
1325 2797 1386 2862 pro
1414 2776 1521 2861 primo
1550 2772 1659 2838 medio
1690 2795 1777 2837 anno

300 2876 479 2956 wearebit,
502 2874 589 2938 etin
611 2873 701 2938 exitu
723 2893 781 2936 suo
804 2869 877 2936 iflos
898 2886 1074 2958 proventus
1096 2873 1276 2939 rehabebit.

424 2980 452 3042 3.
475 2970 535 3060 [Bl.
558 2966 602 3057 qs]
630 2971 711 3034 Item
734 2969 871 3056 quilibet
889 2973 1065 3037 novissime
1087 2971 1260 3058 collegium
1281 2975 1407 3038 intrans
1431 2973 1465 3037 in
1487 2971 1602 3038 ordine
1623 2970 1776 3058 collegia-

339 3086 444 3142 torum
465 3071 597 3137 ultimus
619 3071 748 3134 existat.

427 3179 457 3238 4.
486 3169 568 3237 Item
595 3165 732 3256 quilibet
759 3165 799 3233 de
830 3190 916 3233 novo
945 3171 1070 3234 intrans
1101 3169 1269 3255 collegium
1300 3167 1395 3235 dabit
1422 3168 1465 3234 ad
1487 3167 1603 3234 fiscum
1629 3167 1776 3234 eiusdem

341 3293 440 3338 unum
461 3268 630 3334 florenum.

299 3381 333 3438 25
425 3377 453 3436 5.
483 3368 565 3432 Item
586 3364 731 3450 quilibet,
760 3367 814 3451 qui
837 3389 1037 3452 perannum
1065 3369 1099 3430 in
1128 3365 1264 3452 collegio
1290 3366 1389 3431 fuerit
1415 3375 1447 3431 et
1474 3388 1540 3431 non
1567 3367 1773 3452 praeposita·

340 3469 433 3550 verit,
456 3488 557 3553 quum
578 3485 638 3550 per
659 3462 797 3528 liberam
818 3467 1075 3550 resignacIonem
1097 3464 1149 3530 vel
1170 3487 1230 3552 per
1252 3475 1388 3530 mortem
1407 3463 1461 3528 vel
1483 3463 1526 3530 ad
1547 3464 1689 3529 alterum
1712 3465 1775 3528 col-

344 3568 467 3652 legium
489 3585 549 3650 per
570 3561 759 3626 electionem
781 3561 832 3626 vel
860 3562 942 3628 ahos
970 3565 1186 3651 qualicunque
1207 3564 1303 3631 modo
1324 3563 1414 3628 exire
1439 3565 1627 3649 contigerit,
1654 3566 1690 3628 in
1712 3585 1776 3629 una

343 3684 510 3750 sexagena
529 3681 689 3725 novorum
711 3681 899 3743 grossorum
920 3662 1056 3749 collegio
1080 3685 1114 3728 se
1135 3672 1250 3728 noscat
1270 3661 1456 3748 obligatum.

425 3769 455 3829 6.
478 3761 559 3826 Item
583 3757 718 3842 quilibet
739 3759 905 3844 magister,
926 3759 967 3824 de
988 3783 1073 3826 novo
1090 3761 1278 3826 subintrans
1294 3760 1476 3845 collegium,
1498 3771 1674 3850 antequam
1696 3785 1773 3849 gau-

299 3862 431 3931 sedebit
452 3858 494 3924 de
514 3855 673 3922 fructibus
689 3853 816 3940 collegii
839 3867 870 3921 et
886 3859 1074 3941 commodis,
1096 3859 1201 3925 solvet
1219 3881 1336 3924 novem
1357 3858 1498 3926 florenos
1519 3881 1675 3926 renenaes
1697 3861 1772 3926 boni

342 3958 496 4049 ponderis
528 3965 561 4019 et
592 3963 658 4019 tres
692 3952 833 4020 florenos
867 3957 1056 4043 praedictae
1088 3968 1236 4024 monetae
1268 3979 1329 4044 pro
1360 3961 1539 4042 structura,
1572 3981 1655 4044 quos
1687 3959 1773 4024 idem

342 4060 454 4125 exiens
484 4057 518 4120 in
549 4075 607 4120 suo
635 4053 726 4118 exitu
754 4052 941 4140 rehabebit,
970 4057 1073 4143 priori
1103 4066 1225 4122 statuto
1255 4079 1320 4122 non
1349 4057 1512 4141 obstante,
1541 4057 1631 4145 quod
1657 4058 1772 4124 flrturis

344 4153 547 4244 temporibus
573 4162 686 4241 posset
708 4152 824 4219 cedere
846 4155 1012 4240 magistris
1036 4155 1262 4241 praesentibus
1290 4157 1324 4221 in
1349 4157 1529 4241 graciom23
1558 4165 1591 4222 et
1620 4179 1770 4244 praesen·

420 4425 432 4475 l
454 4417 515 4476 Nur
533 4417 724 4474 abschrifltlich
744 4419 773 4474 in
792 4419 914 4474 hliiller's
932 4419 1089 4476 Delineatio
1112 4423 1139 4479 S.
1162 4426 1173 4476 1
1194 4421 1233 4492 lg.
1255 4419 1387 4477 erhalten.
1407 4421 1471 4492 Vgl.
1492 4421 1629 4480 Urkumt
1649 4423 1770 4491 Qnellen,

342 4507 371 4564 S.
386 4509 435 4560 tet
447 4503 486 4574 fg.
503 4503 550 4557 Da
561 4501 662 4558 hliillar
676 4503 722 4558 die
734 4503 901 4560 Blattseiten
913 4505 962 4559 des
974 4501 1115 4576 Originals
1129 4503 1280 4576 angefuhrt
1292 4503 1350 4574 hat,
1366 4523 1397 4560 so
1409 4505 1533 4560 konnteu
1545 4505 1687 4563 diesclben
1701 4507 1768 4564 auch

346 4591 384 4645 itu
402 4585 555 4644 Abdruche
578 4585 740 4658 angsgeben
761 4587 877 4642 eudon.
907 4585 1008 4641 hls'iller
1024 4587 1075 4642 hat
1091 4587 1251 4660 iiberhaupt
1266 4589 1319 4644 viel
1337 4588 1516 4661 sorgfltltiger
1531 4589 1715 4660 geschrieben
1731 4592 1769 4648 als

344 4672 443 4744 Vogel,
465 4670 532 4726 aber
551 4669 597 4724 die
613 4669 807 4743 flntaiflsrung
823 4672 873 4726 der
895 4671 970 4726 alten
989 4671 1199 4742 Abkiirzungen
1222 4671 1330 4728 scheint
1352 4671 1410 4727 ihm
1433 4673 1507 4729 noch
1528 4673 1608 4729 mehr
1625 4675 1711 4730 mehe
1727 4691 1769 4748 ge

342 4756 437 4814 macht
453 4773 489 4809 ru
506 4752 596 4808 haum
613 4753 655 4808 als
672 4754 782 4810 diesem
818 4755 982 4811 Auffallend
999 4755 1042 4818 ist,
1064 4756 1129 4810 dass
1147 4755 1273 4814 oflenbar
1290 4758 1340 4812 der
1355 4757 1485 4830 Eingang
1501 4757 1580 4816 fehlt
1614 4759 1704 4816 flollte
1719 4765 1769 4814 esst

342 4839 442 4896 hlffller
459 4837 608 4894 denselben
627 4837 811 4909 fortgelassen
828 4839 938 4895 haben?
972 4839 1027 4895 Die
1044 4838 1222 4912 Beaiflerung
1240 4843 1278 4896 ist
1295 4859 1348 4898 rou
1365 4843 1426 4898 mir.

420 4929 435 4979 2
454 4921 556 4977 hltiller
571 4921 677 4977 konnte
698 4921 749 4976 das
765 4923 825 4980 hier
844 4924 976 4980 stehsnde
994 4924 1077 4980 Wort
1095 4921 1174 4978 nieht
1198 4925 1287 4996 lesen,
1312 4943 1342 4980 er
1359 4923 1409 4980 hat
1425 4924 1508 4980 dafiir
1524 4927 1586 4982 eine
1603 4927 1766 4982 Nachaaich-

343 5025 421 5079 nuug
438 5005 581 5062 dmselben
605 5003 737 5078 gegeben,
754 5023 805 5062 aus
823 5008 873 5064 der
891 5007 937 5064 ich
962 5025 1015 5063 nur
1030 5007 1076 5062 die
1099 5007 1127 5061 in
1151 5009 1203 5064 den
1221 5009 1292 5066 Text
1315 5015 1456 5082 geeetzten
1475 5011 1574 5066 Worte
1596 5013 1627 5066 ie
1648 5015 1767 5084 praesum

342 5091 516 5148 hsrsuslesen
533 5091 615 5146 kann.
