3768 6072
689 1679 693 1690 “
814 1686 901 1760 DIE
926 1681 1197 1758 COLLEGIA.

912 1922 1120 1933 ---

401 2103 441 2169 Α.
471 2103 559 2169 1)Αὸ
581 2103 753 2169 GROSSE
774 2085 1175 2182 FURSTENOOLLEG,
1198 2097 1463 2166 COLLEGIUM
1484 2098 1634 2166 MAIUS.

365 2291 386 2341 l.
422 2290 483 2339 llll}
503 2289 695 2342 STATUTEN
713 2290 791 2341 VOM
808 2292 923 2342 tanus
942 2291 1015 2354 1416,
1032 2289 1098 2338 MlT
1116 2277 1507 2338 zusu'rzccscttttlssutt
1524 2287 1582 2338 BIS
1599 2287 1675 2338 ZUM

906 2375 1023 2425 taust:
1044 2371 1129 2424 1435st

284 2549 301 2602 5
348 2555 531 2603 EXCERPTA
557 2555 603 2602 EX
630 2555 735 2604 LIBRO
758 2555 1014 2604 CONCLUSORUM
1039 2555 1085 2603 AD
1108 2552 1310 2602 cosummat
1331 2553 1434 2602 lmus
1454 2553 1687 2602 possmus.

408 2687 504 2751 Anno
533 2685 655 2750 domini
685 2685 918 2753 MCCCCXVI
946 2689 980 2752 in
1008 2687 1236 2774 praepositura
1258 2683 1301 2750 M.
1323 2685 1508 2752 Burchardi
1530 2687 1749 2752 Tuutumanui

328 2787 369 2851 de
390 2785 549 2871 Balingeu
570 2784 720 2850 conclusa
742 2795 816 2851 sunt
838 2795 961 2852 statuta
981 2786 1067 2852 iufra
1089 2787 1220 2872 scripta.

574 2957 601 3016 1.
623 2968 851 3018 mausmuruu
872 2970 1055 3019 munuum
1079 2969 1125 3016 uu
1146 2969 1241 3018 ucvo
1263 2967 1474 3018 couuucmu.

409 3081 556 3164 Quilibet
578 3081 618 3148 de
638 3105 723 3150 novo
739 3085 864 3150 intrans
886 3085 1057 3172 collegium
1077 3093 1202 3150 tenetur
1222 3085 1330 3150 iurare
1351 3086 1385 3150 in
1405 3086 1511 3151 forma
1531 3094 1566 3150 ut
1587 3086 1749 3172 sequitur:

288 3193 319 3250 10
408 3181 503 3268 „Ego
526 3182 574 3247 .N.
594 3184 677 3266 iuro,
705 3183 790 3268 quod
817 3183 891 3250 volo
913 3207 1089 3272 procurare
1110 3183 1229 3250 bonum
1255 3183 1382 3271 collegii
1409 3193 1441 3250 et
1468 3207 1600 3250 servare
1628 3193 1750 3250 statuta

326 3291 358 3348 et
379 3280 559 3366 statuenda,
582 3305 664 3370 quae
691 3304 750 3369 per
773 3284 928 3348 maiorem
955 3293 1080 3370 partem
1109 3283 1237 3370 collegii
1267 3293 1392 3350 suntet
1413 3295 1507 3350 eruut
1535 3283 1690 3350 conclusa
1717 3293 1750 3348 et

328 3379 520 3469 approbata,
542 3391 574 3447 et
594 3381 681 3470 quod
700 3383 734 3446 in
755 3382 867 3448 ordine
889 3407 960 3450 meo
976 3383 1048 3450 volo
1069 3387 1303 3471 praepositare,
1325 3386 1408 3450 sicut
1427 3406 1479 3448 me
1498 3383 1577 3449 deus
1600 3382 1750 3448 adiuvet²

325 3490 356 3546 et
377 3494 490 3546 sancte
511 3479 564 3546 dei
585 3481 785 3568 evangelis.“

622 3620 638 3663 ⁸
723 3654 751 3715 2.
772 3667 989 3717 uccserurro
1012 3667 1307 3717 rumrosrrussu.

286 3791 318 3846 15
406 3781 489 3844 Item
526 3778 697 3866 collegium
728 3789 856 3846 tenetur
887 3781 1008 3848 habere
1039 3784 1276 3870 praepositum,
1314 3791 1346 3846 et
1378 3803 1506 3868 semper
1543 3781 1748 3868 praepositus

327 3881 475 3966 proxime
496 3879 620 3944 futurus
641 3889 767 3944 tenetur
789 3884 1048 3968 praeposituram
1070 3894 1241 3970 acceptare
1270 3905 1328 3970 per
1349 3903 1383 3946 se
1402 3879 1455 3946 vel
1477 3903 1568 3945 suum
1595 3899 1748 3966 procura-

324 3989 428 4044 torem
449 3978 538 4042 circa
557 3977 673 4043 festum
684 3978 828 4066 Georgii,
851 3981 910 4046 sub
932 4005 1036 4068 poena
1058 3986 1152 4048 unius
1173 4003 1373 4068 sexagenae3
1395 3990 1427 4046 et
1447 3978 1521 4044 talis
1541 3980 1748 4068 praepositus

326 4079 452 4142 futurus
480 4076 514 4140 in
538 4079 643 4164 primo
665 4077 719 4144 die
746 4081 992 4167 praepositurae
1020 4105 1097 4147 suae
1124 4089 1250 4146 tenetur
1278 4082 1386 4146 iurare
1414 4079 1628 4144 iuramentum
1656 4099 1747 4166 prae

326 4177 425 4264 positi
447 4197 557 4242 coram
578 4175 713 4264 collegio
736 4179 795 4245 sub
817 4201 924 4268 poena
944 4182 1038 4246 unius
1059 4201 1251 4267 sexageuae.

407 4429 417 4480 1
438 4425 499 4482 Nur
523 4424 711 4482 abaehriltlich
735 4425 858 4483 erhslten
881 4429 910 4483 iu
926 4427 1038 4500 Vogel's
1058 4427 1251 4484 collectaneen
1279 4425 1375 4482 ΒΗ
1400 4423 1443 4479 Bl.
1469 4428 1518 4480 24⁴
1541 4423 1582 4496 fg.
1614 4424 1678 4498 vgl.
1697 4423 1748 4481 Ur·

326 4507 422 4564 kuudl.
445 4508 569 4580 Quelleu,
592 4509 618 4566 S.
639 4515 694 4566 888.
730 4511 784 4566 Die
802 4511 992 4568 Ueberachn'ft
1014 4513 1155 4582 Eccerpto
1171 4516 1215 4566 etc
1246 4510 1324 4566 rithrt
1345 4509 1482 4565 uatiirlieh
1505 4527 1560 4565 ron
1577 4509 1669 4582 Vogel
1693 4510 1749 4578 her,

330 4595 378 4648 der
396 4593 454 4648 eleo
474 4593 525 4647 das
544 4591 599 4647 ihm
617 4593 791 4665 vorliegcude
808 4595 934 4666 Originel
956 4614 1009 4650 nur
1032 4595 1207 4664 excerpierte.
1242 4595 1285 4650 Ob
1301 4595 1351 4650 der
1367 4592 1559 4650 authentische
1575 4595 1650 4650 'I'itel
1667 4595 1750 4650 Liber

332 4677 519 4732 concursorum
538 4694 602 4744 wer,
624 4677 690 4733 oder
706 4678 742 4734 ob
759 4679 849 4750 Vogel
871 4679 963 4734 diesen
981 4678 1152 4732 irrthtirnlich
1171 4677 1278 4741 wlhlte,
1300 4680 1368 4734 ltiaat
1389 4679 1447 4734 sich
1466 4677 1544 4733 nieht
1561 4678 1748 4744 eutacheiden3

329 4759 451 4832 mtiglieh
469 4760 505 4814 ist
521 4761 572 4814 dea
589 4768 691 4817 cratere
708 4779 759 4832 gar
773 4763 853 4818 wohl.
871 4764 908 4816 da
924 4765 957 4832 ja
974 4781 1036 4818 vom
1054 4762 1140 4818 Jslue
1154 4769 1215 4819 1111
1234 4781 1270 4818 an
1288 4763 1411 4818 wirklich
1427 4764 1474 4818 die
1491 4763 1629 4818 Conclusa
1646 4765 1674 4817 iu
1692 4762 1749 4816 dies

329 4845 408 4900 Buch
430 4845 610 4916 eingetrageu
632 4846 748 4902 worden.
783 4848 837 4903 Die
858 4847 1084 4904 Uebereclrriften
1106 4847 1155 4902 der
1176 4847 1375 4920 Peragraphen
1398 4845 1495 4903 ateheu
1519 4847 1548 4901 iu
1568 4847 1673 4918 Vogels
1693 4845 1748 4900 Ate

326 4928 424 4984 schrift
449 4946 495 4984 am
519 4929 623 4986 Raude.
658 4931 709 4986 Wo
732 4930 777 4984 ich
799 4949 853 4986 von
875 4931 977 5000 Vogels
1000 4930 1146 4985 Abschn'ft
1169 4930 1346 5000 abgewicheu
1368 4931 1431 4999 bin,
1456 4929 1528 4986 habe
1548 4931 1593 4986 ich
1615 4949 1645 4987 cs
1670 4937 1748 4986 auter

326 5015 388 5070 dem
405 5014 492 5069 Texte
509 5013 678 5086 angegehm,
695 5014 781 5086 grobe
798 5015 937 5072 Verseheu
955 5015 1148 5087 abgerechuet.

386 5100 543 5170 2cdjuoat.
