3788 6078
352 485 414 546 544
849 477 899 528 Die
917 477 1136 542 philosophiachs
1153 475 1280 530 emicet.

355 657 574 744 unusquisque
602 657 777 742 receperit,
800 657 936 744 singulis
962 659 1180 726 trimestribus
1208 659 1357 726 numulos
1381 647 1466 724 xbm
1489 658 1616 728 solvito.
1657 659 1769 726 Pueros

355 755 548 842 discipulos,
579 777 716 843 quorum
742 767 851 820 tamen
880 760 1011 824 nomina
1034 760 1067 824 in
1095 758 1179 825 libro
1207 761 1342 824 rectoris
1374 757 1564 824 academiae
1598 761 1769 846 perscripta

355 859 429 938 sint,
449 857 484 919 in
506 853 715 920 conclavibus
737 857 803 920 suis
825 857 993 923 instituere
1014 879 1187 946 secumque
1209 857 1331 923 habere
1351 880 1447 924 nemo
1470 857 1671 945 prohibetur.
1712 857 1769 923 Sed

357 959 385 1021 si
415 956 470 1020 isti
502 954 593 1039 pueri
625 975 795 1019 numerum
828 967 981 1043 superent
1012 959 1190 1040 senarium,
1217 955 1374 1042 gravibus
1401 970 1434 1022 et
1459 959 1587 1044 magnis
1610 957 1769 1024 decausis

312 1067 329 1120 5
354 1056 563 1130 constitutum
585 1063 648 1130 est,
671 1065 707 1118 ut
727 1075 787 1140 pro
811 1055 947 1139 singulis
967 1058 1119 1138 caeteris,
1141 1078 1308 1120 numerum
1329 1055 1418 1122 illurn
1441 1055 1683 1144 superantibus,
1704 1079 1768 1142 per-

354 1154 521 1220 solvantur
549 1151 684 1238 collegio
715 1153 837 1218 numuli
866 1173 952 1220 xvm
982 1155 1025 1220 ad
1053 1177 1124 1220 eum
1153 1155 1299 1236 modum,
1321 1169 1358 1223 ut
1384 1155 1425 1220 de
1445 1155 1576 1220 famulis
1597 1156 1768 1221 indicatum
1861 1157 1862 1190 ³

355 1267 413 1319 est.
455 1253 563 1334 Quem
591 1255 763 1340 pecuniam
792 1253 916 1320 locator
937 1257 1054 1342 exiget
1096 1255 1227 1320 Debent
1248 1256 1346 1320 etiam
1369 1257 1518 1342 magistri
1542 1258 1770 1343 etquicunque

356 1351 504 1440 inquilini
526 1351 582 1417 alii
603 1355 792 1438 promittere
813 1351 964 1436 locatori,
987 1376 1022 1418 se
1043 1355 1273 1442 praestituros,
1296 1355 1324 1419 si
1345 1354 1424 1439 quid
1445 1353 1600 1440 discipuli
1625 1353 1770 1419 famulive

356 1457 500 1540 ipsorum
521 1473 712 1540 quoeunque
733 1451 830 1516 modo
853 1451 963 1517 damni
984 1452 1121 1518 aedibus
1144 1452 1272 1540 collegii
1293 1453 1360 1519 nlla
1381 1455 1415 1518 in
1436 1464 1530 1542 parte
1551 1453 1710 1519 dederint.

313 1647 345 1701 10
437 1634 518 1701 Cum
533 1644 640 1698 autem
657 1643 688 1696 et
706 1656 759 1697 res
779 1643 811 1698 et
831 1643 977 1720 tempora
998 1657 1129 1700 monere
1151 1635 1254 1700 mnu
1276 1635 1409 1718 soleant,
1431 1636 1459 1702 si
1480 1633 1560 1721 quid
1580 1634 1666 1702 forte
1686 1659 1769 1723 prae

353 1748 442 1800 terea
464 1732 720 1798 constituendum
744 1729 828 1820 [149]
851 1735 1064 1799 communitas
1085 1733 1184 1799 studii
1206 1734 1363 1801 bonarum
1387 1737 1505 1802 artium
1526 1735 1569 1800 de
1599 1737 1668 1802 suis
1690 1735 1769 1800 aedi·

354 1835 414 1899 bus
437 1832 541 1922 deque
561 1831 738 1920 disciplina
756 1831 987 1920 inquilinorum
1008 1833 1190 1920 putaverit,
1212 1833 1247 1899 id
1268 1835 1376 1900 faeere
1399 1837 1461 1900 erit
1480 1833 1631 1900 liberum.
1861 1831 1862 1836 ’

435 2019 610 2083 Praeterea
631 2037 741 2080 omnes
760 2016 844 2080 scire
866 2014 1001 2098 debent,
1028 2013 1177 2079 delinitas
1207 2015 1326 2080 multas
1353 2018 1388 2080 in
1416 2017 1468 2082 his
1496 2019 1626 2084 statutis
1647 2018 1689 2082 de
1709 2041 1769 2082 sen·

353 2120 454 2184 tentia
472 2115 598 2182 consilii
616 2113 737 2202 publici
753 2115 867 2200 augeri
881 2136 988 2200 posse,
1012 2116 1039 2178 si
1062 2113 1214 2178 delictum
1233 2117 1351 2180 mereri
1371 2115 1538 2198 videatur3
1560 2139 1661 2202 posse
1681 2119 1768 2182 etiam

313 2217 521 2285 toconsilium
542 2215 706 2304 publicum
736 2212 776 2278 de
800 2215 842 2278 iis
868 2212 1012 2296 delictis,
1049 2212 1166 2300 quibus
1199 2225 1289 2280 certa
1319 2213 1422 2280 multe
1449 2237 1514 2281 non
1544 2225 1593 2280 est
1621 2217 1769 2302 irrogata,
1861 2237 1862 2244 ¹

353 2318 488 2383 arbitrio
502 2338 560 2381 suo
575 2313 708 2380 multam
720 2312 871 2394 definire;
895 2335 979 2400 quae
994 2311 1111 2398 quibus
1127 2312 1316 2400 probantur,
1336 2315 1378 2378 iis
1398 2313 1441 2380 ad
1462 2313 1669 2380 incolendum
1686 2314 1768 2380 locus
1861 2331 1862 2360 ¹

355 2439 426 2482 esse
447 2418 481 2481 in
503 2415 553 2480 his
576 2411 712 2480 aedibus
735 2411 862 2498 collegii
884 2414 998 2477 nostri.
1043 2411 1170 2493 Quibus
1191 2435 1255 2478 non
1278 2411 1475 2501 probantur,
1498 2412 1615 2496 alium,
1643 2413 1700 2479 ubi
1720 2413 1768 2478 bu·

354 2516 472 2598 bitent,
501 2535 658 2601 quaerere
685 2521 843 2598 poterunt
895 2510 1121 2576 Defendentur
1141 2521 1249 2577 autem
1269 2523 1301 2576 et
1322 2511 1498 2598 diligentur
1518 2511 1598 2578 boni
1619 2523 1652 2578 et
1673 2513 1768 2600 probi.

354 2615 406 2680 De
428 2616 564 2680 caeteris
585 2612 666 2678 nihil
686 2609 751 2676 dioi
772 2609 912 2696 amplius
933 2633 1065 2677 necesse
1087 2621 1145 2676 est.
1194 2611 1295 2677 Finis.
