3788 6078
337 445 397 514 618
856 457 906 508 ors
924 457 1110 510 mereunt·
1122 459 1248 512 raom

336 647 396 708 Qui
421 648 468 698 AD
495 648 683 701 consutum
707 654 922 708 FAGULTA'HS
949 659 1080 708 anuum
1099 657 1251 722 votum,
1273 657 1317 706 ΠΒ
1338 657 1533 720 SBlel'ffl
1554 657 1743 708 fflfflllk

804 777 918 842 Caput
935 779 992 829 XX.
1015 773 1087 845 (Vgl.
1105 781 1129 828 ὃ.
1150 777 1217 829 Stat.
1236 777 1289 838 39.)

416 897 636 968 luramentum
657 906 691 971 in
715 907 828 973 ordine
848 931 948 998 supra
968 911 1130 996 signatum
1149 909 1275 996 legatam
1296 907 1419 974 eisdem
1441 908 1482 974 de
1501 906 1604 974 verbo
1616 908 1660 975 ad
1677 933 1741 975 ver·

338 993 425 1080 bum,
451 1010 482 1064 et
502 1000 564 1068 hoc
583 1003 646 1069 illis
668 1005 872 1097 sufficitque
894 1007 937 1074 ad
959 1008 1123 1076 doctorem
1145 1007 1326 1074 medicinae
1346 1009 1380 1073 in
1400 1019 1513 1073 nostra
1542 1009 1745 1074 universitate
1872 1071 1873 1092 ,

293 1101 310 1158 5
339 1107 538 1183 promotum3
560 1103 688 1194 sivero
709 1105 788 1172 alibi
809 1117 977 1194 promotus
996 1107 1103 1190 fuerit,
1126 1107 1265 1174 addatm
1285 1106 1376 1191 illud,
1397 1105 1484 1195 quod
1506 1109 1666 1192 sequitur:
1872 1095 1873 1114 ³

420 1230 533 1298 Nullus
554 1233 676 1319 doctor,
698 1237 777 1304 alibi
797 1249 962 1327 promotus
985 1251 1017 1306 ct
1038 1241 1090 1306 hic
1111 1241 1303 1330 adsumptus
1325 1240 1368 1305 ad
1384 1239 1571 1306 facultatem
1583 1239 1745 1322 medicam,

338 1330 440 1418 recipi
460 1330 555 1398 debet
577 1333 620 1401 ad
642 1337 811 1404 consilium
832 1340 996 1407 facultatis
1018 1340 1178 1424 eiusdem,
1206 1341 1269 1406 nisi
1298 1341 1332 1406 in
1351 1339 1413 1406 hac
1434 1341 1647 1406 universitate
1665 1337 1746 1404 bien·

335 1430 424 1494 nium
445 1442 520 1518 post
539 1435 588 1498 sui
611 1435 867 1526 adsumptionem
889 1439 1025 1528 legendo
1048 1439 1190 1528 aliquam
1212 1441 1381 1506 lectionem
1409 1441 1443 1504 in
1472 1437 1642 1504 medicinis
1670 1461 1746 1504 com·

337 1527 489 1616 pleverit3
511 1543 544 1597 et
564 1543 708 1622 tempore
730 1560 808 1604 suae
830 1541 1061 1628 assumptionis
1082 1539 1125 1606 ad
1147 1537 1315 1606 consilium
1343 1537 1436 1604 dabit
1462 1539 1497 1603 in
1517 1559 1598 1605 suro
1617 1547 1747 1624 quatuor

295 1636 327 1692 10
335 1628 475 1695 florenos
495 1653 647 1700 renenses
668 1659 727 1724 pro
748 1637 838 1704 fisco.

795 1837 1039 1906 Communia
1059 1841 1294 1907 facultatis.

922 2024 970 2072 DE
991 2024 1165 2074 maome.

796 2143 989 2208 Caputm
1026 2142 1100 2209 (Vql.
1120 2147 1143 2196 ἱ
1165 2144 1229 2196 Stat
1247 2139 1304 2205 to.)

418 2266 614 2336 Conclusum
636 2280 668 2336 et
688 2283 844 2340 statutum
865 2285 913 2340 est
935 2275 1137 2342 concorditer
1157 2297 1217 2362 per
1240 2273 1388 2339 doctores
1410 2271 1452 2338 de
1473 2271 1609 2338 consilio
1622 2271 1747 2337 faculta-

295 2373 326 2428 15
337 2365 379 2430 tis
400 2368 554 2452 medicae,
576 2371 661 2456 quod
684 2371 835 2460 deinceps
857 2373 963 2440 nullus
984 2374 1153 2440 doctorum
1173 2371 1292 2440 audeat
1321 2395 1363 2438 ex
1392 2395 1450 2436 suo
1479 2373 1615 2459 proprio
1648 2373 1748 2458 capite

333 2473 365 2529 et
387 2467 520 2534 consilio
542 2469 628 2535 solus
648 2493 683 2535 se
703 2473 917 2540 intromittere
939 2473 979 2540 de
1001 2476 1151 2540 examine
1171 2481 1203 2538 et
1223 2471 1344 2537 iudicio
1364 2469 1487 2559 leprosi
1508 2482 1564 2536 aut
1595 2469 1637 2535 de
1658 2469 1744 2557 lepra

334 2567 485 2650 suspecti,
508 2570 571 2632 uisi
591 2567 632 2633 de
652 2571 764 2637 favore
786 2571 901 2638 decani
922 2585 954 2639 et
973 2575 1071 2639 totius
1092 2572 1255 2639 facultatis
1266 2574 1425 2658 signatum
1440 2571 1587 2636 eiusdem
1604 2569 1742 2635 obtiuue

336 2665 388 2746 rit,
411 2663 470 2729 sub
491 2687 597 2752 poena
617 2671 838 2757 suspensionis
860 2695 880 2738 a
902 2673 1036 2738 consilio
1057 2661 1234 2737 facultatis¹
1249 2681 1281 2735 et
1303 2672 1446 2736 omnium
1466 2669 1745 2735 emolumentorum

335 2762 381 2827 ad
400 2771 466 2829 tres
486 2787 598 2850 annos,
621 2770 650 2832 si
671 2771 704 2833 iu
725 2769 858 2836 consilio
878 2771 982 2836 fuerit
1027 2771 1063 2836 Si
1083 2781 1190 2836 autem
1213 2779 1322 2851 extra,
1350 2779 1382 2834 et
1407 2767 1450 2834 ad
1477 2767 1664 2834 facultatem
1686 2779 1748 2832 tan·
1872 2825 1873 2848 ,

293 2868 405 2926 totum
427 2873 612 2952 assumptus
633 2877 691 2949 est,
714 2891 778 2934 non
799 2880 907 2936 autem
928 2873 963 2936 in
984 2869 1118 2937 consilio
1139 2869 1319 2950 facultatis,
1341 2867 1449 2934 fienda
1478 2868 1521 2933 ad
1549 2877 1616 2933 tres
1644 2890 1748 2948 annos,

334 2959 406 3028 loco
428 2963 498 3028 eius
520 2985 653 3052 poenae,
675 2966 772 3034 debet
793 2967 925 3036 differri.

946 3171 1134 3222 marcum

932 3291 1040 3357 cupas
1069 3290 1155 3342 xxu.

421 3414 569 3504 Cumque
589 3442 654 3486 non
675 3419 848 3487 mediocris
866 3421 988 3488 fructus
1010 3443 1069 3509 per
1092 3421 1324 3508 inspectionem
1343 3415 1475 3483 humani
1493 3420 1652 3506 corporis,
1674 3441 1747 3508 quae
1872 3417 1873 3458 l

292 3523 326 3581 25
338 3539 397 3604 per
417 3520 592 3584 sectionem
612 3519 648 3584 fit
668 3512 867 3604 (ἀνατομίαν
887 3522 1079 3612 appellant),
1101 3519 1144 3585 ad
1165 3517 1341 3606 discipulos
1362 3515 1485 3600 redeat,
1506 3518 1617 3606 itaque
1636 3518 1747 3606 placuit

337 3619 547 3700 constituere,
586 3630 622 3684 ut
647 3620 782 3707 singulis
811 3625 904 3688 annis
932 3621 974 3688 ad
1003 3621 1245 3710 praescriptum
1265 3615 1465 3682 medicorum
1484 3638 1604 3704 corpus
1625 3617 1747 3706 aliquod

334 3715 523 3800 dissecetur,
546 3719 593 3783 ita
613 3728 721 3785 tamen
742 3731 779 3788 ut
798 3730 908 3811 partes
929 3722 1076 3809 corporis
1097 3719 1231 3784 humani
1252 3727 1284 3782 et
1298 3709 1441 3798 ἁρμονία
1457 3716 1603 3782 eiusdem
1618 3717 1746 3805 discipu·

334 3813 374 3882 lis
396 3827 549 3884 accurate
569 3819 788 3887 ostendantur.

814 3985 874 4076 [Bt.
895 3985 948 4076 τι]
972 3999 1277 4054 rmauacoronm.

296 4131 331 4189 30
925 4123 1152 4188 oepusxxru.

419 4259 600 4342 Caeterum,
620 4281 694 4324 cum
722 4259 972 4346 pharmacorum
1002 4254 1229 4342 consyderatio
1252 4252 1303 4317 vel
1337 4251 1517 4338 praecipua
1544 4249 1588 4316 ad
1615 4249 1746 4316 medicos

336 4358 507 4446 pertineat,
529 4357 679 4424 doctores
701 4357 865 4424 facultatis
886 4355 1032 4422 medicae
1053 4353 1189 4440 singulis
1212 4351 1306 4417 annis
1336 4349 1605 4439 pharmacopolia
1632 4361 1662 4415 et
1688 4347 1745 4415 offi-

336 4458 425 4524 cinas
446 4458 621 4544 inspiciant
640 4468 673 4523 et
693 4466 815 4540 curent,
837 4467 874 4522 ut
895 4454 1053 4545 probatae
1074 4453 1255 4518 medicinae
1276 4461 1480 4539 usurpentur.

418 4591 509 4673 Item,
531 4591 559 4655 si
579 4591 663 4656 forte
684 4591 922 4677 compositurus
945 4589 987 4652 sit
1008 4585 1263 4675 pharmacopola
1284 4583 1476 4650 medicinam
1494 4581 1668 4648 multarum
1682 4603 1743 4668 par

294 4691 420 4757 attium
441 4701 473 4756 et
493 4691 641 4779 inquam
663 4689 772 4778 plures
793 4711 846 4754 res
866 4686 1101 4776 ingrediuntur,
1124 4707 1207 4775 quae
1228 4705 1367 4770 magnae
1387 4681 1637 4769 compositiones
1656 4679 1744 4746 nomi·

335 4800 465 4873 nactur,
486 4788 643 4856 iubebunt
663 4788 936 4877 pharmacopolae
959 4797 1069 4875 partes
1090 4783 1264 4871 simplices,
1287 4783 1477 4872 priusquam
1499 4783 1743 4858 conminmntu,

338 4889 381 4955 ad
403 4888 682 4976 contemplandum
705 4887 873 4974 discipulis
895 4897 928 4952 et
949 4882 1135 4951 doctoribus
1156 4905 1349 4973 proponere.

419 5023 595 5088 Praeterea
616 5021 736 5086 debent
758 5043 807 5101 ea,
828 5041 912 5107 quae
932 5021 967 5084 in
989 5019 1127 5084 officinis
1148 5017 1350 5098 venduntur,
1380 5015 1424 5082 ad
1445 5025 1566 5082 certam
1587 5013 1740 5102 pecunhm

342 5123 452 5187 taxari
473 5131 505 5187 et
525 5130 639 5186 taxata
657 5118 817 5208 perscribi
838 5121 872 5184 in
892 5117 1004 5184 tabula
1024 5127 1056 5182 et
1075 5118 1227 5206 proponi,
1248 5117 1378 5203 signata
1401 5113 1519 5204 sygillo
1541 5123 1676 5180 senatus
1712 5108 1742 5173 Si
