3794 6060
496 449 542 500 mit
559 449 824 502 Zaratnbeschlttssen
841 449 882 502 bis
900 463 960 502 zum
977 449 1061 502 Jahre
1080 454 1154 500 1490.
1226 413 1237 436 Ι
1339 493 1342 498 ,
1495 451 1532 514 61

623 636 671 698 21.
703 651 772 700 vom
792 653 816 703 r.
834 651 908 702 nen
928 634 1025 703 1⁴⁷1.¹

195 761 279 826 Item
307 783 392 826 anno
422 760 542 826 domini
569 764 620 826 m⁰
646 763 966 850 quadringentesimo
991 764 1232 850 septuagesimo
1260 763 1382 849 primo,
1419 762 1453 826 in
1486 760 1539 825 die

120 862 219 926 sancti
243 859 391 924 Thomas
413 859 454 924 de
474 861 620 948 Aquino,
650 862 837 928 conclusum
866 863 927 928 fuit
954 864 988 927 iu
1009 861 1155 948 generali
1176 862 1413 927 convocacione
1435 861 1536 946 magi·

119 973 254 1026 atrorum
277 959 503 1026 universitatis
524 960 636 1043 huius,
659 961 844 1048 specialiter
866 961 909 1026 ad
930 961 993 1026 hoc
1012 961 1116 1044 facta,
1138 973 1171 1026 et
1191 983 1251 1050 per
1271 969 1409 1045 quatuor
1430 961 1538 1023 nacio·

118 1079 171 1122 nes
194 1056 342 1124 eiusdem
363 1057 566 1124 concorditer
587 1060 816 1146 approbatum,
839 1061 926 1148 quod
947 1059 1084 1147 quilibet
1106 1059 1147 1124 ab
1169 1061 1381 1126 universitate
1403 1057 1446 1122 ad
1470 1067 1564 1122 cer-5

117 1167 181 1220 tnm
200 1165 333 1242 tempus
353 1155 534 1242 relegatus,
556 1161 612 1244 qui
632 1157 719 1224 ultra
736 1162 909 1224 terminum
930 1158 1119 1240 recedendi,
1141 1182 1200 1245 per
1221 1157 1391 1222 consilium
1413 1160 1539 1222 uuiver-

117 1257 218 1320 sitstis
236 1255 268 1320 ei
291 1253 484 1340 praefixum,
505 1256 540 1320 in
561 1255 623 1320 hoc
642 1257 763 1343 oppido
785 1258 1000 1344 permanserit
1021 1266 1077 1320 aut
1099 1253 1183 1345 [20²]
1205 1255 1387 1321 recedendo
1405 1279 1476 1320 sese
1493 1257 1540 1320 in-

118 1354 268 1420 decenter
292 1352 429 1420 couduci
449 1355 648 1439 permiserit,
678 1355 730 1420 vel
761 1358 817 1441 qui
843 1355 930 1420 infra
950 1367 1077 1442 tempus
1096 1354 1311 1440 relegacionis
1333 1377 1412 1420 suae
1431 1355 1539 1420 redire

118 1452 158 1518 ad
177 1452 341 1538 gremium
363 1451 471 1516 almae
491 1453 713 1520 universitatis
735 1456 1006 1541 praesumpserit,
1026 1475 1104 1520 mcx
1122 1454 1192 1520 sine
1213 1453 1358 1519 udteriori
1382 1476 1538 1520 convoca-

116 1553 225 1634 cioue‚
256 1551 417 1616 citatione
445 1573 487 1616 ac
515 1553 697 1618 municione
723 1573 783 1638 per
810 1561 971 1618 rectorem
998 1563 1137 1640 protunc
1162 1553 1353 1618 existentem
1373 1564 1540 1639 tamquam
1551 1565 1584 1618 10

117 1649 299 1716 membrum
321 1649 489 1738 putridum
509 1671 531 1716 a
550 1672 686 1737 corpore
705 1651 925 1717 universitatis
946 1651 1151 1718 rescindatur
1170 1651 1224 1717 vel
1244 1650 1446 1720 excludatur.

638 1821 686 1882 22.
715 1836 783 1886 Vom
801 1837 825 1888 4.
845 1836 910 1887 Jnni
930 1817 1027 1888 ¹490st

195 1947 294 2014 Anno
316 1946 439 2012 domini
461 1945 631 2014 millesimo
655 1946 1201 2036 quadringentesimononagesimo,
1229 1947 1283 2014 die
1303 1969 1381 2012 vero
1402 1947 1540 2016 Veneris

117 2059 230 2136 quarta
250 2047 374 2111 mensis
395 2045 490 2128 lunii,
511 2047 545 2110 in
565 2046 710 2134 generali
731 2049 969 2114 convocacione
988 2048 1218 2134 magistrorum
1241 2055 1274 2112 et
1288 2045 1458 2114 doctorum
1472 2051 1540 2114 uni·

114 2147 297 2228 versitatis,
321 2144 509 2232 specialiter
528 2145 572 2210 ad
593 2146 655 2212 hoc
675 2145 773 2230 facta,
795 2156 832 2212 ut
851 2146 1099 2227 discordiarum,
1123 2145 1323 2211 sedicionem
1344 2169 1384 2211 ac
1404 2147 1583 2215 insolens-15

117 2247 235 2312 tiarum
264 2245 421 2326 materia,
452 2265 518 2330 qua
544 2246 794 2310 communitates
825 2245 1016 2332 plerumque
1041 2267 1106 2309 non
1133 2242 1342 2310 mediocriter
1371 2242 1456 2334 [20¹¹]
1477 2257 1542 2312 tur-

115 2344 249 2422 bantur,
270 2341 514 2432 periclitantur,
536 2341 756 2410 dissolvuntur
777 2367 817 2410 ac
838 2343 1062 2426 destruuntur,
1084 2341 1207 2406 salubri
1228 2342 1368 2430 quodam
1386 2346 1541 2431 remedio,

117 2453 271 2530 quantum
290 2441 362 2506 fleri
384 2442 522 2528 poterit,
542 2441 691 2524 tollatrn,
716 2443 912 2531 impediatur
933 2441 985 2508 vel
1005 2442 1118 2508 saltem
1139 2443 1387 2528 praeveniatur,
1415 2446 1543 2512 conclu·

116 2566 184 2608 sum
207 2541 271 2608 luit
292 2549 325 2606 et
345 2548 512 2624 statutum,
533 2561 574 2608 ac
595 2563 655 2628 per
676 2551 815 2629 quatuor
835 2541 990 2608 naciones
1012 2538 1155 2606 eiusdem
1176 2543 1398 2608 universitatis
1412 2566 1543 2611 concor-

116 2641 197 2706 diter
218 2637 457 2728 approbatum:
1549 2653 1584 2710 20

196 2738 393 2825 Quicunque
414 2738 689 2824 conspirationes,
717 2738 943 2806 conventicula
961 2735 1014 2802 vel
1035 2739 1291 2825 conspiratorias
1313 2741 1542 2808 conventiones

117 2842 148 2904 iu
170 2859 365 2926 quocunque
386 2835 458 2902 loco
478 2835 593 2902 fecerit
613 2847 669 2902 aut
689 2837 754 2902 illis
773 2836 1014 2926 quomodolibet
1029 2837 1186 2902 interesse
1199 2841 1467 2925 praesumpserit,
1490 2842 1541 2907 vel

117 2939 170 3026 qui
190 2936 294 3002 alium
316 2945 373 3000 aut
393 2934 491 3017 alios,
521 2947 556 3000 ut
576 2935 657 3000 haec
677 2935 773 3019 fiant,
799 2936 920 3002 directe
942 2937 993 3002 vel
1016 2935 1172 3000 indirecte
1192 2934 1376 3019 induxerit,
1403 2959 1460 3004 seu
1481 2962 1542 3026 pro

116 3034 335 3122 conspirando
365 3032 419 3100 vel
448 3033 672 3100 conventicula
703 3034 851 3100 fouendo
879 3057 950 3100 sese
969 3035 1175 3121 inscripserit
1191 3034 1244 3099 vel
1264 3035 1400 3100 inscribi
1420 3038 1542 3121 fecerit,

116 3143 171 3200 aut
199 3132 353 3199 scedulas
380 3133 635 3219 conspiratorias
663 3135 833 3221 scripserit
865 3133 918 3198 vel
946 3133 1078 3200 easdem
1107 3130 1324 3198 scribentibus
1350 3145 1584 3204 consensumtt

115 3231 165 3298 vel
198 3255 297 3319 opem
327 3232 547 3318 praestiterit,
576 3255 633 3298 seu
658 3231 788 3296 easdem
817 3234 851 3296 in
879 3232 1124 3320 quibuscunque
1153 3230 1233 3296 locis
1253 3231 1432 3319 proiicere,
1456 3233 1542 3324 [21⁸]

119 3332 252 3418 affigere
272 3329 327 3395 vel
347 3331 500 3396 intimare
521 3353 619 3396 ausus
638 3329 750 3396 fuerit:
777 3329 829 3394 vel
850 3332 905 3415 qui
925 3331 1144 3417 suppositum,
1173 3339 1286 3396 contra
1306 3331 1393 3415 quod
1414 3334 1542 3398 univer·

120 3433 199 3496 sitas
226 3432 302 3518 ipsa
323 3429 377 3494 vel
400 3431 547 3518 superior
567 3430 789 3494 universitatis
809 3436 946 3516 propter
967 3451 1041 3495 suos
1063 3449 1217 3494 excessus
1236 3427 1462 3514 relegationis,
1491 3453 1545 3496 ex·

120 3529 272 3595 clusionis
294 3528 348 3594 vel
370 3529 487 3616 quavis
507 3527 572 3594 alia
592 3526 755 3613 condigna
776 3549 882 3614 poena
897 3528 1103 3615 processerit,
1124 3527 1293 3594 defensare
1310 3529 1544 3614 praetenderit:

116 3627 167 3693 vel
189 3629 246 3716 qui
267 3626 404 3710 factum,
435 3625 619 3694 huiusmodi
642 3627 846 3715 suppositum
866 3628 1016 3714 punitum
1037 3647 1095 3692 seu
1115 3623 1314 3712 puniendum
1335 3638 1586 3712 concernens,³⁰

116 3727 299 3810 nationale,
321 3725 384 3792 hoc
405 3725 562 3811 estquod
583 3727 673 3793 natio
696 3747 766 3792 sese
788 3725 829 3791 de
850 3725 911 3791 hoc
931 3725 1141 3810 intromittat,
1170 3724 1292 3791 directe
1313 3726 1365 3790 vel
1387 3726 1544 3792 indirecte

119 3847 174 3890 sen
196 3827 313 3914 quovis
336 3823 400 3890 alio
421 3823 518 3890 modo
538 3825 651 3890 lecerit
672 3827 846 3890 autetiam
869 3823 1155 3890 convocationibus
1174 3824 1228 3890 vel
1249 3825 1358 3890 verius
1379 3829 1544 3891 conventi-

119 3925 216 4008 culis,
244 3924 302 3990 ubi
330 3924 413 3990 talia
439 3921 553 3988 fierent
580 3932 612 3988 et
637 3933 870 4006 tractarentur,
896 3925 1053 3989 interesse
1079 3926 1338 4013 praesumpserit
1364 3935 1395 3991 et
1421 3925 1462 3991 de
1483 3925 1546 3991 hoc

119 4025 285 4090 censemus
307 4023 362 4088 vel
383 4023 551 4088 convictus
562 4023 588 4106 ³,
615 4031 781 4110 tamquam
802 4023 896 4110 pacis
917 4032 950 4088 et
972 4023 1164 4090 concordiae
1185 4024 1333 4091 turbator
1354 4024 1397 4091 ab
1418 4025 1546 4092 univer·

121 4123 213 4188 sitate
235 4121 441 4188 excludatur.
1553 4133 1587 4189 ³5

201 4408 261 4467 Die
274 4407 443 4486 salpendea
459 4404 561 4466 beiden
575 4407 838 4484 Eidessormalare
857 4427 923 4467 scm
933 4407 1031 4466 Jahn
1047 4409 1125 4471 1476
1139 4407 1247 4486 finden
1267 4407 1330 4468 siclt
1351 4411 1413 4484 aas
1428 4411 1486 4470 dea
1499 4409 1544 4470 ia-

121 4526 196 4568 nera
216 4507 319 4570 sidua
339 4509 391 4566 des
413 4505 504 4565 odem
521 4509 585 4568 und
604 4515 714 4567 autera
736 4508 863 4569 Decltelr
882 4506 1079 4586 pecussum.

188 4775 199 4824 1
220 4766 276 4824 Die
292 4773 384 4824 ersten
403 4771 419 4822 2
437 4765 529 4822 Zeilen
546 4767 604 4821 und
621 4767 666 4824 die
683 4774 698 4824 7
715 4769 817 4826 letcten
834 4769 924 4826 dieses
942 4767 1079 4824 Abantaes
1095 4768 1156 4826 sind
1175 4785 1228 4824 ron
1246 4769 1389 4826 derselben
1402 4769 1487 4826 Hand
1501 4789 1548 4842 ga·

124 4849 264 4908 schrieben
281 4851 399 4908 wieder
419 4847 641 4922 voraufgehenda
657 4851 775 4908 Artilsel.
810 4854 870 4908 Das
886 4851 1059 4908 daawischeu
1078 4871 1132 4908 von
1150 4854 1260 4908 aweiter
1278 4853 1361 4908 Hand
1381 4853 1412 4926 (s.
1423 4854 1478 4908 den
1497 4853 1547 4909 lol-

124 4936 227 5005 genuen
245 4933 368 5000 Artikel)
387 4933 591 4991 Geschriebene
607 4935 773 5006 (cocleam
782 4940 848 5007 suit
866 4969 894 4978 -
912 4937 1071 5008 penetrem
1086 4935 1141 5009 orl)
1159 4936 1233 4991 steht
1251 4935 1303 4992 aui
1317 4937 1414 4990 Rasur.

187 5025 203 5076 2
220 5017 319 5076 Dieaer
336 5017 446 5074 Artikel
467 5017 574 5074 subsint
591 5035 646 5074 von
661 5019 711 5074 dar
727 5021 825 5090 Hand,
846 5021 891 5076 die
914 5021 969 5076 den
986 5019 1123 5075 mittleren
1139 5019 1219 5075 Their
1235 5023 1283 5076 des
1301 5019 1544 5090 voraufgebenden

125 5101 238 5159 schrieb.
344 5102 416 5159 3Es
434 5100 504 5157 fehlt
522 5101 593 5158 wohl
603 5104 705 5175 faerit.
