3758 6072
623 495 757 548 Entwhrfe
773 509 827 546 ron
849 494 1025 548 ltro-1440.
1474 492 1535 556 377

112 675 305 764 neglexerit,
327 697 465 764 poenam
476 677 570 742 unius
583 677 690 764 grossi
703 676 849 742 incurrat
863 677 1043 766 ipsofacto,
1064 697 1160 764 quam
1182 673 1324 741 decanus
1346 673 1406 739 sub
1427 695 1534 761 poena

112 777 262 864 praestiti
281 777 454 843 iuramenti
476 774 518 842 ab
541 776 653 843 eodem
675 777 808 862 exigere
828 784 985 844 teneatur.

547 948 577 1010 5.
598 960 646 1009 aa
666 959 853 1010 annactcro
875 959 1135 1008 unrsrmsmsn.

190 1073 290 1158 Item,
323 1075 400 1163 quia
424 1075 545 1141 noticia
574 1075 828 1163 metaphisiealis
847 1077 953 1162 primo
974 1083 1008 1142 et
1027 1071 1250 1162 principaliter
1273 1071 1413 1160 gradum
1432 1077 1535 1164 respi-

108 1175 150 1240 cit
177 1173 418 1261 magistralem,
450 1176 541 1240 cuius
576 1174 714 1261 diligens
750 1175 928 1263 disputatio
957 1185 989 1238 et
1010 1173 1093 1239 bene
1121 1174 1308 1238 continuata
1328 1175 1532 1261 permaxime
1560 1185 1575 1242 5

111 1275 299 1340 necessaria
321 1283 370 1339 est
392 1272 634 1360 magistrandis,
656 1273 698 1340 ob
719 1275 817 1363 idque
839 1274 977 1340 facultas
991 1273 1112 1338 arcium
1127 1272 1232 1358 magis
1246 1272 1413 1338 attendere
1427 1273 1533 1357 habet,

116 1373 201 1462 quod
230 1373 417 1458 disputacio
439 1373 623 1440 huiusmodi
653 1395 727 1439 cum
750 1374 924 1461 diligencia
945 1373 1158 1439 continuetur.
1200 1370 1357 1438 Volumus
1379 1375 1479 1459 igitur
1500 1385 1532 1440 et

115 1473 304 1557 statuimus,
333 1472 419 1560 quod
452 1472 590 1538 facultas
628 1475 752 1539 arcium
780 1474 929 1560 diligenti
949 1472 1103 1560 indagine
1124 1468 1296 1558 provideat
1317 1470 1358 1536 de
1380 1475 1534 1539 exercitio

114 1571 284 1660 praedicto
305 1571 504 1658 disputando
531 1582 564 1638 et
587 1597 646 1661 per
672 1573 755 1640 duas
774 1573 826 1640 vel
856 1573 938 1640 citra
964 1572 1157 1640 mutationes
1179 1571 1413 1655 continuando,
1436 1583 1532 1660 prout

110 1669 257 1736 facultati
287 1671 393 1736 visum
422 1672 519 1737 literit
549 1694 610 1761 pro
643 1673 781 1740 utilitate
814 1683 846 1739 et
877 1673 1033 1759 singulari
1063 1673 1260 1737 incremento
1294 1674 1534 1760 suppositorum
1546 1682 1577 1738 10

114 1770 258 1837 eiusdem
279 1771 385 1858 magis
407 1769 572 1859 expedire.

322 1942 352 2004 6·
380 1955 427 2002 ΒΕ
449 1953 593 2006 NUlOEBO
615 1957 866 2008 mamraoaun
886 1955 934 2006 DE
956 1953 1117 2006 CONSILIO
1138 1955 1364 2006 Facun'rs‘rts.

183 2067 281 2154 Item,
305 2070 381 2154 quia
401 2070 583 2157 mttltitudo,
603 2095 685 2159 quae
708 2072 887 2139 canonibus
908 2081 957 2137 est
975 2072 1116 2162 inimica,
1138 2070 1238 2137 nichil
1252 2071 1377 2138 honesti
1396 2072 1530 2160 habens,

106 2167 182 2234 facit
202 2168 353 2234 homines
373 2193 474 2258 saepe
501 2174 607 2260 magis
635 2171 716 2238 viles
744 2173 1026 2261 confusionemque
1046 2170 1186 2254 inducit,
1215 2192 1287 2237 cum
1308 2169 1398 2238 dicat
1419 2195 1532 2256 canon,

104 2267 187 2356 quod
213 2267 407 2334 clericorum
438 2273 586 2357 paucitas
613 2271 835 2356 honorabiles,
867 2271 964 2338 turba
988 2269 1246 2359 contemptibiles
1274 2271 1367 2355 facit,
1389 2273 1534 2339 volentes
1545 2284 1576 2339 to

103 2369 331 2454 magistrorum
348 2392 528 2453 numerum,
551 2370 593 2436 ab
615 2373 745 2459 antiquo
765 2373 798 2437 in
821 2371 954 2438 consilio
975 2370 1137 2437 facultatis
1159 2371 1381 2455 existencium,
1401 2375 1533 2438 restrin-

104 2489 179 2554 gere
198 2477 298 2556 atque
319 2467 475 2534 reducere
497 2468 540 2534 ad
560 2493 726 2536 numerum
749 2481 996 2558 competentem,
1025 2472 1215 2554 statuimus,
1244 2470 1330 2556 quod
1359 2469 1400 2536 de
1428 2481 1534 2538 cetero

103 2569 136 2632 in
165 2566 302 2633 consilio
324 2567 489 2634 facultatis
508 2571 633 2635 arcium
655 2571 720 2636 sint
742 2570 843 2636 solum
867 2571 1031 2637 decentet
1053 2591 1111 2636 sex
1133 2569 1299 2656 magistri,
1329 2566 1370 2634 de
1391 2569 1536 2659 qualibet

103 2667 232 2732 natione
255 2675 405 2753 quatuor,
427 2669 670 2735 remanentibus
693 2679 801 2736 tamen
821 2672 987 2757 magistris
1009 2693 1095 2736 nunc
1114 2668 1156 2734 de
1170 2667 1305 2735 consilio
1320 2668 1535 2735 existentibus

106 2787 206 2854 usque
229 2764 276 2830 ad
297 2787 408 2832 eorum
430 2770 695 2836 extenuationem
722 2771 755 2835 et
784 2791 895 2835 eorum
922 2770 1138 2836 voluntarium
1160 2791 1325 2835 recessum
1347 2779 1403 2834 aut
1423 2767 1575 2834 daces-20

104 2886 182 2930 sum.
224 2865 273 2932 Et
301 2866 329 2930 si
355 2889 509 2933 successu
538 2871 695 2956 temporis
718 2892 870 2934 numerus
895 2871 981 2937 infra
1009 2870 1122 2935 decem
1144 2878 1176 2935 et
1197 2891 1256 2934 sex
1277 2868 1376 2934 licerit
1397 2868 1534 2934 diminu-

104 2973 173 3048 tus,
196 2973 320 3032 extunc
340 2963 490 3049 facultas,
512 2967 661 3034 habendo
683 2974 868 3055 respectum
889 2970 932 3035 ad
953 2970 1044 3035 illum
1065 2967 1117 3034 vel
1140 2969 1183 3034 ad
1202 2968 1285 3051 illos,
1306 2969 1362 3054 qui
1377 2967 1535 3050 moribus,

106 3063 253 3130 scienciis
282 3073 313 3130 et
345 3064 512 3132 laboribus
542 3069 614 3154 plus
644 3067 717 3132 aliis
748 3068 846 3132 fiterit
873 3091 930 3134 seu
959 3069 1078 3134 fuerint
1105 3069 1278 3154 insignitus
1301 3088 1358 3132 seu
1378 3068 1534 3154 insigniti,

106 3159 246 3248 eligendi
269 3173 301 3228 et
323 3163 463 3231 vocandi
484 3165 583 3233 aliurn
605 3167 657 3232 vel
678 3165 778 3250 alios,
807 3166 899 3233 salva
920 3177 1029 3234 tamen
1049 3169 1190 3256 paritate
1212 3167 1395 3251 nationum,
1415 3165 1535 3232 habeat

104 3257 244 3327 liberam
265 3263 481 3330 autoritatem
1541 3272 1575 3330 25

613 3469 641 3530 7.
674 3481 721 3530 nn
744 3481 1024 3532 raouoroamus.

184 3596 356 3663 Postremo
385 3598 507 3686 placet,
545 3596 632 3686 quod
658 3597 793 3686 quilibet
820 3597 932 3664 volens
962 3621 1033 3664 esse
1060 3600 1225 3687 particeps
1253 3597 1531 3664 emolimentorum

105 3695 145 3758 sit
168 3707 245 3760 actu
269 3717 395 3782 regens.
435 3695 562 3782 Regula
584 3700 669 3764 enim
691 3698 870 3786 apostolica
893 3700 940 3764 sic
961 3698 1166 3783 determinat,
1188 3697 1274 3788 quod
1293 3721 1358 3764 non
1378 3695 1530 3764 laborans

104 3817 165 3861 non
189 3796 289 3862 debet
311 3795 518 3880 manducare,
538 3797 776 3863 valitudinariis
795 3808 827 3863 et
847 3799 983 3864 infirmis
1008 3797 1168 3866 duntaxat
1189 3798 1342 3886 exceptis.

182 3895 262 3961 Alia
299 3916 378 3959 vero
408 3905 539 3962 nostrae
570 3896 733 3962 facultatis
764 3903 887 3962 statuta
922 3909 953 3962 et
985 3898 1223 3982 ordinationes,
1245 3899 1434 3986 praemissis
1465 3903 1573 3963 non30

104 3992 286 4079 obviancia,
307 3995 341 4060 in
362 4018 419 4061 suo
439 3996 556 4062 robore
578 3997 726 4064 volumus
747 4019 946 4084 permanere.

182 4127 235 4193 Ita
257 4127 382 4218 placuit
401 4128 541 4198 domino.

159 4448 292 4496 stratas
312 4449 471 4499 urtscorl
492 4451 801 4500 naazaaoaeartsls
832 4451 903 4500 CUM
923 4451 1061 4503 stanam
1083 4451 1289 4502 mams'rams
1311 4452 1358 4500 at)
1380 4451 1507 4502 FAGUL·

689 4552 807 4600 aaran(
827 4551 968 4602 ARGIUM.

179 4663 360 4746 lohannes,
393 4664 446 4730 dei
467 4666 581 4751 gracia
603 4668 777 4754 episcopus
806 4667 963 4734 ecclesiae
982 4667 1278 4755 Mersehurgensis,
1312 4667 1569 4734 cancellarius35

101 4765 213 4830 unicus
236 4763 344 4828 almae
376 4765 599 4830 universitatis
621 4766 719 4832 studii
742 4767 929 4855 Liptzensis
950 4777 1081 4833 noemae
1103 4767 1240 4834 diocesis
1260 4768 1378 4834 assde
1399 4777 1527 4854 aposto-

100 4860 162 4927 lica
182 4860 372 4950 specialiter
396 4863 578 4951 deputatus,
601 4867 843 4935 venerabilibus
864 4868 954 4951 viris,
978 4866 1101 4933 decano
1123 4876 1156 4933 et
1175 4868 1342 4955 magistris
1363 4866 1525 4933 facultatis

100 4964 216 5028 artium
236 4961 344 5028 dictae
365 4961 471 5029 almae
492 4966 722 5050 univcrsitatis,
745 4969 906 5034 sinceram
933 4969 967 5033 in
987 4967 1117 5034 domino
1138 4969 1316 5033 caritatem.
1357 4966 1444 5049 Quia
1466 4989 1527 5054 pro

100 5082 179 5147 pace
200 5071 234 5127 et
252 5061 490 5152 tranquillitate
512 5073 661 5152 statuque
680 5088 840 5154 prospero
861 5089 987 5132 necnon
1008 5066 1181 5134 ethonore
1201 5073 1396 5132 memoratae
1417 5064 1526 5131 diotae

100 5158 203 5228 almae
231 5163 454 5229 universitatis
476 5172 510 5229 et
527 5165 720 5252 praesertim
743 5164 850 5234 dictae
872 5165 1068 5234 venerabilis
1088 5167 1251 5234 facultatis
1273 5166 1400 5231 arcium
1422 5165 1565 5255 quod-40
