3748 6070
362 444 425 507 272
933 443 990 494 Das
1008 441 1210 508 marburg„

362 620 458 688 simul
479 620 736 688 correctionibus
756 631 789 686 et
804 621 957 688 fraternis
978 622 1221 690 inductionibus
1240 643 1372 688 monem
1392 619 1513 688 debent
1531 619 1675 688 eundem
1691 622 1791 706 magi

359 730 472 802 strum,
492 729 528 786 ut
547 731 652 788 cesset
671 721 890 786 avisitatione
912 745 968 787 seu
989 722 1226 788 introductione
1246 743 1407 808 personae
1422 720 1577 804 eiusdem,
1599 729 1633 786 et
1654 721 1790 808 puniant

361 841 434 884 eum
456 821 490 883 iu
512 840 569 884 suo
593 819 712 886 salario
725 819 778 885 vel
799 822 947 907 portione
967 843 1026 908 per
1046 843 1146 886 unum
1168 841 1322 902 mensem,
1345 821 1451 906 magis
1463 819 1516 885 vel
1537 820 1658 902 minus,
1681 841 1789 886 1111111·

360 917 438 982 dum
459 916 547 1004 quod
566 919 674 1004 ipsum
696 917 806 984 dolere
826 918 968 984 viderint
988 921 1030 986 de
1050 919 1243 986 commissis.
1287 917 1384 1000 Quod
1406 919 1435 984 si
1455 918 1594 986 eandem
1619 940 1791 1006 personam

319 1026 335 1082 5
363 1026 478 1103 quarto
500 1017 682 1082 visitaverit
703 1027 760 1083 aut
780 1017 1007 1101 introduxerit,
1034 1019 1108 1105 ipso
1135 1017 1303 1083 saetosus
1325 1017 1536 1103 collegiatura
1563 1018 1606 1084 sit
1632 1018 1791 1106 privatin,

359 1124 392 1180 et
421 1115 506 1180 iufra
538 1137 637 1180 uuum
668 1137 811 1180 mensem
843 1125 970 1181 teuetsu
1001 1115 1211 1182 effectualiter
1244 1115 1416 1202 collegium
1448 1117 1556 1199 exire;
1594 1117 1791 1182 contrarium
1869 1105 1870 1120 ¹

359 1215 484 1280 faciens
505 1225 630 1280 reatum
652 1215 788 1301 periurii
816 1216 964 1280 incsnrat
984 1217 1057 1302 ipso
1084 1215 1181 1280 facto.
1223 1213 1268 1280 Et
1288 1213 1424 1302 quilibet
1443 1217 1678 1301 magistrorum
1699 1213 1792 1280 debet

359 1314 467 1378 omnia
487 1323 519 1378 et
541 1312 669 1400 singula
690 1317 763 1379 visa
784 1323 817 1379 et
837 1313 950 1380 audita
969 1315 1002 1378 in
1024 1313 1207 1380 huiusmodi
1231 1335 1332 1380 causa
1353 1323 1464 1380 tenere
1485 1313 1546 1380 sub
1570 1325 1709 1397 secreto,
1732 1312 1788 1378 sub
1869 1319 1870 1402 ᾗ

360 1433 418 1476 suo
441 1409 493 1496 [23
501 1407 526 1497 ²]
550 1413 742 1478 iuramento.
1869 1433 1870 1500 j

320 1521 352 1576 10
443 1511 502 1576 Et¹
526 1509 601 1576 talis
623 1513 736 1576 exiens
764 1534 823 1598 per
845 1511 930 1576 huno
951 1510 1003 1577 vel
1034 1510 1133 1576 alium
1154 1507 1286 1576 modum
1308 1532 1369 1576 nee
1395 1511 1517 1576 directe
1546 1532 1608 1575 nec
1635 1509 1791 1576 indirecte
1869 1555 1870 1560 η

360 1631 420 1696 per
442 1631 476 1674 se
498 1608 550 1673 vel
572 1609 672 1674 ulium
692 1611 863 1676 occasione
884 1609 970 1675 illius
993 1620 1049 1676 aut
1069 1609 1296 1697 praecedentis
1319 1611 1430 1674 statuti
1450 1607 1619 1674 vindicare
1641 1631 1678 1674 se
1700 1608 1791 1674 debet
1869 1661 1870 1684 ,

358 1712 393 1774 iu
415 1707 551 1794 collegio
576 1707 629 1772 vel
660 1709 768 1792 aliquo
790 1710 958 1795 magistro,
986 1707 1136 1774 inbonis
1166 1707 1293 1794 collegii
1321 1707 1374 1775 vel
1403 1708 1562 1794 magistri,
1596 1707 1659 1774 sub
1690 1729 1792 1795 poena
1869 1689 1870 1712 ¹

359 1809 505 1895 periurii,
527 1829 624 1891 quam
647 1807 795 1872 similiter
815 1809 954 1874 incurrit
973 1809 1046 1894 ipso
1067 1807 1165 1872 facto.
1869 1885 1870 1890 γ

441 1911 469 1971 9.
490 1905 535 1969 Et
555 1904 689 1990 placuit,
711 1907 798 1991 quod
818 1903 907 1993 [del]
929 1928 1014 1972 novo
1029 1907 1164 1970 intranti
1186 1905 1356 1991 collegium
1377 1906 1561 1992 praemissa
1582 1905 1651 1970 iam
1673 1913 1790 1970 statuta

320 2003 569 2091 sosinguanor
589 2003 739 2090 legantur
760 2014 793 2072 et
812 2007 886 2092 ipsa
907 2005 1093 2092 specialiter
1115 2005 1200 2070 iuret
1220 2003 1408 2070 observare.

736 2139 967 2188 luussffluruu
986 2139 1172 2188 munerans
1192 2137 1412 2186 commatum.

441 2220 553 2307 „Egol
566 2221 624 2290 ,.N.
647 2222 728 2303 iuro,
759 2218 847 2306 quod
875 2220 1042 2286 libertates
1070 2229 1102 2284 et
1130 2219 1252 2286 bonurn
1278 2219 1419 2284 nationis
1445 2237 1539 2282 meae
1559 2217 1661 2284 velim
1689 2217 1790 2284 delen·
1869 2279 1870 2282 ,

359 2319 436 2385 dere
463 2329 495 2384 et
515 2319 635 2384 bonum
657 2319 784 2404 collegii
813 2319 919 2401 huius,
948 2318 991 2384 ad
1012 2340 1236 2406 quemcunque
1264 2327 1383 2382 statum
1406 2316 1579 2397 devenero,
1606 2339 1790 2403 procurare,

359 2428 391 2484 et
420 2428 541 2485 statuta
568 2428 600 2483 et
629 2418 809 2501 statuenda,
839 2440 923 2506 quae
953 2441 1012 2506 per
1037 2420 1194 2484 maiorem
1224 2427 1352 2503 partem
1379 2413 1508 2502 collegii
1539 2423 1614 2479 sunt
1643 2425 1677 2479 et
1704 2425 1790 2480 1111111
1869 2465 1870 2474 ,

316 2517 514 2585 ffleoncluae
535 2527 568 2582 et
593 2515 788 2604 approbata,
818 2539 857 2582 ac
885 2517 1134 2582 eonsuetudines
1161 2513 1373 2580 rationabiles
1393 2525 1499 2580 tentas
1526 2513 1666 2578 firmiter
1687 2512 1790 2578 obser·

360 2639 449 2698 vare,
480 2639 557 2681 man
566 2613 650 2703 [231]
661 2615 811 2704 datisque
842 2617 1020 2703 praepositi
1041 2614 1293 2682 rationabilibus
1315 2613 1448 2680 obedire
1468 2623 1500 2678 et
1522 2611 1565 2678 ad
1593 2614 1702 2699 ipsius
1722 2635 1790 2678 oon·
1869 2631 1870 2678 1

362 2717 551 2781 vocationes
579 2717 700 2796 venire,
730 2725 786 2780 aut
813 2737 937 2801 poenas
968 2715 1095 2781 solvere
1123 2715 1175 2780 vel
1207 2719 1321 2802 poeuis
1350 2716 1383 2780 in
1412 2723 1523 2778 tenore
1551 2713 1790 2778 convocationis
1869 2747 1870 2760 ,

361 2815 528 2901 expressis
549 2835 601 2878 me
623 2812 812 2879 submittere
841 2825 873 2892 et
901 2825 1036 2897 secreta,
1058 2814 1235 2882 dummodo
1257 2813 1464 2900 praepositus
1485 2810 1703 2894 mandaverit,
1729 2833 1789 2875 non

360 2912 523 2995 revelare,
556 2913 684 2976 etiamsi
712 2935 763 2977 me
792 2913 962 2998 resignare
989 2914 1177 2998 contigerit3
1221 2923 1253 2978 et
1281 2913 1368 3000 quod
1397 2913 1432 2976 in
1459 2910 1574 2976 ordine
1601 2933 1675 2976 meo
1704 2912 1790 2975 iuxta
1869 2983 1870 3000 ἶ

317 3009 624 3080 monsuetudinem
648 3010 775 3098 collegii
798 3009 895 3077 velim
921 3013 1156 3099 praepositam,
1184 3013 1269 3078 sicut
1295 3035 1347 3076 mo
1368 3010 1448 3077 deus
1475 3010 1609 3077 adiuvet
1630 3021 1663 3076 et
1684 3019 1789 3076 sancta
1869 3029 1870 3042 *

360 3109 413 3176 dei
434 3110 637 3196 evangelia.“
1869 3103 1870 3114 ’

447 3217 495 3278 10.
527 3211 610 3275 Item
633 3208 803 3295 collegium
827 3221 952 3276 tenetur
974 3209 1095 3276 habere
1116 3211 1349 3297 praepositum,
1376 3219 1409 3274 et
1436 3230 1565 3295 semper
1587 3209 1788 3296 praepositus

361 3311 511 3397 proxime
542 3309 669 3375 futurus
703 3319 828 3374 tenetur
860 3310 1122 3395 praeposituram
1153 3318 1325 3394 acceptare
1355 3330 1416 3394 per
1449 3329 1484 3372 se
1514 3305 1566 3371 vel
1606 3329 1667 3394 per
1698 3305 1788 3372 alium

360 3432 454 3474 suum
476 3419 723 3495 procuratorem
744 3408 778 3473 in
799 3409 960 3495 principio
983 3407 1209 3495 praecedentis
1237 3407 1436 3488 mutationis,
1467 3415 1546 3492 puta
1569 3407 1659 3472 cirea
1679 3407 1789 3470 fanum

317 3509 466 3574 aermon
488 3507 576 3573 Galli
598 3517 654 3573 eut
675 3505 819 3592 Georgii,
849 3507 908 3572 sub
931 3528 1036 3592 poena
1057 3507 1153 3572 unius
1175 3527 1361 3592 sexagenas
1380 3527 1494 3570 novae.
1536 3503 1581 3570 Et
1603 3507 1679 3570 talis
1702 3525 1787 3589 prae

360 3609 485 3696 positus
518 3608 645 3672 futurus
675 3605 781 3690 primo
811 3603 863 3669 die
896 3629 973 3670 suae
1006 3606 1252 3692 praepositurae
1281 3613 1409 3670 tenebar
1440 3605 1549 3670 iurare
1578 3605 1788 3670 iuramentum

360 3707 540 3795 praepositi
563 3727 674 3769 coram
697 3702 843 3787 collegio,
865 3702 926 3768 sub
947 3704 1060 3769 eadom
1083 3727 1200 3792 poena.

841 3835 1071 3886 111111111111111
1092 3839 1308 3888 Pausrost‘rl.

446 3917 505 4006 [Bl.
515 3915 587 4006 24⁸]
600 3918 693 4004 „Ego
703 3917 749 3982 .N.
763 3917 844 4000 iuro,
853 3917 939 4004 quod
950 3921 1077 4000 totiens,
1086 3921 1234 4007 quotiens
1248 3943 1299 3985 me
1309 3921 1343 3984 in
1352 3919 1413 3984 boc
1423 3917 1559 4004 collegio
1570 3917 1788 4004 praepositare

319 4019 546 4105 dicontigerit,
568 4017 723 4104 pecunias
746 4016 884 4102 collegii,
908 4017 1034 4106 siquae
1056 4018 1099 4083 ad
1120 4041 1234 4084 manus
1256 4041 1347 4084 meas
1360 4022 1518 4099 venerint,
1538 4017 1638 4082 velim
1658 4013 1789 4081 fideliter

363 4118 564 4204 dispensare,
593 4116 822 4204 aequalitatem
850 4117 958 4204 quoad
988 4119 1163 4203 magistros
1186 4117 1372 4201 observare,
1401 4119 1436 4182 in
1457 4116 1513 4182 illo
1542 4115 1682 4198 seilicet,
1708 4109 1788 4202 quod

362 4215 481 4282 nullius
504 4237 676 4302 personam
700 4217 850 4302 magistri
876 4216 1039 4302 collegiati
1061 4216 1136 4282 volo
1157 4225 1340 4305 acceptare,
1363 4215 1422 4281 sed
1443 4227 1600 4302 tanquam
1621 4231 1788 4302 personam

362 4337 562 4381 communem
585 4317 619 4380 in
640 4315 735 4380 factis
761 4315 891 4401 collegii
917 4339 968 4380 me
989 4316 1064 4382 volo
1088 4315 1242 4381 exhibere
1269 4327 1302 4381 et
1329 4314 1372 4380 ad
1399 4317 1619 4401 cuiuscunque
1646 4309 1787 4398 magistri

360 4415 402 4480 de
429 4412 564 4498 collegio
594 4415 853 4501 requisitionem,
883 4417 1136 4504 quotiescunque
1165 4437 1224 4501 per
1254 4437 1327 4480 eum
1357 4415 1533 4501 requisitus
1561 4413 1668 4495 fuero,
1695 4407 1788 4474 velim

317 4511 532 4597 toeollegium
564 4513 649 4577 infra
680 4513 766 4580 diem
797 4513 977 4579 natsuslem
1009 4535 1206 4596 convocare,
1239 4523 1360 4578 statuta
1390 4521 1422 4577 et
1454 4511 1642 4595 statuenda,
1675 4517 1788 4576 statum

441 4683 451 4734 1
472 4679 513 4732 Ε1
531 4677 735 4748 municipes
746 4684 832 4749 scoto
850 4679 916 4734 vird
935 4678 964 4732 iu
982 4677 1032 4732 der
1049 4677 1185 4734 Urlsuude
1202 4694 1255 4733 von
1276 4682 1339 4733 1165
1358 4675 1547 4748 ausgehobeu.
1577 4674 1631 4732 Die
1650 4669 1789 4730 Abutrin

361 4763 411 4818 der
428 4761 557 4818 Statutau
575 4761 637 4817 lieet
654 4763 744 4816 aciens
761 4763 804 4818 vel
821 4763 890 4818 luno
908 4763 952 4818 rel
968 4762 1054 4816 olium
1070 4763 1188 4831 mordeo,
1209 4763 1275 4832 J'ene
1292 4761 1427 4818 Urkunde
1444 4759 1579 4830 richtiger
1596 4777 1651 4831 por
1668 4759 1731 4812 1111111
1745 4753 1790 4808 uel

359 4847 453 4986 “huni
473 4930 571 4986 Diessr
588 4928 640 4983 uid
660 4925 748 4983 findet
767 4928 825 4984 sich
847 4929 919 4986 anob
940 4929 968 4984 iu
988 4928 1038 4984 der
1055 4928 1191 4986 Urkunde
1209 4947 1263 4984 von
1283 4933 1361 4998 14653
1384 4947 1414 4985 es
1436 4927 1529 4984 feblen
1551 4927 1620 4982 aber
1635 4926 1678 4982 dis
1693 4923 1788 4978 Worte

359 5015 550 5085 modumque
572 5014 731 5086 praepositi
748 5013 791 5068 bis
807 5016 888 5071 velim
911 5013 1110 5086 praepositura.
1145 5013 1222 5070 stac
1242 5015 1313 5070 111111
1329 5031 1371 5070 me
1392 5015 1456 5070 lieet
1475 5012 1521 5068 die
1538 5011 1672 5070 Urkunde
1685 5009 1723 5064 rs'e
1736 5024 1787 5074 me,

361 5117 416 5156 was
433 5098 506 5154 wohl
522 5099 572 5155 das
590 5096 722 5170 Richtige
739 5098 782 5154 ist.
