3768 6072
332 489 392 558 250
900 493 957 546 Das
975 493 1063 546 hlaine
1081 493 1186 560 colleg.

333 671 449 738 clausit
475 681 653 740 extremum
678 675 713 738 in
734 673 863 740 Christo
883 674 1045 760 quondam
1065 675 1256 761 magnificus
1279 684 1311 741 et
1339 674 1490 762 egregius
1510 673 1572 756 vir,
1602 671 1750 740 dominus

332 773 532 836 Hinrieus
554 772 782 840 Sertorius¹
802 774 1148 856 Brunswicensis,
1170 776 1288 840 aruum
1308 772 1503 856 liberalium,
1527 771 1751 861 philosophiae

332 881 364 935 et
384 869 563 938 medicinae
585 871 705 956 doctor,
735 874 844 961 quiin
866 873 948 939 lecto
976 897 1053 941 suae
1075 872 1297 960 aegritudinis,
1319 875 1504 940 convocatis
1526 872 1677 940 omnibus
1697 872 1750 940 do·

332 971 428 1036 minis
451 970 491 1037 de
513 971 647 1060 collegio
668 974 837 1060 principis,
861 972 1077 1038 confratribus
1100 975 1177 1057 suis,
1200 995 1427 1061 praenoscens,
1449 995 1484 1038 se
1506 974 1697 1038 moriturum
1717 974 1749 1036 in

290 1079 307 1134 5
333 1070 435 1154 brevi,
464 1069 521 1136 sed
543 1071 655 1138 horam
677 1073 839 1160 ignorans,
867 1073 982 1161 petivit
1001 1074 1172 1160 imprimis,
1195 1093 1287 1137 suum
1307 1080 1515 1138 manutenere
1534 1071 1637 1138 velint
1657 1081 1749 1137 testa·-

333 1179 485 1254 mentum‚
507 1181 548 1254 et,
570 1171 717 1238 omnibus
739 1175 862 1258 gratias
885 1171 1153 1258 etvaleteagens,
1174 1171 1322 1254 finaliter,
1344 1181 1604 1259 mentecompos‚
1625 1171 1750 1237 tameui

334 1291 469 1357 corpore
489 1293 595 1358 aeger,
623 1261 904 1338 irideterminatam
932 1271 1022 1337 dedit
1049 1269 1183 1358 collegio
1209 1273 1390 1359 pecuniam,
1413 1293 1473 1359 pro
1492 1293 1557 1359 qua
1578 1271 1749 1353 ruinosam,

333 1377 369 1433 ut
397 1371 469 1457 ipse
502 1371 605 1452 novit,
634 1372 761 1459 possint
793 1370 915 1437 domini
946 1371 1080 1436 reficere
1112 1370 1313 1437 dominorum
1343 1371 1480 1440 stubam.
1524 1369 1621 1451 Quod
1652 1381 1748 1436 atten-

333 1469 444 1535 dentes
474 1470 669 1558 spectabiles
696 1471 818 1538 domini
845 1473 1079 1536 testamentarii
1109 1481 1183 1558 post
1210 1480 1345 1536 mortem
1372 1469 1451 1535 dicti
1479 1469 1633 1552 doctoris,
1661 1491 1747 1556 egre·

295 1578 325 1634 10
332 1571 404 1655 gius
432 1570 463 1634 d.
486 1569 599 1634 Simon
624 1569 760 1636 Pistoris
782 1570 976 1658 Liptaensis‚
1004 1574 1123 1638 artium
1148 1580 1181 1635 et
1207 1569 1387 1635 medicinae
1417 1567 1539 1652 doctor,
1566 1567 1749 1657 spectabilia

330 1671 381 1734 vir
403 1668 432 1734 d.
454 1668 574 1734 Paulus
597 1667 811 1757 Szwollheym
834 1669 1046 1736 Gorlitaensis
1068 1679 1266 1758 praesentes,
1292 1670 1461 1734 maturiori
1490 1669 1605 1734 hahita
1631 1667 1748 1733 delibe-

334 1769 474 1853 racione,
502 1791 586 1834 anno
609 1771 752 1855 sequenti
773 1773 942 1858 pecuniam
963 1771 1070 1858 ipsam
1092 1769 1389 1836 determinaverunt
1409 1780 1442 1856 et
1461 1769 1678 1856 quadraginta
1697 1767 1748 1834 oh

330 1868 471 1934 tulerunt
488 1869 628 1934 florenos
650 1891 810 1952 renensea,
832 1869 995 1958 depositos
1018 1870 1106 1958 apud
1127 1879 1275 1936 senatum
1293 1869 1385 1935 urbis
1406 1869 1602 1956 Liptaensis,
1629 1867 1689 1933 sub
1710 1891 1748 1934 ea

332 1967 530 2050 condicione,
551 1977 710 2056 quatenus
732 1970 972 2035 anniversarius
993 1971 1098 2035 instar
1120 1968 1256 2034 aliorum
1286 1969 1457 2055 quotannis
1483 1990 1542 2054 pro
1569 1969 1681 2032 anima
1699 1969 1749 2054 pie

294 2077 323 2130 15
334 2067 476 2132 defuncti
497 2077 529 2132 et
549 2089 679 2132 suorum
701 2078 894 2154 agnatorum
917 2079 949 2134 et
970 2079 1182 2156 cognatorum
1210 2070 1243 2132 in
1272 2067 1353 2132 aede
1375 2066 1443 2131 divi
1463 2066 1590 2132 Nicolai
1611 2065 1749 2132 celebra·

332 2176 426 2232 retur.
458 2166 554 2232 Pium
578 2167 666 2232 istud
688 2189 768 2254 opus
796 2177 828 2233 et
849 2167 1031 2235 benivolam
1052 2164 1131 2256 [31¹³]
1151 2177 1290 2234 mentem
1313 2165 1434 2232 domini
1456 2163 1496 2230 de
1518 2165 1653 2254 collegio
1679 2189 1748 2232 cunr

334 2265 438 2332 literis
458 2267 598 2354 desuper
620 2267 774 2332 consectis
795 2279 1041 2356 assumpserunt
1062 2276 1094 2332 et
1115 2266 1175 2333 sub
1195 2267 1257 2332 hac
1276 2267 1381 2331 forma
1401 2267 1660 2332 anniversarium
1682 2289 1749 2353 per

333 2368 438 2452 petuis
460 2365 660 2453 temporibus
684 2365 872 2432 duraturum
892 2367 1069 2432 fundarunt
1096 2369 1130 2431 in
1158 2366 1295 2432 eeclesia
1321 2364 1502 2452 parochiali
1529 2365 1598 2430 divi
1626 2365 1750 2432 Nicolai

330 2466 420 2531 urbis
444 2466 641 2553 Liptzensis,
669 2475 826 2551 quatenus
855 2468 942 2532 circa
970 2468 1088 2532 festum
1116 2466 1185 2530 divi
1204 2465 1377 2547 Bonifaeii,
1403 2464 1568 2530 dominica
1596 2464 1650 2530 die
1679 2475 1750 2530 ante

288 2573 387 2630 hoaut
408 2573 488 2651 post,
509 2565 657 2630 dominus
679 2564 836 2652 plebanus
857 2575 913 2630 aut
934 2589 1011 2631 suus
1032 2567 1174 2632 vicarius
1196 2575 1270 2654 post
1292 2586 1471 2630 sermonem
1494 2563 1580 2629 diem
1604 2565 1749 2630 anniver-

331 2665 410 2729 sarii
440 2665 619 2748 denunciet,
646 2675 682 2729 ut
704 2665 765 2728 hoc
787 2664 839 2730 die
859 2665 1000 2751 vigiliae,
1031 2667 1177 2753 sequenti
1202 2686 1281 2730 vero
1309 2665 1428 2730 missae
1456 2686 1516 2751 pro
1544 2665 1655 2730 anima
1676 2663 1750 2730 dieti

332 2762 474 2828 doctoris
495 2762 753 2829 celebrabuntur.
782 2763 836 2828 Ad
857 2773 1029 2851 utrumque
1050 2763 1134 2830 diem
1156 2764 1361 2850 designatum
1381 2761 1439 2828 fiat
1459 2763 1572 2850 pulsus
1588 2773 1623 2828 et
1643 2763 1751 2829 tumba

333 2862 477 2947 erigatur
506 2886 579 2929 cum
608 2863 751 2928 candelis
781 2885 840 2951 per
869 2863 1045 2946 custodem,
1077 2864 1209 2950 vigiliae
1241 2885 1357 2929 novem
1386 2863 1559 2929 lectionum
1589 2873 1623 2928 et
1655 2865 1752 2930 missa

330 2961 526 3049 principales
543 2961 584 3040 (l)
595 2963 678 3028 inter
688 2971 754 3028 tres
767 2963 882 3028 missas
892 2963 1117 3030 defirnctorum
1131 2985 1220 3030 more
1235 2972 1387 3029 consueto
1403 2985 1461 3050 per
1475 2963 1622 3029 chorales
1637 2962 1751 3028 decan-

288 3069 446 3128 25tentur.
485 3062 575 3128 Infra
596 3063 730 3126 missam
752 3072 825 3149 post
851 3061 1061 3149 ewangelium
1084 3063 1243 3150 plebanus
1269 3073 1325 3128 aut
1350 3063 1420 3128 eius
1441 3063 1583 3127 vicarius
1606 3062 1752 3128 hortetur

330 3160 499 3248 populum,
530 3173 687 3250 quatenus
717 3184 777 3249 pro
806 3163 915 3226 anima
943 3163 1020 3228 dicti
1049 3162 1134 3230 dom.
1162 3163 1305 3228 doctoris
1327 3161 1466 3243 Hinrici,
1498 3172 1692 3248 agnatorum
1723 3171 1753 3226 et

330 3271 539 3348 cognatorum
561 3263 630 3326 eius
650 3271 682 3326 et
707 3261 949 3328 benefactorum
971 3262 1098 3350 collegii
1117 3273 1198 3345 oret,
1223 3260 1360 3348 singulis
1382 3271 1489 3326 autem
1511 3259 1628 3327 diebrra
1650 3261 1751 3328 domi·

330 3362 410 3427 nicis
435 3371 504 3426 oret
524 3383 585 3449 pro
606 3362 716 3426 anima
738 3361 880 3426 doctoris
912 3361 1061 3428 defuncti.
1101 3361 1166 3428 Pro
1196 3385 1259 3449 quo
1289 3361 1437 3428 dominus
1463 3359 1623 3446 plebanus
1651 3362 1751 3428 instar

328 3461 463 3528 aliorum
490 3463 785 3527 anniversariorum
807 3459 940 3526 habehit
962 3463 1134 3548 quotannis
1156 3461 1338 3550 quindecim
1361 3475 1402 3545 qt.
1425 3469 1458 3524 et
1479 3459 1617 3546 singulis
1638 3483 1750 3549 supra·

285 3562 423 3628 30dictis
454 3561 641 3626 satisfaciat.
682 3561 721 3626 In
752 3559 869 3646 quibus
888 3559 1009 3646 vigiliis
1040 3570 1072 3625 et
1103 3563 1211 3626 missis
1245 3559 1305 3626 sub
1337 3581 1442 3647 poena
1475 3561 1656 3644 cosenciae,
1692 3583 1748 3648 per

328 3658 491 3726 dominum
523 3661 745 3747 praepositum
774 3659 964 3741 intimanda,
996 3657 1086 3724 salvo
1120 3681 1178 3726 suo
1209 3659 1340 3726 sallario
1370 3656 1504 3746 quilibet
1536 3657 1690 3726 dominus
1711 3660 1750 3725 de

329 3759 464 3845 collegio
486 3759 643 3845 principis
665 3756 761 3822 debet
782 3779 853 3822 ease
874 3779 1029 3844 praesens
1049 3767 1124 3822 ante
1144 3759 1241 3826 finem
1262 3760 1387 3846 primae
1409 3757 1554 3824 lectionis
1576 3761 1611 3822 in
1632 3758 1751 3846 vigiliis

331 3871 362 3924 et
390 3854 545 3944 epistolae
571 3858 605 3920 in
630 3857 731 3921 missa
751 3859 785 3920 in
806 3855 904 3922 choro
928 3855 1034 3922 dictae
1055 3857 1211 3924 ecclesiae
1231 3857 1301 3922 divi
1322 3857 1449 3924 Nicolai
1468 3867 1501 3922 et
1524 3858 1643 3924 offerre
1663 3880 1751 3924 more

329 3965 480 4023 consueto
502 3965 598 4040 atque
619 3977 685 4020 non
706 3955 856 4021 sacerdos
879 3955 987 4042 legere
1009 3958 1154 4043 integras
1174 3958 1314 4044 vigilias,
1338 3957 1491 4022 sacerdos
1505 3979 1593 4038 vero,
1616 3957 1744 4044 quando

288 4069 321 4123 35
333 4056 509 4144 dispositus
537 4055 643 4137 fuerit,
674 4056 807 4120 missam
835 4079 893 4142 pro
913 4057 1022 4122 anima
1051 4057 1193 4122 defuncti
1222 4056 1401 4138 celebrare,
1430 4079 1490 4143 pro
1520 4079 1584 4144 quo
1614 4057 1749 4144 quilibet

330 4153 463 4222 habebit
483 4175 523 4218 ex
545 4150 628 4218 dom.
650 4156 838 4242 praeposito
862 4164 938 4220 binc
968 4157 1127 4222 existente
1155 4156 1265 4222 decem
1293 4158 1442 4244 antiquos
1471 4179 1615 4243 grossos,
1642 4159 1750 4244 porcio

329 4263 437 4321 autem
459 4252 600 4318 absentia
623 4263 655 4318 et
675 4253 868 4340 negligentis
890 4277 1076 4322 accrescere
1096 4255 1194 4321 dehet
1213 4256 1292 4322 fisco
1314 4255 1452 4342 collegii
1474 4256 1643 4337 Quatenus
1664 4255 1749 4322 istud

330 4358 421 4443 pium
442 4375 523 4440 opus
544 4362 711 4441 perpetuo,
740 4363 775 4418 ut
804 4355 985 4420 institutum
1013 4365 1072 4437 est,
1101 4363 1256 4438 servetur,
1286 4354 1406 4421 debent
1432 4354 1517 4420 dom.
1546 4357 1751 4443 praepositus

330 4477 403 4520 oum
417 4453 531 4518 ceteris
546 4452 677 4538 collegis
699 4453 776 4518 dicti
796 4451 923 4539 collegii
945 4455 1103 4541 principis
1126 4476 1249 4536 curare,
1272 4453 1490 4542 quadraginta
1502 4453 1617 4520 floreni
1640 4478 1750 4543 supra-

289 4553 485 4621 tonominati
516 4573 642 4638 semper
670 4575 729 4638 pro
760 4553 874 4618 annisis
898 4553 1048 4618 censibus
1079 4563 1300 4640 exponantur3
1332 4564 1363 4618 et
1395 4576 1463 4618 rem
1496 4553 1636 4622 fideliter
1667 4565 1750 4620 stare

328 4653 455 4734 volunt,
483 4660 518 4716 ut
547 4653 667 4738 posteri
696 4675 755 4739 pro
784 4655 847 4718 iam
876 4654 960 4717 vivis
987 4653 1109 4718 faciant
1135 4661 1281 4738 tempore
1310 4676 1368 4720 suo
1398 4654 1525 4741 exequi.
1568 4655 1688 4722 Actum
1716 4662 1750 4718 ut

404 4959 416 5008 l
438 4952 493 5007 Am
514 4949 613 5004 Raude
634 4966 688 5004 ron
715 4952 808 5020 spilter
829 4950 913 5006 Hand
935 4951 995 5023 (dea
1019 4955 1057 5006 18.
1076 4949 1148 5022 Jh.):
1183 4951 1364 5010 sesamam
1385 4961 1462 5010 aot:
1491 4953 1673 5008 aetram
1706 4951 1751 5008 Da

327 5039 460 5097 acreda
475 5031 684 5091 niederdeutach
696 5059 731 5080 --
741 5034 927 5092 hochdantach
943 5036 1065 5091 acts-tter
1080 5035 1126 5106 ist,
1142 5053 1173 5092 so
1186 5037 1297 5094 ltnnen
1316 5037 1396 5094 beide
1405 5037 1513 5096 Nomen
1528 5035 1678 5108 allerdings
1688 5035 1749 5090 den·

332 5123 425 5184 selben
440 5121 583 5179 bedenten.
