3748 6070
302 485 364 546 ῃ
874 479 928 530 Das
945 479 1035 530 klaina
1054 477 1158 542 colleg.

302 663 394 752 prius
417 661 506 751 apud
528 664 636 749 ipsum
657 684 721 727 non
741 661 907 747 inscripto.
930 659 1046 726 Nullus
1067 657 1230 726 adsciscat
1251 657 1315 724 sibi
1338 657 1614 741 contubernalem,
1637 681 1729 748 quern

302 764 426 828 nesciat
447 772 587 828 curator.
628 761 752 826 Locum
772 757 967 826 conductum
988 781 1047 846 per
1068 779 1183 826 manus
1206 782 1271 826 non
1298 757 1408 825 tradat
1436 758 1547 824 alteri:
1587 759 1731 846 quisquis

301 862 363 928 hoc
384 861 580 948 neglexerit,
607 859 818 926 habitationis
841 858 918 924 huic
938 859 988 924 ius
1008 856 1133 924 nullum
1154 868 1234 924 esto.
1275 857 1403 924 Placuit
1425 867 1532 928 autem
1554 859 1603 923 sic
1622 879 1730 924 nume·

302 963 370 1026 rari
392 957 457 1047 [44]
481 960 659 1026 semestris.
701 957 874 1023 Aestivum
902 957 1034 1042 quidem
1060 979 1081 1022 a
1107 957 1269 1023 dominica
1293 955 1385 1022 finali
1418 955 1623 1043 paschalium
1651 979 1732 1022 nun-

259 1073 275 1124 5
302 1061 462 1143 dinatum,
490 1058 588 1144 vulgo
610 1056 748 1124 (lentate
773 1065 975 1143 nuncupata:
1013 1055 1194 1143 hybernum
1220 1077 1299 1120 vero
1320 1055 1363 1122 ab
1385 1077 1424 1121 ea
1446 1055 1619 1136 dominice,
1650 1078 1731 1143 quae

302 1161 375 1224 finit
406 1157 607 1224 autumnales
635 1155 805 1220 nundinas.
848 1155 912 1236 Qun
933 1153 1167 1221 habitationem
1195 1177 1288 1220 susm
1316 1154 1444 1240 longius
1473 1154 1615 1220 incolere
1635 1153 1730 1234 volet,

302 1269 376 1324 ante
397 1280 435 1322 ea
457 1267 605 1342 tempora
624 1257 743 1320 iterum
764 1277 837 1319 eam
858 1253 1025 1337 conducet,
1054 1253 1175 1340 alioqui
1201 1277 1273 1320 eam
1302 1253 1359 1320 alii
1386 1253 1528 1320 locatam
1559 1275 1632 1318 esse
1658 1275 1729 1318 con·

302 1359 395 1445 queri
416 1379 479 1420 non
500 1357 628 1442 poterit.
656 1353 715 1418 Sin
729 1375 807 1419 vcro
830 1353 935 1419 denuo
954 1363 1011 1419 aut
1030 1353 1174 1438 alioquin
1194 1353 1386 1419 conductam
1407 1352 1575 1442 possidere
1594 1351 1731 1418 noluerit

301 1455 353 1520 vel
390 1477 454 1520 non
486 1454 644 1541 potuerit,
678 1453 823 1539 precium
852 1452 1021 1518 locationis
1053 1451 1262 1518 nihilominus
1294 1454 1455 1537 integrum
1485 1451 1653 1539 persolvat
1680 1451 1732 1516 vel

264 1553 402 1620 toalium
422 1551 559 1639 collegio
581 1551 734 1618 idoneum
754 1550 983 1618 conductorem
1002 1551 1156 1616 inveniat

803 1735 851 1782 DE
875 1734 941 1785 USU
963 1733 1220 1784 mlusutoms

893 1853 1060 1904 statutum
1077 1853 1135 1903 111.

385 1968 430 2054 [S.
452 1965 504 2055 45]
535 1967 589 2032 Ex
610 1965 777 2054 inquilinis
804 1968 925 2031 nemini
953 1969 1128 2055 quicquam
1155 1965 1330 2032 aedificare
1358 1966 1447 2049 licet,
1474 1966 1553 2031 nulli
1580 1967 1730 2052 frangere

301 2077 357 2131 aut
378 2069 552 2132 immutare
573 2065 744 2152 quicquam
766 2065 899 2152 impune
920 2065 1119 2131 conceditur.
1161 2065 1226 2146 Qui
1248 2065 1450 2131 aedificando
1473 2067 1648 2154 quicquam
1670 2065 1729 2129 fre·

262 2168 401 2252 ttgerit,
429 2165 582 2230 damnum
610 2163 731 2229 solvat:
765 2165 820 2250 qui
849 2166 947 2229 etiam
968 2165 1090 2230 utiliter
1111 2165 1182 2230 sine
1202 2165 1293 2230 iussn
1315 2164 1476 2248 acdificat,
1506 2163 1616 2251 perdit
1638 2185 1730 2251 pecn-

302 2267 399 2347 niam,
428 2273 460 2330 et
486 2287 550 2352 quo
570 2265 707 2352 quisque
729 2263 825 2328 modo
846 2263 1058 2330 habitationis
1079 2265 1185 2330 locum
1206 2264 1341 2351 accepit,
1364 2263 1477 2328 abiens
1500 2263 1615 2330 eodem
1641 2265 1731 2328 resti·

306 2374 376 2429 tuat
402 2387 475 2429 eum
503 2361 648 2449 collegio.
692 2361 858 2427 Sectiones
885 2373 916 2428 ct
943 2363 1091 2428 fissioncs
1119 2363 1291 2450 lignorum,
1320 2375 1352 2429 et
1374 2365 1401 2428 si
1422 2361 1501 2452 quid
1521 2361 1599 2428 huic
1620 2361 1731 2443 simile,

302 2465 336 2526 in
359 2463 451 2527 atriis
473 2471 506 2526 ot
527 2461 751 2549 superioribus
773 2461 852 2526 locis
874 2461 1004 2527 aedium
1028 2461 1100 2528 fieri
1125 2460 1344 2549 prohibemus,
1371 2461 1411 2528 ob
1438 2464 1602 2548 ingentem
1625 2460 1730 2526 labem

304 2562 581 2648 contignationum
619 2570 652 2624 et
689 2570 973 2645 compacturarum
1018 2561 1166 2628 aedificii.
1219 2560 1452 2648 Deprehensus
1490 2562 1591 2647 igitur
1629 2561 1731 2627 solvat

258 2660 443 2748 boquinque
471 2679 618 2745 grossos3
648 2660 676 2723 si
698 2660 826 2740 iterum,
852 2659 923 2726 luat
943 2659 1093 2747 duplum;
1125 2661 1153 2725 si
1181 2659 1329 2747 amplius,
1356 2659 1505 2725 trahatur
1526 2661 1562 2726 in
1582 2659 1729 2727 iuditium

299 2757 437 2844 collegii

753 2869 797 2960 [S.
818 2871 869 2961 46]
891 2891 939 2939 nn
961 2891 1274 2953 nmuqumnrrarn.

876 3027 1048 3078 statutum
1064 3027 1139 3081 1111.

380 3137 493 3204 Movet
519 3159 638 3225 graves
668 3138 735 3204 iras
759 3161 991 3226 saepenumero
1019 3150 1051 3206 et
1080 3141 1217 3208 acerbas
1245 3143 1457 3228 cogitationes
1484 3141 1674 3208 turbulenta
1699 3153 1730 3208 et

256 3237 528 3325 25intempestiva
548 3235 752 3302 tumultuatio
773 3239 826 3302 vel
846 3241 931 3304 inter
954 3262 1019 3322 eos,
1043 3243 1098 3330 qui
1119 3239 1231 3306 eodem
1254 3242 1288 3305 in
1310 3239 1381 3305 loco
1403 3251 1458 3305 aut
1480 3251 1617 3329 propter
1639 3241 1727 3307 babi-

299 3345 379 3400 tant.
417 3335 545 3401 Idcirco
567 3345 677 3401 monet
698 3335 877 3422 collegium,
904 3348 950 3422 ut,
978 3360 1074 3427 quam
1104 3341 1247 3404 maxime
1268 3337 1338 3403 fieri
1369 3349 1489 3426 potest,
1520 3343 1676 3429 strepitus
1696 3344 1728 3407 in

300 3437 393 3500 atriis
422 3445 454 3500 st
481 3433 640 3520 gradibus
668 3457 708 3500 ac
734 3437 840 3502 ianuis
870 3448 1062 3522 caveantm3
1091 3437 1178 3526 quod
1206 3439 1234 3502 si
1259 3461 1279 3502 a
1304 3439 1411 3504 vicino
1439 3439 1604 3527 quispiam
1633 3439 1728 3506 semel

298 3544 395 3619 atque
416 3535 534 3598 iterum
555 3545 688 3619 rogatus
712 3533 773 3598 sibi
796 3558 861 3600 non
883 3539 1131 3624 temperaverit,
1158 3560 1298 3626 poenam
1324 3538 1406 3603 feret
1433 3537 1558 3603 dimidii
1580 3550 1617 3605 ut
1639 3542 1727 3605 mini·

297 3657 385 3698 mum
409 3635 507 3698 aurei.
552 3633 685 3716 Cursus,
708 3634 819 3716 saltus,
840 3635 953 3718 iactus,
975 3633 1085 3724 pilam,
1105 3659 1232 3703 omnem
1253 3639 1383 3702 omnino
1403 3638 1438 3701 in
1459 3636 1595 3725 collegio
1618 3637 1727 3704 decur-

255 3743 289 3798 30
300 3734 457 3798 sationem
488 3730 712 3818 prohibemus,
742 3731 802 3797 sub
835 3731 947 3798 eadem
976 3756 1100 3821 poena3
1146 3734 1293 3800 similiter
1321 3735 1454 3818 boatus,
1485 3737 1563 3802 item
1591 3739 1727 3803 melicas

299 3829 364 3919 [47]
390 3829 639 3895 vociferationes
668 3852 686 3894 e
714 3831 879 3915 fenestris,
912 3831 1175 3918 gesticulationes
1211 3844 1242 3898 et
1274 3837 1389 3900 sunnia
1420 3845 1452 3901 et
1482 3836 1638 3924 quioquid
1669 3838 1727 3903 hoc

297 3930 427 3994 nomino
451 3926 622 4012 collegium
647 3928 832 3995 dedecorat.
873 3931 1030 3998 Nolumus
1053 3956 1163 4020 porro,
1194 3935 1408 4022 apparitores,
1437 3944 1533 4000 noctu
1555 3945 1611 4000 aut
1632 3937 1725 4000 inter·

299 4027 356 4092 diu
385 4038 599 4109 transcuntes,
629 4027 733 4094 sibilis
760 4040 815 4094 aut
842 4030 977 4096 vocibus
1006 4031 1175 4120 quibusvis
1213 4033 1375 4118 exagitari
1404 4043 1459 4098 aut
1487 4035 1604 4118 quovis
1634 4045 1725 4123 pacto

299 4125 342 4191 ad
371 4124 519 4213 querelas
549 4127 636 4214 apud
668 4139 814 4192 senatum
836 4131 976 4195 incitari.
1020 4129 1084 4211 Qui
1114 4131 1320 4196 contemserit
1348 4131 1419 4215 hoc,
1449 4131 1579 4198 decreto
1602 4133 1725 4220 collegii

255 4226 537 4291 ttaeverissimam
562 4249 699 4314 poenam
721 4227 811 4292 luito.

724 4393 771 4441 DE
792 4393 1032 4446 customens
1056 4397 1146 4446 CUBA
1166 4395 1300 4446 tostum

896 4513 1074 4564 Statutum
1092 4514 1124 4565 V.

382 4621 465 4690 Cum
489 4624 584 4688 unius
605 4647 702 4713 saepe
724 4627 837 4712 ignavi
859 4637 915 4691 aut
934 4628 1077 4714 imperiti
1098 4627 1238 4694 bominis
1252 4629 1450 4716 negligentia
1463 4630 1631 4696 incuriose
1643 4641 1725 4696 totae

301 4718 364 4808 [48]
389 4723 634 4789 communitates
657 4723 885 4790 miserabiliter
906 4727 1076 4812 perierint,
1105 4725 1305 4793 obtestamur
1327 4751 1436 4794 omnes
1459 4739 1490 4793 et
1512 4729 1665 4816 singulos,
1692 4741 1725 4793 ut

256 4831 289 4884 ⁴0
301 4822 365 4908 ipsi
387 4822 528 4910 primum
551 4843 646 4887 omne
665 4823 806 4888 incendii
828 4823 1006 4912 periculum
1029 4825 1216 4891 concilicet
1237 4825 1406 4914 diligentia
1426 4851 1484 4894 sua
1499 4837 1723 4915 praecaveant,

298 4919 415 4986 deinde
436 4929 468 4986 et
490 4919 620 4986 famulis
648 4921 733 4986 hanc
756 4945 866 4988 curam
893 4922 1054 4988 inculcent
1075 4948 1171 5012 quarn
1193 4925 1449 5014 diligentissime.
1484 4927 1614 5016 Aquam
1635 4949 1722 5014 prae·

237 5023 241 5036 '
298 5029 388 5083 terea
414 5043 474 5106 per
500 5019 570 5085 dies
597 5029 629 5085 et
649 5029 759 5086 noctes
783 5022 815 5085 in
835 5020 963 5108 hydriis
985 5031 1017 5087 et
1036 5024 1136 5104 vasis,
1166 5023 1208 5088 sd
1231 5026 1354 5111 primos
1375 5027 1514 5112 impetus
1534 5027 1618 5090 forte
1639 5027 1722 5111 igno

301 5119 417 5182 scentia
434 5119 584 5184 flammae
597 5119 845 5206 extinguendos,
863 5119 1020 5184 cubiculis
1041 5123 1107 5186 suis
1129 5125 1162 5186 in
1185 5131 1313 5208 promtu
1333 5123 1483 5190 habeant
1504 5125 1543 5190 In
1564 5123 1615 5190 hia
1631 5123 1721 5189 rebus
