3758 6072
336 457 398 522 370
828 458 880 508 Dia
898 457 1121 522 philosophantis
1140 457 1268 510 Facultft.

335 642 364 704 t.
385 635 531 703 Litora
558 638 836 704 excusatoria
863 639 1146 723 magistrorum
1178 638 1474 727 deputatorum
1496 637 1546 706 ad
1567 637 1761 704 dominnm

905 759 1151 826 episcopum.

420 903 613 970 Reverendo
634 905 668 970 in
683 903 812 970 Christo
828 907 914 992 patri
936 929 975 971 ac
997 904 1137 988 domino,
1159 905 1290 971 domino
1305 904 1453 986 Iohanni,
1475 903 1762 991 episcopohlerzs-

337 1000 509 1088 burgensi,
538 1003 642 1068 almae
670 1005 890 1070 universitatis
919 1005 1017 1070 studii
1045 1005 1231 1092 Liptzensis
1261 1003 1456 1070 cancellario
1484 1003 1602 1086 unico,
1637 1003 1763 1069 domino

295 1111 311 1166 5
337 1111 449 1166 nostro
462 1105 627 1186 graciose,
652 1105 873 1169 reverenciam
887 1115 919 1169 et
930 1104 1152 1170 obedienciam
1166 1107 1392 1191 orationesque
1407 1102 1552 1168 devotas.
1576 1101 1763 1167 Reverendc

337 1211 432 1288 pater
453 1223 493 1264 ac
513 1201 640 1266 domine
661 1203 822 1288 graciose!
851 1203 933 1270 Cum
954 1203 1080 1290 pridem
1103 1203 1146 1269 ad
1167 1211 1310 1268 vestram
1330 1203 1557 1290 paternitatem
1581 1201 1762 1286 graciosam

341 1299 547 1364 honorabiles
569 1309 601 1366 et
622 1304 874 1388 circumspectos
903 1303 1009 1384 viros,
1036 1301 1183 1369 dominos
1205 1301 1388 1368 Stenslaum
1411 1300 1452 1365 de
1471 1299 1571 1365 Auris
1591 1309 1625 1366 et
1650 1299 1764 1364 Iohan-

336 1420 411 1462 nem
438 1399 581 1486 Wysen,
611 1401 799 1488 praedictae
826 1411 956 1467 nostrae
981 1401 1144 1468 facultatis
1174 1401 1348 1488 magistros
1378 1421 1555 1486 sacraeque
1583 1399 1763 1484 theologiae

336 1496 549 1583 baccalarios,
573 1521 644 1564 cum
667 1499 761 1586 plerm
784 1501 937 1566 mandato
951 1501 1225 1566 transmiserimus
1247 1502 1281 1564 in
1302 1501 1398 1564 certis
1419 1499 1574 1586 negociis,
1596 1497 1714 1565 bonum
1734 1511 1765 1562 et

297 1595 493 1663 toltonorem
508 1608 638 1664 nostrae
658 1599 821 1664 facultatis
835 1601 1114 1684 concernentibus,
1135 1599 1179 1664 ad
1199 1600 1438 1687 impetrandum
1460 1599 1502 1664 ab
1526 1597 1639 1663 eadem
1660 1609 1764 1684 pater-

336 1698 437 1762 nitate
456 1708 568 1763 vestra
589 1699 740 1784 graciosa
760 1709 828 1764 tam
844 1709 990 1786 optatum
1005 1723 1102 1786 quam
1117 1701 1301 1786 graciosum
1315 1721 1507 1786 responsum
1520 1697 1616 1763 nobis
1627 1697 1765 1761 referen-

337 1795 430 1878 dum,
453 1799 691 1884 praenominati
710 1820 788 1865 vero
809 1801 957 1886 magistri
978 1799 1150 1864 redeuntes
1178 1797 1373 1880 retulerunt,
1399 1809 1557 1883 quatenus
1586 1796 1764 1884 paternitas

338 1904 448 1962 vestra
464 1899 620 1982 graciosa
642 1897 684 1964 ob
712 1908 896 1986 porrectam
924 1897 1077 1966 humilem
1099 1898 1375 1986 supplicacionem
1406 1919 1466 1984 pro
1489 1905 1582 1983 parte
1606 1895 1765 1961 facultatis

336 1996 372 2060 in
394 1993 520 2062 duobus
535 1995 656 2063 ultimis
671 2001 810 2081 statutis,
831 1999 865 2064 in
886 1997 1026 2086 quadam
1047 1996 1161 2064 cedula
1173 1997 1383 2064 articulorum
1399 2005 1560 2061 certorum
1576 2003 1763 2060 statutorum

298 2095 505 2178 theontentis,
526 2118 587 2183 pro
599 2101 764 2186 praesenti
782 2099 952 2164 dumtaxat
975 2096 1262 2164 condescendendo
1285 2096 1492 2184 dispensaret
1512 2093 1609 2159 modo
1633 2095 1765 2181 pristino

337 2193 544 2280 tollerandis,
573 2198 620 2262 sic
642 2209 751 2263 tamen
772 2197 859 2286 quod
881 2221 922 2262 ex
944 2209 1019 2284 post
1040 2220 1099 2285 per
1119 2197 1304 2263 facultatem
1327 2195 1450 2282 absque
1466 2217 1576 2259 morae
1598 2191 1766 2280 dispendio

339 2293 379 2360 de
402 2304 491 2359 certa
514 2297 655 2362 sciencia
676 2297 884 2382 paternitatis
908 2309 1034 2362 vestrae
1055 2299 1225 2384 graciosae
1246 2318 1307 2384 pro
1329 2297 1526 2360 incremento
1549 2292 1766 2357 universitatis

338 2393 432 2458 aliter
453 2395 690 2482 provideretur.
730 2395 795 2462 Pro
817 2418 879 2484 quo
910 2396 1039 2484 quidem
1063 2419 1219 2483 responso
1252 2397 1402 2482 graciose
1429 2403 1514 2458 totus
1535 2401 1646 2456 coctus
1668 2391 1765 2474 magi·

341 2501 478 2559 atrorum
502 2494 630 2560 concilii
651 2495 814 2560 facultatis
837 2519 872 2560 se
895 2495 1062 2581 obligavit,
1087 2506 1182 2583 prout
1206 2505 1237 2560 et
1257 2493 1381 2580 obligat
1401 2493 1435 2557 in
1456 2493 1637 2580 praesenti,
1659 2488 1766 2555 volun·

297 2601 407 2658 mtate
430 2592 583 2658 concordi
607 2617 647 2658 ac
668 2596 776 2660 animo
806 2594 902 2682 parili
931 2605 1059 2660 vestrae
1085 2596 1255 2680 graciosae
1282 2593 1472 2680 paternitati
1494 2589 1660 2678 obsequiis
1681 2588 1766 2652 inde·

338 2693 444 2757 fessis.
486 2691 590 2758 Porro
620 2695 796 2759 novissime
832 2693 960 2758 literam
988 2695 1195 2782 paternitatis
1225 2701 1354 2758 vostrae
1380 2691 1550 2778 graciosae
1574 2689 1765 2768 cumomni,

339 2815 404 2876 qua
426 2791 535 2857 decuit
558 2801 590 2856 et
611 2802 646 2857 ut
667 2791 853 2876 debuimus,
876 2793 1053 2859 honestatis
1075 2796 1263 2859 reverencia
1278 2811 1307 2858 'a
1329 2790 1509 2856 venerabili
1530 2791 1615 2872 vire,
1639 2787 1765 2853 domino

340 2890 464 2957 decano
500 2893 604 2956 sancti
634 2891 737 2974 Sixti,
770 2894 943 2960 secretario
974 2903 1005 2959 et
1034 2893 1165 2959 officiali
1195 2893 1400 2980 paternitatis
1427 2899 1557 2956 vestrae
1589 2889 1765 2976 graciosae,

339 2991 521 3078 recepimus
542 2989 752 3075 creditivam,
780 2993 928 3080 quamvis
958 3003 1048 3060 tanto
1071 3004 1200 3059 vostrae
1223 2992 1458 3058 dominacionis
1478 2987 1766 3055 reverendissimae

297 3092 514 3156 assecretario
541 3090 638 3157 fidem
677 3090 905 3158 adhiberemus
935 3091 1158 3180 plenissimam
1193 3093 1233 3157 dc
1261 3091 1397 3178 singulis
1418 3087 1639 3178 proponendis
1662 3087 1765 3152 sonitu

338 3191 434 3255 vivae
461 3191 560 3259 vocis.
609 3189 759 3256 Asseruit
788 3189 983 3258 venerabilis
1012 3190 1162 3258 dominus
1193 3191 1336 3256 decanus
1370 3190 1474 3255 sancti
1511 3187 1599 3254 Sixti
1635 3206 1766 3274 praeno

339 3289 492 3372 minatus,
515 3289 558 3355 ad
573 3311 668 3355 aures
690 3291 834 3356 eiusdem
855 3300 985 3357 vestrae
1006 3292 1213 3378 paternitatis
1234 3289 1611 3376 graciosaepervenissc,
1633 3306 1765 3374 praeno

340 3391 479 3455 minatos
513 3389 688 3476 magistros
729 3391 887 3478 quaedam
930 3391 1009 3474 alia,
1045 3413 1143 3478 quam
1186 3413 1206 3456 a
1243 3399 1354 3456 vestra
1384 3389 1580 3476 paternitate
1620 3386 1766 3473 graciosa

340 3488 512 3553 referenda
532 3500 741 3576 receperunt,
768 3489 913 3556 facultati
943 3493 1067 3556 arcium
1096 3491 1261 3574 retulisse,
1289 3499 1321 3556 et
1342 3491 1521 3575 signanter,
1552 3486 1690 3552 eandem
1716 3505 1767 3547 ve

296 3594 441 3652 menam
470 3589 697 3674 paternitatem
724 3591 906 3674 graciosam
943 3590 1152 3655 confirmasse
1187 3591 1294 3655 omnia
1322 3598 1442 3654 statuta
1470 3609 1526 3652 seu
1553 3595 1709 3671 concepta
1735 3583 1767 3646 in

341 3685 483 3773 quadam
504 3687 631 3770 cedula,
653 3687 756 3752 eidem
777 3698 906 3754 vestrae
927 3691 1115 3776 paternitati
1137 3691 1307 3776 graciosae
1329 3687 1411 3754 alias
1432 3695 1649 3774 praesentata.
1685 3683 1767 3748 Sane

340 3807 414 3850 cum
434 3788 575 3872 praefati
602 3787 749 3870 magistri
771 3787 806 3852 in
827 3789 913 3852 omni
938 3791 1076 3854 veritate
1103 3799 1135 3855 et
1161 3789 1324 3855 constanti
1350 3789 1536 3852 maturitate
1561 3785 1686 3870 absque
1705 3779 1767 3847 nlla

342 3893 512 3971 suspectae
524 3885 821 3952 confoederacionis
835 3898 912 3952 nota
932 3888 966 3952 in
988 3890 1179 3974 praesencia
1200 3885 1395 3953 venerabilis
1417 3887 1490 3969 viri,
1511 3885 1635 3951 domini
1658 3882 1767 3948 decani

343 3984 447 4048 sancti
470 3983 572 4068 sixti,
594 3987 761 4052 secretarii
783 3993 816 4050 et
836 3985 984 4052 officialis
1014 3999 1143 4054 vestrae
1165 3988 1369 4076 paternitatis
1398 3985 1586 4072 graciosae,
1617 3981 1712 4048 simul
1740 3989 1767 4045 et

302 4084 448 4148 ³5tocins
470 4093 580 4152 coetus
600 4087 830 4171 magistrorum
852 4086 979 4152 concilii
1007 4087 1170 4154 facultatis
1202 4089 1267 4152 sint
1293 4096 1329 4151 nt
1357 4085 1433 4150 insti
1452 4083 1609 4150 relatores
1631 4082 1768 4169 legitime

342 4181 560 4269 comprobati,
593 4195 722 4250 vestrae
753 4186 923 4271 graciosae
953 4189 1145 4273 paternitati
1178 4210 1249 4252 cnm
1283 4187 1370 4252 omni
1401 4184 1579 4250 devocione
1608 4179 1768 4248 humiliter

342 4280 573 4370 supplicamus,
594 4292 752 4370 quatenns
774 4284 973 4372 benignitate
1000 4295 1031 4350 et
1053 4287 1165 4352 favore
1188 4285 1292 4352 solitis
1312 4285 1576 4372 praenominatos
1597 4283 1767 4368 magistros

341 4383 383 4448 ad
406 4383 595 4448 instanciam
616 4385 721 4449 tocius
738 4383 901 4450 facultatis
920 4385 1132 4472 paternaliter
1154 4385 1331 4472 dignemini
1354 4385 1544 4466 confovere,
1572 4379 1766 4448 adversariis

344 4482 542 4568 aemulisque
562 4483 734 4568 facultatis,
757 4487 790 4548 in
812 4483 1225 4570 dispendiamagistrorum
1241 4495 1308 4550 tam
1324 4506 1386 4572 qno
1402 4483 1445 4548 ad
1466 4483 1625 4550 honorum
1646 4481 1765 4566 impen-

299 4585 466 4650 tttsionem
495 4603 591 4670 quam
611 4585 867 4650 necessariorum
896 4586 1115 4672 provisionem
1138 4607 1224 4652 nunc
1243 4582 1361 4650 blande
1382 4605 1468 4648 nunc
1490 4603 1606 4670 aspere
1628 4578 1765 4647 mollien-

340 4683 462 4766 tibus¹,
481 4683 509 4747 si
530 4684 603 4770 qui,
635 4683 720 4771 quod
741 4683 842 4766 absit,
867 4685 1063 4750 accesserint
1089 4683 1132 4749 ad
1153 4695 1296 4752 vestram
1322 4685 1504 4771 graciosam
1532 4683 1765 4769 paternitatem,

342 4783 425 4870 perl
452 4781 654 4870 quorundam
678 4785 925 4850 susurratoriam
947 4785 1181 4868 suffossionem,
1201 4792 1388 4871 vergentem
1402 4783 1437 4848 in
1449 4783 1681 4868 magistrorum
1696 4801 1764 4846 con·

341 4881 408 4949 cilii
428 4879 592 4948 facultatis
614 4881 823 4948 verisimilem
847 4882 1050 4968 divisionem,
1070 4883 1254 4950 nullatenus
1275 4882 1373 4949 fidem
1395 4881 1560 4948 credulam
1574 4877 1764 4960 adhibendo,

340 4983 531 5070 priusquam
561 4981 675 5048 eadem
701 4991 811 5047 vestra
835 4986 1015 5071 paternitas
1040 4985 1191 5070 graciosa
1215 4983 1257 5050 de
1283 4981 1468 5049 huiusmodi
1497 5003 1558 5069 per
1583 4979 1763 5048 facultatem

380 5169 392 5222 t
411 5165 604 5222 raeticatibml
633 5169 649 5220 2
662 5181 717 5236 per
733 5165 771 5220 ist
786 5163 865 5220 nicht
881 5181 954 5238 gana
970 5163 1100 5223 deutlich.
