<?xml version="1.0" encoding="UTF-8"?>
<!DOCTYPE html PUBLIC "-//W3C//DTD XHTML 1.0 Transitional//EN"
    "http://www.w3.org/TR/xhtml1/DTD/xhtml1-transitional.dtd">
<html xmlns="http://www.w3.org/1999/xhtml" xml:lang="en" lang="en">
 <head>
  <title>
</title>
<meta http-equiv="Content-Type" content="text/html;charset=utf-8" />
  <meta name='ocr-system' content='tesseract 3.04.00' />
  <meta name='ocr-capabilities' content='ocr_page ocr_carea ocr_par ocr_line ocrx_word'/>
</head>
<body>
  <div class='ocr_page' id='page_1' title='image "./diestatutenbche00leipgoog_0040.png"; bbox 0 0 3794 6060; ppageno 0'>
   <div class='ocr_carea' id='block_1_1' title="bbox 558 453 1550 520">
    <p class='ocr_par' dir='ltr' id='par_1_1' title="bbox 558 453 1550 520">
     <span class='ocr_line' id='line_1_1' title="bbox 558 453 1550 520; baseline -0.001 -14"><span class='ocrx_word' id='word_1_1' title='bbox 558 453 610 506; x_wconf 87' lang='lat' dir='ltr'>Dia</span> <span class='ocrx_word' id='word_1_2' title='bbox 626 456 807 505; x_wconf 80' lang='lat' dir='ltr'>Rclcrrnation</span> <span class='ocrx_word' id='word_1_3' title='bbox 827 469 890 506; x_wconf 84' lang='lat' dir='ltr'>rom</span> <span class='ocrx_word' id='word_1_4' title='bbox 907 455 990 506; x_wconf 82' lang='lat' dir='ltr'>Jahre</span> <span class='ocrx_word' id='word_1_5' title='bbox 1011 459 1083 506; x_wconf 74' lang='grc'><strong>1496.</strong></span> <span class='ocrx_word' id='word_1_6' title='bbox 1511 453 1550 520; x_wconf 82' lang='lat'>19</span> 
     </span>
    </p>
   </div>
   <div class='ocr_carea' id='block_1_2' title="bbox 121 633 1549 722">
    <p class='ocr_par' dir='ltr' id='par_1_2' title="bbox 121 633 1549 722">
     <span class='ocr_line' id='line_1_2' title="bbox 121 633 1549 722; baseline -0.001 -22"><span class='ocrx_word' id='word_1_7' title='bbox 121 645 218 700; x_wconf 88' lang='lat' dir='ltr'>tatem</span> <span class='ocrx_word' id='word_1_8' title='bbox 240 634 337 700; x_wconf 83' lang='lat' dir='ltr'>edita</span> <span class='ocrx_word' id='word_1_9' title='bbox 362 634 493 700; x_wconf 73' lang='lat' dir='ltr'>realiter</span> <span class='ocrx_word' id='word_1_10' title='bbox 513 645 545 700; x_wconf 89' lang='lat' dir='ltr'>et</span> <span class='ocrx_word' id='word_1_11' title='bbox 565 657 637 700; x_wconf 91' lang='lat' dir='ltr'>cum</span> <span class='ocrx_word' id='word_1_12' title='bbox 660 637 775 700; x_wconf 86' lang='lat' dir='ltr'>effectu</span> <span class='ocrx_word' id='word_1_13' title='bbox 798 657 861 721; x_wconf 88' lang='lat' dir='ltr'>quo</span> <span class='ocrx_word' id='word_1_14' title='bbox 885 633 928 698; x_wconf 91' lang='lat' dir='ltr'>ad</span> <span class='ocrx_word' id='word_1_15' title='bbox 950 635 1059 698; x_wconf 88' lang='lat' dir='ltr'>omnis</span> <span class='ocrx_word' id='word_1_16' title='bbox 1077 635 1248 722; x_wconf 89' lang='lat' dir='ltr'>supposita</span> <span class='ocrx_word' id='word_1_17' title='bbox 1265 635 1482 722; x_wconf 89' lang='lat' dir='ltr'>cuiuscunque</span> <span class='ocrx_word' id='word_1_18' title='bbox 1502 635 1549 698; x_wconf 79' lang='lat' dir='ltr'>t&#39;a-</span> 
     </span>
    </p>
   </div>
   <div class='ocr_carea' id='block_1_3' title="bbox 3 734 1550 822">
    <p class='ocr_par' dir='ltr' id='par_1_3' title="bbox 3 734 1550 822">
     <span class='ocr_line' id='line_1_3' title="bbox 3 734 1550 822; baseline -0.001 -23"><span class='ocrx_word' id='word_1_19' title='bbox 3 775 5 816; x_wconf 42' lang='lat' dir='ltr'><strong><em>g</em></strong></span> <span class='ocrx_word' id='word_1_20' title='bbox 122 734 251 800; x_wconf 87' lang='lat' dir='ltr'>cultatis</span> <span class='ocrx_word' id='word_1_21' title='bbox 274 736 430 820; x_wconf 80' lang='lat' dir='ltr'>rigorose</span> <span class='ocrx_word' id='word_1_22' title='bbox 452 734 678 816; x_wconf 80' lang='lat' dir='ltr'><strong>observentur,</strong></span> <span class='ocrx_word' id='word_1_23' title='bbox 700 737 810 822; x_wconf 89' lang='lat' dir='ltr'>sicque</span> <span class='ocrx_word' id='word_1_24' title='bbox 832 734 983 799; x_wconf 89' lang='lat' dir='ltr'>doctores</span> <span class='ocrx_word' id='word_1_25' title='bbox 1006 757 1077 799; x_wconf 91' lang='lat' dir='ltr'>cum</span> <span class='ocrx_word' id='word_1_26' title='bbox 1105 734 1238 799; x_wconf 88' lang='lat' dir='ltr'>birretis</span> <span class='ocrx_word' id='word_1_27' title='bbox 1261 743 1293 798; x_wconf 89' lang='lat' dir='ltr'>et</span> <span class='ocrx_word' id='word_1_28' title='bbox 1314 734 1458 820; x_wconf 75' lang='lat' dir='ltr'><strong>capuciis</strong></span> <span class='ocrx_word' id='word_1_29' title='bbox 1481 755 1550 798; x_wconf 86' lang='lat' dir='ltr'>sca-</span> 
     </span>
    </p>
   </div>
   <div class='ocr_carea' id='block_1_4' title="bbox 119 830 1591 1692">
    <p class='ocr_par' dir='ltr' id='par_1_4' title="bbox 119 830 1591 1692">
     <span class='ocr_line' id='line_1_4' title="bbox 120 830 1549 926; baseline -0.001 -29"><span class='ocrx_word' id='word_1_30' title='bbox 120 831 312 918; x_wconf 86' lang='lat' dir='ltr'>pularibus,</span> <span class='ocrx_word' id='word_1_31' title='bbox 335 835 487 920; x_wconf 77' lang='lat' dir='ltr'>magistri</span> <span class='ocrx_word' id='word_1_32' title='bbox 506 857 584 900; x_wconf 90' lang='lat' dir='ltr'>vero</span> <span class='ocrx_word' id='word_1_33' title='bbox 608 857 679 900; x_wconf 87' lang='lat' dir='ltr'>curn</span> <span class='ocrx_word' id='word_1_34' title='bbox 700 835 798 898; x_wconf 88' lang='lat' dir='ltr'>mitra</span> <span class='ocrx_word' id='word_1_35' title='bbox 826 832 879 897; x_wconf 93' lang='lat' dir='ltr'>vel</span> <span class='ocrx_word' id='word_1_36' title='bbox 899 830 1021 898; x_wconf 86' lang='lat' dir='ltr'>birreto</span> <span class='ocrx_word' id='word_1_37' title='bbox 1050 840 1082 897; x_wconf 91' lang='lat' dir='ltr'>et</span> <span class='ocrx_word' id='word_1_38' title='bbox 1110 832 1274 926; x_wconf 76' lang='lat' dir='ltr'>scapulari</span> <span class='ocrx_word' id='word_1_39' title='bbox 1303 831 1346 897; x_wconf 89' lang='lat' dir='ltr'>ad</span> <span class='ocrx_word' id='word_1_40' title='bbox 1380 841 1472 898; x_wconf 90' lang='lat' dir='ltr'>actus</span> <span class='ocrx_word' id='word_1_41' title='bbox 1492 854 1549 918; x_wconf 91' lang='lat' dir='ltr'>pu-</span> 
     </span>
     <span class='ocr_line' id='line_1_5' title="bbox 120 929 1549 1017; baseline 0.001 -22"><span class='ocrx_word' id='word_1_42' title='bbox 120 931 222 996; x_wconf 90' lang='lat' dir='ltr'>blicos</span> <span class='ocrx_word' id='word_1_43' title='bbox 245 931 406 998; x_wconf 91' lang='lat' dir='ltr'>decenter</span> <span class='ocrx_word' id='word_1_44' title='bbox 426 942 458 997; x_wconf 86' lang='lat' dir='ltr'>et</span> <span class='ocrx_word' id='word_1_45' title='bbox 477 931 653 999; x_wconf 87' lang='lat' dir='ltr'>honorifice</span> <span class='ocrx_word' id='word_1_46' title='bbox 677 933 814 998; x_wconf 87' lang='lat' dir='ltr'>vadant:</span> <span class='ocrx_word' id='word_1_47' title='bbox 837 933 1014 1016; x_wconf 87' lang='lat' dir='ltr'>suppositis</span> <span class='ocrx_word' id='word_1_48' title='bbox 1035 954 1113 997; x_wconf 90' lang='lat' dir='ltr'>vcro</span> <span class='ocrx_word' id='word_1_49' title='bbox 1131 931 1309 996; x_wconf 87' lang='lat' dir='ltr'>districtius</span> <span class='ocrx_word' id='word_1_50' title='bbox 1326 929 1549 1017; x_wconf 77' lang='lat' dir='ltr'>prohibeatur,</span> 
     </span>
     <span class='ocr_line' id='line_1_6' title="bbox 119 1029 1590 1116; baseline -0.001 -22"><span class='ocrx_word' id='word_1_51' title='bbox 119 1053 158 1095; x_wconf 92' lang='lat' dir='ltr'>ne</span> <span class='ocrx_word' id='word_1_52' title='bbox 189 1029 323 1096; x_wconf 85' lang='lat' dir='ltr'>colliria</span> <span class='ocrx_word' id='word_1_53' title='bbox 356 1032 535 1098; x_wconf 87' lang='lat' dir='ltr'>cancellata</span> <span class='ocrx_word' id='word_1_54' title='bbox 565 1042 599 1096; x_wconf 89' lang='lat' dir='ltr'>et</span> <span class='ocrx_word' id='word_1_55' title='bbox 624 1034 761 1098; x_wconf 91' lang='lat' dir='ltr'>nimium</span> <span class='ocrx_word' id='word_1_56' title='bbox 781 1031 893 1096; x_wconf 83' lang='lat' dir='ltr'>excisa</span> <span class='ocrx_word' id='word_1_57' title='bbox 921 1029 1065 1116; x_wconf 83' lang='lat' dir='ltr'>aliosque</span> <span class='ocrx_word' id='word_1_58' title='bbox 1091 1029 1277 1095; x_wconf 76' lang='lat' dir='ltr'>indecentes</span> <span class='ocrx_word' id='word_1_59' title='bbox 1299 1052 1339 1094; x_wconf 92' lang='lat' dir='ltr'>ac</span> <span class='ocrx_word' id='word_1_60' title='bbox 1359 1029 1547 1094; x_wconf 90' lang='lat' dir='ltr'>inhonestos</span> <span class='ocrx_word' id='word_1_61' title='bbox 1574 1037 1590 1092; x_wconf 81' lang='lat'>5</span> 
     </span>
     <span class='ocr_line' id='line_1_7' title="bbox 120 1127 1549 1218; baseline 0.001 -24"><span class='ocrx_word' id='word_1_62' title='bbox 120 1127 251 1194; x_wconf 88' lang='lat' dir='ltr'>habitus</span> <span class='ocrx_word' id='word_1_63' title='bbox 271 1132 308 1194; x_wconf 91' lang='lat' dir='ltr'>in</span> <span class='ocrx_word' id='word_1_64' title='bbox 330 1130 462 1218; x_wconf 86' lang='lat' dir='ltr'>publico</span> <span class='ocrx_word' id='word_1_65' title='bbox 486 1131 611 1196; x_wconf 84' lang='lat' dir='ltr'>deferre</span> <span class='ocrx_word' id='word_1_66' title='bbox 632 1139 852 1218; x_wconf 90' lang='lat' dir='ltr'>praesumant,</span> <span class='ocrx_word' id='word_1_67' title='bbox 872 1130 1020 1193; x_wconf 84' lang='lat' dir='ltr'>uxoratis</span> <span class='ocrx_word' id='word_1_68' title='bbox 1043 1139 1152 1194; x_wconf 89' lang='lat' dir='ltr'>tamen</span> <span class='ocrx_word' id='word_1_69' title='bbox 1172 1131 1207 1193; x_wconf 94' lang='lat' dir='ltr'>in</span> <span class='ocrx_word' id='word_1_70' title='bbox 1228 1127 1422 1215; x_wconf 87' lang='lat' dir='ltr'>quibusdam</span> <span class='ocrx_word' id='word_1_71' title='bbox 1438 1128 1549 1216; x_wconf 89' lang='lat' dir='ltr'>demp-</span> 
     </span>
     <span class='ocr_line' id='line_1_8' title="bbox 119 1227 1550 1317; baseline -0.001 -24"><span class='ocrx_word' id='word_1_72' title='bbox 119 1231 160 1294; x_wconf 89' lang='lat' dir='ltr'>tis</span> <span class='ocrx_word' id='word_1_73' title='bbox 182 1239 215 1294; x_wconf 89' lang='lat' dir='ltr'>et</span> <span class='ocrx_word' id='word_1_74' title='bbox 246 1229 342 1294; x_wconf 88' lang='lat' dir='ltr'>salvo</span> <span class='ocrx_word' id='word_1_75' title='bbox 378 1252 416 1294; x_wconf 91' lang='lat' dir='ltr'>eo</span> <span class='ocrx_word' id='word_1_76' title='bbox 447 1229 533 1316; x_wconf 93' lang='lat' dir='ltr'>quod</span> <span class='ocrx_word' id='word_1_77' title='bbox 555 1232 700 1297; x_wconf 84' lang='lat' dir='ltr'>cinctura</span> <span class='ocrx_word' id='word_1_78' title='bbox 720 1241 855 1317; x_wconf 86' lang='lat' dir='ltr'>propter</span> <span class='ocrx_word' id='word_1_79' title='bbox 876 1228 997 1292; x_wconf 89' lang='lat' dir='ltr'>bonum</span> <span class='ocrx_word' id='word_1_80' title='bbox 1018 1229 1109 1314; x_wconf 81' lang='lat' dir='ltr'>pacis</span> <span class='ocrx_word' id='word_1_81' title='bbox 1135 1239 1167 1294; x_wconf 90' lang='lat' dir='ltr'>et</span> <span class='ocrx_word' id='word_1_82' title='bbox 1200 1227 1394 1293; x_wconf 82' lang='lat' dir='ltr'>concordiae</span> <span class='ocrx_word' id='word_1_83' title='bbox 1423 1250 1550 1293; x_wconf 89' lang='lat' dir='ltr'>necnon</span> 
     </span>
     <span class='ocr_line' id='line_1_9' title="bbox 120 1326 1549 1414; baseline -0.001 -22"><span class='ocrx_word' id='word_1_84' title='bbox 120 1328 161 1392; x_wconf 94' lang='lat' dir='ltr'>cb</span> <span class='ocrx_word' id='word_1_85' title='bbox 181 1327 445 1394; x_wconf 85' lang='lat' dir='ltr'>dissuetudinem</span> <span class='ocrx_word' id='word_1_86' title='bbox 466 1351 614 1414; x_wconf 90' lang='lat' dir='ltr'>pronunc</span> <span class='ocrx_word' id='word_1_87' title='bbox 630 1329 805 1412; x_wconf 87' lang='lat' dir='ltr'>tolleretur,</span> <span class='ocrx_word' id='word_1_88' title='bbox 827 1329 874 1392; x_wconf 90' lang='lat' dir='ltr'>ita</span> <span class='ocrx_word' id='word_1_89' title='bbox 895 1336 1003 1391; x_wconf 88' lang='lat' dir='ltr'>tamen</span> <span class='ocrx_word' id='word_1_90' title='bbox 1023 1326 1120 1414; x_wconf 87' lang='lat' dir='ltr'>quod,</span> <span class='ocrx_word' id='word_1_91' title='bbox 1142 1329 1169 1392; x_wconf 88' lang='lat' dir='ltr'>si</span> <span class='ocrx_word' id='word_1_92' title='bbox 1190 1326 1324 1414; x_wconf 90' lang='lat' dir='ltr'>aliquod</span> <span class='ocrx_word' id='word_1_93' title='bbox 1345 1328 1549 1414; x_wconf 90' lang='lat' dir='ltr'>suppositum</span> 
     </span>
     <span class='ocr_line' id='line_1_10' title="bbox 119 1425 1549 1513; baseline -0.002 -22"><span class='ocrx_word' id='word_1_94' title='bbox 119 1428 152 1490; x_wconf 92' lang='lat' dir='ltr'>in</span> <span class='ocrx_word' id='word_1_95' title='bbox 181 1425 318 1513; x_wconf 77' lang='lat' dir='ltr'>priblicc</span> <span class='ocrx_word' id='word_1_96' title='bbox 349 1427 542 1492; x_wconf 89' lang='lat' dir='ltr'>discinctum</span> <span class='ocrx_word' id='word_1_97' title='bbox 561 1427 712 1492; x_wconf 87' lang='lat' dir='ltr'>incedere</span> <span class='ocrx_word' id='word_1_98' title='bbox 731 1426 888 1508; x_wconf 90' lang='lat' dir='ltr'>voluerit,</span> <span class='ocrx_word' id='word_1_99' title='bbox 918 1427 960 1490; x_wconf 88' lang='lat' dir='ltr'>sit</span> <span class='ocrx_word' id='word_1_100' title='bbox 981 1425 1167 1511; x_wconf 82' lang='lat' dir='ltr'>caligatum3</span> <span class='ocrx_word' id='word_1_101' title='bbox 1188 1427 1239 1490; x_wconf 93' lang='lat' dir='ltr'>sin</span> <span class='ocrx_word' id='word_1_102' title='bbox 1259 1434 1386 1508; x_wconf 87' lang='lat' dir='ltr'>autem,</span> <span class='ocrx_word' id='word_1_103' title='bbox 1407 1435 1484 1490; x_wconf 90' lang='lat' dir='ltr'>tunc</span> <span class='ocrx_word' id='word_1_104' title='bbox 1506 1427 1549 1490; x_wconf 87' lang='lat' dir='ltr'>ait</span> 
     </span>
     <span class='ocr_line' id='line_1_11' title="bbox 120 1522 1591 1613; baseline -0.002 -23"><span class='ocrx_word' id='word_1_105' title='bbox 120 1527 265 1592; x_wconf 88' lang='lat' dir='ltr'>cinctum</span> <span class='ocrx_word' id='word_1_106' title='bbox 285 1535 344 1591; x_wconf 87' lang='lat' dir='ltr'>aut</span> <span class='ocrx_word' id='word_1_107' title='bbox 365 1525 465 1613; x_wconf 88' lang='lat' dir='ltr'>pallio</span> <span class='ocrx_word' id='word_1_108' title='bbox 486 1525 648 1610; x_wconf 87' lang='lat' dir='ltr'>indutum,</span> <span class='ocrx_word' id='word_1_109' title='bbox 674 1529 709 1592; x_wconf 89' lang='lat' dir='ltr'>in</span> <span class='ocrx_word' id='word_1_110' title='bbox 730 1523 877 1594; x_wconf 86' lang='lat' dir='ltr'>omnibus</span> <span class='ocrx_word' id='word_1_111' title='bbox 899 1536 1007 1588; x_wconf 87' lang='lat' dir='ltr'>tamen</span> <span class='ocrx_word' id='word_1_112' title='bbox 1030 1525 1142 1590; x_wconf 85' lang='lat' dir='ltr'>debita</span> <span class='ocrx_word' id='word_1_113' title='bbox 1167 1524 1296 1590; x_wconf 89' lang='lat' dir='ltr'>habitus</span> <span class='ocrx_word' id='word_1_114' title='bbox 1315 1524 1471 1608; x_wconf 70' lang='lat' dir='ltr'>⁸decentia</span> <span class='ocrx_word' id='word_1_115' title='bbox 1491 1522 1547 1590; x_wconf 91' lang='lat' dir='ltr'>ho·</span> <span class='ocrx_word' id='word_1_116' title='bbox 1560 1534 1591 1588; x_wconf 91' lang='lat' dir='ltr'>t⁰</span> 
     </span>
     <span class='ocr_line' id='line_1_12' title="bbox 119 1624 469 1692; baseline 0.003 -3"><span class='ocrx_word' id='word_1_117' title='bbox 119 1625 257 1690; x_wconf 82' lang='lat' dir='ltr'>ncrilice</span> <span class='ocrx_word' id='word_1_118' title='bbox 280 1624 469 1692; x_wconf 82' lang='lat' dir='ltr'>observata.</span> 
     </span>
    </p>
   </div>
   <div class='ocr_carea' id='block_1_5' title="bbox 701 1796 978 1857">
    <p class='ocr_par' dir='ltr' id='par_1_5' title="bbox 701 1796 978 1857">
     <span class='ocr_line' id='line_1_13' title="bbox 701 1796 978 1857; baseline -0.007 -1"><span class='ocrx_word' id='word_1_119' title='bbox 701 1796 731 1856; x_wconf 88' lang='grc'>6.</span> <span class='ocrx_word' id='word_1_120' title='bbox 752 1808 800 1854; x_wconf 86' lang='lat' dir='ltr'>nu</span> <span class='ocrx_word' id='word_1_121' title='bbox 823 1807 978 1857; x_wconf 74' lang='lat' dir='ltr'>arsacis.</span> 
     </span>
    </p>
   </div>
   <div class='ocr_carea' id='block_1_6' title="bbox 120 1919 1633 3688">
    <p class='ocr_par' dir='ltr' id='par_1_6' title="bbox 120 1919 1633 3688">
     <span class='ocr_line' id='line_1_14' title="bbox 200 1919 1549 2008; baseline -0.004 -20"><span class='ocrx_word' id='word_1_122' title='bbox 200 1920 430 2004; x_wconf 87' lang='lat' dir='ltr'>Ordinamus,</span> <span class='ocrx_word' id='word_1_123' title='bbox 462 1919 551 2007; x_wconf 87' lang='lat' dir='ltr'>quod</span> <span class='ocrx_word' id='word_1_124' title='bbox 578 1929 733 1987; x_wconf 87' lang='lat' dir='ltr'>statutum</span> <span class='ocrx_word' id='word_1_125' title='bbox 768 1919 909 2008; x_wconf 85' lang='lat' dir='ltr'>desuper</span> <span class='ocrx_word' id='word_1_126' title='bbox 943 1920 1065 1984; x_wconf 90' lang='lat' dir='ltr'>editum</span> <span class='ocrx_word' id='word_1_127' title='bbox 1093 1921 1243 2006; x_wconf 86' lang='lat' dir='ltr'>rigorose</span> <span class='ocrx_word' id='word_1_128' title='bbox 1275 1919 1489 2001; x_wconf 85' lang='lat' dir='ltr'>observetur,</span> <span class='ocrx_word' id='word_1_129' title='bbox 1517 1927 1549 1983; x_wconf 91' lang='lat' dir='ltr'>et</span> 
     </span>
     <span class='ocr_line' id='line_1_15' title="bbox 121 2019 1633 2107; baseline -0.002 -23"><span class='ocrx_word' id='word_1_130' title='bbox 121 2031 231 2086; x_wconf 81' lang='lat' dir='ltr'>rector</span> <span class='ocrx_word' id='word_1_131' title='bbox 255 2019 316 2086; x_wconf 88' lang='lat' dir='ltr'>sub</span> <span class='ocrx_word' id='word_1_132' title='bbox 340 2040 399 2084; x_wconf 87' lang='lat' dir='ltr'>suc</span> <span class='ocrx_word' id='word_1_133' title='bbox 419 2020 599 2084; x_wconf 88' lang='lat' dir='ltr'>iuramento</span> <span class='ocrx_word' id='word_1_134' title='bbox 620 2021 776 2106; x_wconf 85' lang='lat' dir='ltr'>praestito</span> <span class='ocrx_word' id='word_1_135' title='bbox 796 2020 831 2084; x_wconf 93' lang='lat' dir='ltr'>id</span> <span class='ocrx_word' id='word_1_136' title='bbox 852 2022 959 2107; x_wconf 89' lang='lat' dir='ltr'>ipsum</span> <span class='ocrx_word' id='word_1_137' title='bbox 979 2019 1119 2086; x_wconf 88' lang='lat' dir='ltr'>fideliter</span> <span class='ocrx_word' id='word_1_138' title='bbox 1145 2043 1185 2084; x_wconf 88' lang='lat' dir='ltr'>ac</span> <span class='ocrx_word' id='word_1_139' title='bbox 1213 2019 1386 2105; x_wconf 84' lang='lat' dir='ltr'>diligenter</span> <span class='ocrx_word' id='word_1_140' title='bbox 1408 2038 1549 2104; x_wconf 87' lang='lat' dir='ltr'>exequa-</span> <span class='ocrx_word' id='word_1_141' title='bbox 1630 2026 1633 2032; x_wconf 80' lang='grc'>’</span> 
     </span>
     <span class='ocr_line' id='line_1_16' title="bbox 122 2116 1590 2206; baseline 0 -24"><span class='ocrx_word' id='word_1_142' title='bbox 122 2131 187 2182; x_wconf 86' lang='lat' dir='ltr'>tur.</span> <span class='ocrx_word' id='word_1_143' title='bbox 230 2120 278 2186; x_wconf 86' lang='lat' dir='ltr'>Et</span> <span class='ocrx_word' id='word_1_144' title='bbox 299 2120 328 2184; x_wconf 92' lang='lat' dir='ltr'>si</span> <span class='ocrx_word' id='word_1_145' title='bbox 348 2117 494 2184; x_wconf 92' lang='lat' dir='ltr'>nonnulli</span> <span class='ocrx_word' id='word_1_146' title='bbox 517 2116 693 2182; x_wconf 89' lang='lat' dir='ltr'>scolarium</span> <span class='ocrx_word' id='word_1_147' title='bbox 713 2119 747 2182; x_wconf 92' lang='lat' dir='ltr'>in</span> <span class='ocrx_word' id='word_1_148' title='bbox 768 2118 849 2184; x_wconf 91' lang='lat' dir='ltr'>locis</span> <span class='ocrx_word' id='word_1_149' title='bbox 871 2121 1063 2206; x_wconf 87' lang='lat' dir='ltr'>approbatis</span> <span class='ocrx_word' id='word_1_150' title='bbox 1092 2118 1265 2185; x_wconf 89' lang='lat' dir='ltr'>ccmodcse</span> <span class='ocrx_word' id='word_1_151' title='bbox 1294 2127 1382 2182; x_wconf 90' lang='lat' dir='ltr'>stare</span> <span class='ocrx_word' id='word_1_152' title='bbox 1407 2126 1464 2183; x_wconf 89' lang='lat' dir='ltr'>aut</span> <span class='ocrx_word' id='word_1_153' title='bbox 1492 2139 1546 2182; x_wconf 88' lang='lat' dir='ltr'>ex·</span> <span class='ocrx_word' id='word_1_154' title='bbox 1559 2126 1590 2182; x_wconf 79' lang='lat' dir='ltr'>ts</span> 
     </span>
     <span class='ocr_line' id='line_1_17' title="bbox 120 2213 1550 2304; baseline -0.001 -22"><span class='ocrx_word' id='word_1_155' title='bbox 120 2240 242 2304; x_wconf 88' lang='lat' dir='ltr'>pensas</span> <span class='ocrx_word' id='word_1_156' title='bbox 264 2216 387 2282; x_wconf 90' lang='lat' dir='ltr'>habere</span> <span class='ocrx_word' id='word_1_157' title='bbox 408 2217 639 2304; x_wconf 81' lang='lat' dir='ltr'>nequivenmt,</span> <span class='ocrx_word' id='word_1_158' title='bbox 659 2226 767 2283; x_wconf 89' lang='lat' dir='ltr'>rector</span> <span class='ocrx_word' id='word_1_159' title='bbox 789 2241 849 2304; x_wconf 92' lang='lat' dir='ltr'>pro</span> <span class='ocrx_word' id='word_1_160' title='bbox 871 2227 1016 2304; x_wconf 90' lang='lat' dir='ltr'>tempore</span> <span class='ocrx_word' id='word_1_161' title='bbox 1029 2219 1172 2283; x_wconf 86' lang='lat' dir='ltr'>existens</span> <span class='ocrx_word' id='word_1_162' title='bbox 1186 2240 1252 2282; x_wconf 91' lang='lat' dir='ltr'>non</span> <span class='ocrx_word' id='word_1_163' title='bbox 1274 2239 1333 2282; x_wconf 89' lang='lat' dir='ltr'>sua</span> <span class='ocrx_word' id='word_1_164' title='bbox 1353 2225 1479 2281; x_wconf 89' lang='lat' dir='ltr'>tantum</span> <span class='ocrx_word' id='word_1_165' title='bbox 1493 2213 1550 2280; x_wconf 88' lang='lat' dir='ltr'>sed</span> 
     </span>
     <span class='ocr_line' id='line_1_18' title="bbox 120 2314 1549 2402; baseline -0.001 -21"><span class='ocrx_word' id='word_1_166' title='bbox 120 2327 155 2381; x_wconf 87' lang='lat' dir='ltr'>et</span> <span class='ocrx_word' id='word_1_167' title='bbox 176 2316 308 2382; x_wconf 87' lang='lat' dir='ltr'>consilii</span> <span class='ocrx_word' id='word_1_168' title='bbox 330 2318 381 2380; x_wconf 92' lang='lat' dir='ltr'>sui</span> <span class='ocrx_word' id='word_1_169' title='bbox 402 2317 595 2380; x_wconf 86' lang='lat' dir='ltr'>auctoritate</span> <span class='ocrx_word' id='word_1_170' title='bbox 625 2315 794 2381; x_wconf 88' lang='lat' dir='ltr'>licenciam</span> <span class='ocrx_word' id='word_1_171' title='bbox 825 2324 857 2380; x_wconf 91' lang='lat' dir='ltr'>et</span> <span class='ocrx_word' id='word_1_172' title='bbox 884 2319 1044 2402; x_wconf 88' lang='lat' dir='ltr'>signetum</span> <span class='ocrx_word' id='word_1_173' title='bbox 1071 2315 1194 2382; x_wconf 90' lang='lat' dir='ltr'>eisdem</span> <span class='ocrx_word' id='word_1_174' title='bbox 1223 2315 1264 2381; x_wconf 92' lang='lat' dir='ltr'>de</span> <span class='ocrx_word' id='word_1_175' title='bbox 1292 2314 1408 2380; x_wconf 88' lang='lat' dir='ltr'>stando</span> <span class='ocrx_word' id='word_1_176' title='bbox 1435 2325 1467 2380; x_wconf 91' lang='lat' dir='ltr'>et</span> <span class='ocrx_word' id='word_1_177' title='bbox 1493 2337 1549 2379; x_wconf 86' lang='lat' dir='ltr'>ex·</span> 
     </span>
     <span class='ocr_line' id='line_1_19' title="bbox 121 2412 1548 2504; baseline -0.004 -22"><span class='ocrx_word' id='word_1_178' title='bbox 121 2439 243 2504; x_wconf 88' lang='lat' dir='ltr'>pensas</span> <span class='ocrx_word' id='word_1_179' title='bbox 263 2427 362 2482; x_wconf 83' lang='lat' dir='ltr'>extra</span> <span class='ocrx_word' id='word_1_180' title='bbox 381 2413 455 2480; x_wconf 90' lang='lat' dir='ltr'>loca</span> <span class='ocrx_word' id='word_1_181' title='bbox 477 2414 660 2501; x_wconf 86' lang='lat' dir='ltr'>approbata</span> <span class='ocrx_word' id='word_1_182' title='bbox 680 2413 829 2480; x_wconf 89' lang='lat' dir='ltr'>habendo</span> <span class='ocrx_word' id='word_1_183' title='bbox 852 2413 1020 2502; x_wconf 89' lang='lat' dir='ltr'>indulgere</span> <span class='ocrx_word' id='word_1_184' title='bbox 1050 2415 1188 2498; x_wconf 90' lang='lat' dir='ltr'>habeat,</span> <span class='ocrx_word' id='word_1_185' title='bbox 1217 2416 1349 2480; x_wconf 87' lang='lat' dir='ltr'>attentis</span> <span class='ocrx_word' id='word_1_186' title='bbox 1376 2415 1483 2479; x_wconf 84' lang='lat' dir='ltr'>causis</span> <span class='ocrx_word' id='word_1_187' title='bbox 1504 2412 1548 2478; x_wconf 83' lang='lat' dir='ltr'>le</span> 
     </span>
     <span class='ocr_line' id='line_1_20' title="bbox 121 2513 1549 2602; baseline -0.003 -22"><span class='ocrx_word' id='word_1_188' title='bbox 121 2517 260 2600; x_wconf 91' lang='lat' dir='ltr'>gittimis</span> <span class='ocrx_word' id='word_1_189' title='bbox 281 2515 396 2580; x_wconf 89' lang='lat' dir='ltr'>talium</span> <span class='ocrx_word' id='word_1_190' title='bbox 418 2514 601 2596; x_wconf 90' lang='lat' dir='ltr'>scolarium,</span> <span class='ocrx_word' id='word_1_191' title='bbox 623 2535 735 2578; x_wconf 89' lang='lat' dir='ltr'>coram</span> <span class='ocrx_word' id='word_1_192' title='bbox 757 2513 880 2580; x_wconf 90' lang='lat' dir='ltr'>decano</span> <span class='ocrx_word' id='word_1_193' title='bbox 904 2523 935 2580; x_wconf 89' lang='lat' dir='ltr'>ct</span> <span class='ocrx_word' id='word_1_194' title='bbox 956 2516 1023 2580; x_wconf 86' lang='lat' dir='ltr'>suis</span> <span class='ocrx_word' id='word_1_195' title='bbox 1037 2513 1219 2580; x_wconf 87' lang='lat' dir='ltr'>senioribus</span> <span class='ocrx_word' id='word_1_196' title='bbox 1239 2535 1298 2602; x_wconf 85' lang='lat' dir='ltr'>per</span> <span class='ocrx_word' id='word_1_197' title='bbox 1310 2513 1441 2578; x_wconf 90' lang='lat' dir='ltr'>eosdem</span> <span class='ocrx_word' id='word_1_198' title='bbox 1452 2521 1549 2578; x_wconf 87' lang='lat' dir='ltr'>antea</span> 
     </span>
     <span class='ocr_line' id='line_1_21' title="bbox 122 2610 1590 2701; baseline -0.002 -23"><span class='ocrx_word' id='word_1_199' title='bbox 122 2614 303 2701; x_wconf 87' lang='lat' dir='ltr'>propositis</span> <span class='ocrx_word' id='word_1_200' title='bbox 334 2623 367 2677; x_wconf 91' lang='lat' dir='ltr'>et</span> <span class='ocrx_word' id='word_1_201' title='bbox 392 2612 550 2699; x_wconf 88' lang='lat' dir='ltr'>probatis.</span> <span class='ocrx_word' id='word_1_202' title='bbox 592 2610 689 2691; x_wconf 80' lang='lat' dir='ltr'>Quod</span> <span class='ocrx_word' id='word_1_203' title='bbox 715 2621 869 2678; x_wconf 89' lang='lat' dir='ltr'>statutum</span> <span class='ocrx_word' id='word_1_204' title='bbox 892 2615 991 2679; x_wconf 91' lang='lat' dir='ltr'>etiam</span> <span class='ocrx_word' id='word_1_205' title='bbox 1017 2613 1149 2679; x_wconf 87' lang='lat' dir='ltr'>extendi</span> <span class='ocrx_word' id='word_1_206' title='bbox 1168 2612 1316 2679; x_wconf 88' lang='lat' dir='ltr'>volumus</span> <span class='ocrx_word' id='word_1_207' title='bbox 1339 2611 1383 2678; x_wconf 90' lang='lat' dir='ltr'>sd</span> <span class='ocrx_word' id='word_1_208' title='bbox 1404 2610 1590 2677; x_wconf 72' lang='lat' dir='ltr'>scolaresw</span> 
     </span>
     <span class='ocr_line' id='line_1_22' title="bbox 122 2710 1549 2800; baseline -0.002 -24"><span class='ocrx_word' id='word_1_209' title='bbox 122 2712 283 2778; x_wconf 87' lang='lat' dir='ltr'>iuridicac</span> <span class='ocrx_word' id='word_1_210' title='bbox 304 2712 489 2794; x_wconf 80' lang='lat' dir='ltr'>facultatis,</span> <span class='ocrx_word' id='word_1_211' title='bbox 516 2711 621 2776; x_wconf 87' lang='lat' dir='ltr'>donec</span> <span class='ocrx_word' id='word_1_212' title='bbox 641 2711 723 2796; x_wconf 91' lang='lat' dir='ltr'>ipsis</span> <span class='ocrx_word' id='word_1_213' title='bbox 745 2711 785 2776; x_wconf 89' lang='lat' dir='ltr'>de</span> <span class='ocrx_word' id='word_1_214' title='bbox 806 2712 916 2800; x_wconf 89' lang='lat' dir='ltr'>aliqua</span> <span class='ocrx_word' id='word_1_215' title='bbox 944 2711 1040 2778; x_wconf 87' lang='lat' dir='ltr'>domo</span> <span class='ocrx_word' id='word_1_216' title='bbox 1067 2714 1229 2778; x_wconf 92' lang='lat' dir='ltr'>communi</span> <span class='ocrx_word' id='word_1_217' title='bbox 1257 2710 1484 2799; x_wconf 82' lang='lat' dir='ltr'>provideatur,</span> <span class='ocrx_word' id='word_1_218' title='bbox 1513 2710 1549 2774; x_wconf 94' lang='lat' dir='ltr'>in</span> 
     </span>
     <span class='ocr_line' id='line_1_23' title="bbox 124 2803 1548 2898; baseline -0.001 -23"><span class='ocrx_word' id='word_1_219' title='bbox 124 2833 188 2898; x_wconf 86' lang='lat' dir='ltr'>qua</span> <span class='ocrx_word' id='word_1_220' title='bbox 210 2811 271 2876; x_wconf 89' lang='lat' dir='ltr'>sub</span> <span class='ocrx_word' id='word_1_221' title='bbox 294 2809 403 2896; x_wconf 90' lang='lat' dir='ltr'>aliquo</span> <span class='ocrx_word' id='word_1_222' title='bbox 425 2810 586 2875; x_wconf 87' lang='lat' dir='ltr'>directore</span> <span class='ocrx_word' id='word_1_223' title='bbox 603 2803 665 2874; x_wconf 78' lang='lat' dir='ltr'>seu</span> <span class='ocrx_word' id='word_1_224' title='bbox 690 2819 886 2876; x_wconf 83' lang='lat' dir='ltr'>convectore</span> <span class='ocrx_word' id='word_1_225' title='bbox 905 2814 978 2876; x_wconf 87' lang='lat' dir='ltr'>iura</span> <span class='ocrx_word' id='word_1_226' title='bbox 999 2811 1119 2876; x_wconf 88' lang='lat' dir='ltr'>bursae</span> <span class='ocrx_word' id='word_1_227' title='bbox 1139 2811 1264 2877; x_wconf 82' lang='lat' dir='ltr'>saciant</span> <span class='ocrx_word' id='word_1_228' title='bbox 1287 2819 1319 2875; x_wconf 91' lang='lat' dir='ltr'>et</span> <span class='ocrx_word' id='word_1_229' title='bbox 1331 2832 1403 2875; x_wconf 87' lang='lat' dir='ltr'>sese</span> <span class='ocrx_word' id='word_1_230' title='bbox 1423 2810 1548 2875; x_wconf 90' lang='lat' dir='ltr'>inacti-</span> 
     </span>
     <span class='ocr_line' id='line_1_24' title="bbox 124 2908 1547 2998; baseline -0.001 -24"><span class='ocrx_word' id='word_1_231' title='bbox 124 2909 182 2974; x_wconf 88' lang='lat' dir='ltr'>bus</span> <span class='ocrx_word' id='word_1_232' title='bbox 203 2909 356 2974; x_wconf 89' lang='lat' dir='ltr'>iuridicis</span> <span class='ocrx_word' id='word_1_233' title='bbox 378 2908 498 2974; x_wconf 89' lang='lat' dir='ltr'>ibidem</span> <span class='ocrx_word' id='word_1_234' title='bbox 517 2909 688 2995; x_wconf 87' lang='lat' dir='ltr'>diligenter</span> <span class='ocrx_word' id='word_1_235' title='bbox 710 2911 907 2992; x_wconf 79' lang='lat' dir='ltr'>exercitent3</span> <span class='ocrx_word' id='word_1_236' title='bbox 931 2909 1082 2998; x_wconf 90' lang='lat' dir='ltr'>quodque</span> <span class='ocrx_word' id='word_1_237' title='bbox 1104 2911 1247 2976; x_wconf 90' lang='lat' dir='ltr'>decanus</span> <span class='ocrx_word' id='word_1_238' title='bbox 1269 2919 1301 2974; x_wconf 88' lang='lat' dir='ltr'>ct</span> <span class='ocrx_word' id='word_1_239' title='bbox 1328 2910 1479 2994; x_wconf 86' lang='lat' dir='ltr'>magistri</span> <span class='ocrx_word' id='word_1_240' title='bbox 1499 2909 1547 2972; x_wconf 84' lang='lat' dir='ltr'>la·</span> 
     </span>
     <span class='ocr_line' id='line_1_25' title="bbox 125 3007 1549 3096; baseline 0 -24"><span class='ocrx_word' id='word_1_241' title='bbox 125 3007 253 3072; x_wconf 86' lang='lat' dir='ltr'>cultatis</span> <span class='ocrx_word' id='word_1_242' title='bbox 285 3009 406 3073; x_wconf 87' lang='lat' dir='ltr'>artium</span> <span class='ocrx_word' id='word_1_243' title='bbox 434 3018 588 3074; x_wconf 83' lang='lat' dir='ltr'>statutum</span> <span class='ocrx_word' id='word_1_244' title='bbox 621 3031 719 3095; x_wconf 90' lang='lat' dir='ltr'>super</span> <span class='ocrx_word' id='word_1_245' title='bbox 747 3011 868 3073; x_wconf 86' lang='lat' dir='ltr'>stantia</span> <span class='ocrx_word' id='word_1_246' title='bbox 895 3031 1036 3096; x_wconf 87' lang='lat' dir='ltr'>percos</span> <span class='ocrx_word' id='word_1_247' title='bbox 1070 3009 1192 3076; x_wconf 90' lang='lat' dir='ltr'>editum</span> <span class='ocrx_word' id='word_1_248' title='bbox 1221 3007 1432 3075; x_wconf 85' lang='lat' dir='ltr'>consimiliter</span> <span class='ocrx_word' id='word_1_249' title='bbox 1460 3007 1549 3072; x_wconf 88' lang='lat' dir='ltr'>fideli</span> 
     </span>
     <span class='ocr_line' id='line_1_26' title="bbox 125 3105 1589 3195; baseline 0.001 -25"><span class='ocrx_word' id='word_1_250' title='bbox 125 3105 323 3172; x_wconf 89' lang='lat' dir='ltr'>demandent</span> <span class='ocrx_word' id='word_1_251' title='bbox 351 3109 549 3190; x_wconf 85' lang='lat' dir='ltr'>executioni,</span> <span class='ocrx_word' id='word_1_252' title='bbox 581 3107 621 3174; x_wconf 92' lang='lat' dir='ltr'>de</span> <span class='ocrx_word' id='word_1_253' title='bbox 650 3129 713 3194; x_wconf 92' lang='lat' dir='ltr'>quo</span> <span class='ocrx_word' id='word_1_254' title='bbox 740 3107 838 3173; x_wconf 87' lang='lat' dir='ltr'>latius</span> <span class='ocrx_word' id='word_1_255' title='bbox 867 3109 970 3192; x_wconf 69' lang='lat' dir='ltr'>infre,</span> <span class='ocrx_word' id='word_1_256' title='bbox 1004 3117 1037 3173; x_wconf 89' lang='lat' dir='ltr'>et</span> <span class='ocrx_word' id='word_1_257' title='bbox 1064 3107 1150 3195; x_wconf 89' lang='lat' dir='ltr'>quod</span> <span class='ocrx_word' id='word_1_258' title='bbox 1179 3107 1327 3174; x_wconf 89' lang='lat' dir='ltr'>dominus</span> <span class='ocrx_word' id='word_1_259' title='bbox 1361 3106 1589 3172; x_wconf 81' lang='lat' dir='ltr'>ordinarius25</span> 
     </span>
     <span class='ocr_line' id='line_1_27' title="bbox 124 3205 1549 3292; baseline 0.002 -23"><span class='ocrx_word' id='word_1_260' title='bbox 124 3205 202 3272; x_wconf 91' lang='lat' dir='ltr'>nulli</span> <span class='ocrx_word' id='word_1_261' title='bbox 221 3205 400 3271; x_wconf 87' lang='lat' dir='ltr'>scolarium</span> <span class='ocrx_word' id='word_1_262' title='bbox 420 3208 500 3271; x_wconf 90' lang='lat' dir='ltr'>iuris</span> <span class='ocrx_word' id='word_1_263' title='bbox 522 3208 776 3292; x_wconf 90' lang='lat' dir='ltr'>recognitionem</span> <span class='ocrx_word' id='word_1_264' title='bbox 798 3205 840 3272; x_wconf 89' lang='lat' dir='ltr'>ad</span> <span class='ocrx_word' id='word_1_265' title='bbox 868 3205 1033 3272; x_wconf 89' lang='lat' dir='ltr'>dominum</span> <span class='ocrx_word' id='word_1_266' title='bbox 1059 3216 1219 3272; x_wconf 86' lang='lat' dir='ltr'>rectorem</span> <span class='ocrx_word' id='word_1_267' title='bbox 1251 3205 1293 3271; x_wconf 93' lang='lat' dir='ltr'>de</span> <span class='ocrx_word' id='word_1_268' title='bbox 1314 3205 1432 3272; x_wconf 87' lang='lat' dir='ltr'>stando</span> <span class='ocrx_word' id='word_1_269' title='bbox 1454 3215 1549 3272; x_wconf 81' lang='lat' dir='ltr'>extra</span> 
     </span>
     <span class='ocr_line' id='line_1_28' title="bbox 124 3301 1549 3393; baseline 0.001 -26"><span class='ocrx_word' id='word_1_270' title='bbox 124 3301 195 3370; x_wconf 89' lang='lat' dir='ltr'>loca</span> <span class='ocrx_word' id='word_1_271' title='bbox 215 3303 404 3391; x_wconf 85' lang='lat' dir='ltr'>approbata</span> <span class='ocrx_word' id='word_1_272' title='bbox 425 3305 581 3371; x_wconf 86' lang='lat' dir='ltr'>decernat</span> <span class='ocrx_word' id='word_1_273' title='bbox 598 3307 663 3370; x_wconf 91' lang='lat' dir='ltr'>nisi</span> <span class='ocrx_word' id='word_1_274' title='bbox 685 3307 730 3387; x_wconf 93' lang='lat' dir='ltr'>ei,</span> <span class='ocrx_word' id='word_1_275' title='bbox 758 3306 814 3393; x_wconf 92' lang='lat' dir='ltr'>qui</span> <span class='ocrx_word' id='word_1_276' title='bbox 836 3304 1009 3390; x_wconf 85' lang='lat' dir='ltr'>diligenter</span> <span class='ocrx_word' id='word_1_277' title='bbox 1037 3304 1143 3370; x_wconf 88' lang='lat' dir='ltr'>scolas</span> <span class='ocrx_word' id='word_1_278' title='bbox 1167 3306 1354 3369; x_wconf 88' lang='lat' dir='ltr'>iuristarum</span> <span class='ocrx_word' id='word_1_279' title='bbox 1379 3306 1490 3370; x_wconf 85' lang='lat' dir='ltr'>visitet</span> <span class='ocrx_word' id='word_1_280' title='bbox 1517 3315 1549 3370; x_wconf 89' lang='lat' dir='ltr'>et</span> 
     </span>
     <span class='ocr_line' id='line_1_29' title="bbox 128 3401 1547 3490; baseline 0.001 -22"><span class='ocrx_word' id='word_1_281' title='bbox 128 3403 292 3468; x_wconf 90' lang='lat' dir='ltr'>ordinarie</span> <span class='ocrx_word' id='word_1_282' title='bbox 315 3403 460 3489; x_wconf 89' lang='lat' dir='ltr'>legentes</span> <span class='ocrx_word' id='word_1_283' title='bbox 480 3426 591 3470; x_wconf 89' lang='lat' dir='ltr'>omnes</span> <span class='ocrx_word' id='word_1_284' title='bbox 614 3404 741 3488; x_wconf 90' lang='lat' dir='ltr'>audiat,</span> <span class='ocrx_word' id='word_1_285' title='bbox 763 3413 795 3467; x_wconf 90' lang='lat' dir='ltr'>et</span> <span class='ocrx_word' id='word_1_286' title='bbox 817 3405 881 3468; x_wconf 84' lang='lat' dir='ltr'>ex¹</span> <span class='ocrx_word' id='word_1_287' title='bbox 903 3402 1092 3468; x_wconf 88' lang='lat' dir='ltr'>rationabili</span> <span class='ocrx_word' id='word_1_288' title='bbox 1113 3424 1227 3486; x_wconf 89' lang='lat' dir='ltr'>causa,</span> <span class='ocrx_word' id='word_1_289' title='bbox 1248 3425 1308 3490; x_wconf 90' lang='lat' dir='ltr'>per</span> <span class='ocrx_word' id='word_1_290' title='bbox 1328 3401 1426 3467; x_wconf 88' lang='lat' dir='ltr'>talem</span> <span class='ocrx_word' id='word_1_291' title='bbox 1445 3403 1547 3468; x_wconf 89' lang='lat' dir='ltr'>scola-</span> 
     </span>
     <span class='ocr_line' id='line_1_30' title="bbox 125 3501 1547 3591; baseline 0 -24"><span class='ocrx_word' id='word_1_292' title='bbox 125 3525 191 3568; x_wconf 91' lang='lat' dir='ltr'>rem</span> <span class='ocrx_word' id='word_1_293' title='bbox 212 3504 394 3588; x_wconf 89' lang='lat' dir='ltr'>assignata,</span> <span class='ocrx_word' id='word_1_294' title='bbox 415 3525 580 3591; x_wconf 90' lang='lat' dir='ltr'>quousque</span> <span class='ocrx_word' id='word_1_295' title='bbox 602 3503 643 3568; x_wconf 90' lang='lat' dir='ltr'>de</span> <span class='ocrx_word' id='word_1_296' title='bbox 665 3501 760 3568; x_wconf 89' lang='lat' dir='ltr'>domo</span> <span class='ocrx_word' id='word_1_297' title='bbox 781 3505 952 3586; x_wconf 90' lang='lat' dir='ltr'>communi,</span> <span class='ocrx_word' id='word_1_298' title='bbox 973 3503 1021 3566; x_wconf 91' lang='lat' dir='ltr'>uti</span> <span class='ocrx_word' id='word_1_299' title='bbox 1043 3504 1259 3589; x_wconf 91' lang='lat' dir='ltr'>praemissum</span> <span class='ocrx_word' id='word_1_300' title='bbox 1279 3509 1348 3586; x_wconf 91' lang='lat' dir='ltr'>est,</span> <span class='ocrx_word' id='word_1_301' title='bbox 1370 3504 1417 3566; x_wconf 91' lang='lat' dir='ltr'>eis</span> <span class='ocrx_word' id='word_1_302' title='bbox 1437 3503 1547 3588; x_wconf 87' lang='lat' dir='ltr'>provi-</span> 
     </span>
     <span class='ocr_line' id='line_1_31' title="bbox 126 3600 1589 3688; baseline 0.001 -22"><span class='ocrx_word' id='word_1_303' title='bbox 126 3601 255 3685; x_wconf 86' lang='lat' dir='ltr'>deatur,</span> <span class='ocrx_word' id='word_1_304' title='bbox 276 3602 313 3666; x_wconf 91' lang='lat' dir='ltr'>in</span> <span class='ocrx_word' id='word_1_305' title='bbox 333 3623 397 3688; x_wconf 88' lang='lat' dir='ltr'>qua</span> <span class='ocrx_word' id='word_1_306' title='bbox 418 3609 540 3666; x_wconf 87' lang='lat' dir='ltr'>extunc</span> <span class='ocrx_word' id='word_1_307' title='bbox 560 3603 630 3667; x_wconf 89' lang='lat' dir='ltr'>sine</span> <span class='ocrx_word' id='word_1_308' title='bbox 652 3601 907 3668; x_wconf 89' lang='lat' dir='ltr'>contradictione</span> <span class='ocrx_word' id='word_1_309' title='bbox 930 3612 1017 3666; x_wconf 87' lang='lat' dir='ltr'>stare</span> <span class='ocrx_word' id='word_1_310' title='bbox 1040 3600 1243 3666; x_wconf 77' lang='lat' dir='ltr'>tenebuntrr.</span> <span class='ocrx_word' id='word_1_311' title='bbox 1555 3611 1589 3668; x_wconf 83' lang='lat'>³0</span> 
     </span>
    </p>
   </div>
   <div class='ocr_carea' id='block_1_7' title="bbox 561 3774 1115 3838">
    <p class='ocr_par' dir='ltr' id='par_1_7' title="bbox 561 3774 1115 3838">
     <span class='ocr_line' id='line_1_32' title="bbox 561 3774 1115 3838; baseline 0.004 -6"><span class='ocrx_word' id='word_1_312' title='bbox 561 3774 590 3832; x_wconf 83' lang='lat'>7.</span> <span class='ocrx_word' id='word_1_313' title='bbox 611 3785 657 3832; x_wconf 81' lang='lat' dir='ltr'>DE</span> <span class='ocrx_word' id='word_1_314' title='bbox 679 3783 866 3838; x_wconf 64' lang='lat' dir='ltr'>asciscam,</span> <span class='ocrx_word' id='word_1_315' title='bbox 886 3784 1115 3834; x_wconf 74' lang='lat' dir='ltr'>SALLABlATlS.</span> 
     </span>
    </p>
   </div>
   <div class='ocr_carea' id='block_1_8' title="bbox 33 3897 1587 4384">
    <p class='ocr_par' dir='ltr' id='par_1_8' title="bbox 33 3897 1587 4384">
     <span class='ocr_line' id='line_1_33' title="bbox 202 3897 1547 3986; baseline -0.001 -22"><span class='ocrx_word' id='word_1_316' title='bbox 202 3897 374 3982; x_wconf 87' lang='lat' dir='ltr'>Volumus,</span> <span class='ocrx_word' id='word_1_317' title='bbox 395 3897 484 3984; x_wconf 91' lang='lat' dir='ltr'>quod</span> <span class='ocrx_word' id='word_1_318' title='bbox 503 3899 652 3984; x_wconf 88' lang='lat' dir='ltr'>magistri</span> <span class='ocrx_word' id='word_1_319' title='bbox 672 3897 831 3963; x_wconf 89' lang='lat' dir='ltr'>sallariati</span> <span class='ocrx_word' id='word_1_320' title='bbox 850 3907 882 3962; x_wconf 92' lang='lat' dir='ltr'>et</span> <span class='ocrx_word' id='word_1_321' title='bbox 903 3897 1078 3985; x_wconf 87' lang='lat' dir='ltr'>collegiati,</span> <span class='ocrx_word' id='word_1_322' title='bbox 1100 3901 1302 3968; x_wconf 88' lang='lat' dir='ltr'>ordinarium</span> <span class='ocrx_word' id='word_1_323' title='bbox 1324 3921 1384 3986; x_wconf 91' lang='lat' dir='ltr'>pro</span> <span class='ocrx_word' id='word_1_324' title='bbox 1400 3907 1547 3986; x_wconf 90' lang='lat' dir='ltr'>tempore</span> 
     </span>
     <span class='ocr_line' id='line_1_34' title="bbox 125 3996 1546 4087; baseline 0.001 -25"><span class='ocrx_word' id='word_1_325' title='bbox 125 4019 188 4063; x_wconf 91' lang='lat' dir='ltr'>non</span> <span class='ocrx_word' id='word_1_326' title='bbox 208 3997 382 4078; x_wconf 85' lang='lat' dir='ltr'>habentes,</span> <span class='ocrx_word' id='word_1_327' title='bbox 405 3998 601 4062; x_wconf 87' lang='lat' dir='ltr'>exercicium</span> <span class='ocrx_word' id='word_1_328' title='bbox 622 3996 755 4084; x_wconf 90' lang='lat' dir='ltr'>aliquod</span> <span class='ocrx_word' id='word_1_329' title='bbox 776 3999 845 4061; x_wconf 89' lang='lat' dir='ltr'>sive</span> <span class='ocrx_word' id='word_1_330' title='bbox 865 4000 1118 4085; x_wconf 87' lang='lat' dir='ltr'>resumptionem</span> <span class='ocrx_word' id='word_1_331' title='bbox 1140 3999 1319 4087; x_wconf 90' lang='lat' dir='ltr'>publicam,</span> <span class='ocrx_word' id='word_1_332' title='bbox 1347 3999 1381 4062; x_wconf 91' lang='lat' dir='ltr'>in</span> <span class='ocrx_word' id='word_1_333' title='bbox 1404 4021 1546 4086; x_wconf 91' lang='lat' dir='ltr'>quacun·</span> 
     </span>
     <span class='ocr_line' id='line_1_35' title="bbox 33 4095 1546 4182; baseline 0.001 -22"><span class='ocrx_word' id='word_1_334' title='bbox 33 4099 34 4104; x_wconf 74' lang='grc'>’</span> <span class='ocrx_word' id='word_1_335' title='bbox 127 4118 185 4182; x_wconf 89' lang='lat' dir='ltr'>que</span> <span class='ocrx_word' id='word_1_336' title='bbox 207 4097 308 4163; x_wconf 90' lang='lat' dir='ltr'>etiam</span> <span class='ocrx_word' id='word_1_337' title='bbox 329 4096 486 4179; x_wconf 70' lang='lat' dir='ltr'>msam,</span> <span class='ocrx_word' id='word_1_338' title='bbox 507 4095 663 4180; x_wconf 86' lang='lat' dir='ltr'>habeant,</span> <span class='ocrx_word' id='word_1_339' title='bbox 684 4096 924 4162; x_wconf 87' lang='lat' dir='ltr'>valitudinariis</span> <span class='ocrx_word' id='word_1_340' title='bbox 945 4096 999 4160; x_wconf 92' lang='lat' dir='ltr'>vel</span> <span class='ocrx_word' id='word_1_341' title='bbox 1011 4101 1100 4164; x_wconf 89' lang='lat' dir='ltr'>senio</span> <span class='ocrx_word' id='word_1_342' title='bbox 1121 4101 1277 4165; x_wconf 85' lang='lat' dir='ltr'>consectis</span> <span class='ocrx_word' id='word_1_343' title='bbox 1300 4120 1340 4162; x_wconf 91' lang='lat' dir='ltr'>ac</span> <span class='ocrx_word' id='word_1_344' title='bbox 1360 4099 1458 4162; x_wconf 90' lang='lat' dir='ltr'>etiam</span> <span class='ocrx_word' id='word_1_345' title='bbox 1469 4096 1546 4178; x_wconf 91' lang='lat' dir='ltr'>illis,</span> 
     </span>
     <span class='ocr_line' id='line_1_36' title="bbox 126 4193 1587 4284; baseline 0.001 -23"><span class='ocrx_word' id='word_1_346' title='bbox 126 4198 178 4281; x_wconf 92' lang='lat' dir='ltr'>qui</span> <span class='ocrx_word' id='word_1_347' title='bbox 199 4217 261 4283; x_wconf 88' lang='lat' dir='ltr'>pro</span> <span class='ocrx_word' id='word_1_348' title='bbox 284 4195 501 4281; x_wconf 89' lang='lat' dir='ltr'>completione</span> <span class='ocrx_word' id='word_1_349' title='bbox 520 4197 555 4260; x_wconf 94' lang='lat' dir='ltr'>in</span> <span class='ocrx_word' id='word_1_350' title='bbox 578 4196 687 4284; x_wconf 91' lang='lat' dir='ltr'>aliqua</span> <span class='ocrx_word' id='word_1_351' title='bbox 707 4194 859 4260; x_wconf 85' lang='lat' dir='ltr'>facultate</span> <span class='ocrx_word' id='word_1_352' title='bbox 880 4193 963 4260; x_wconf 88' lang='lat' dir='ltr'>alias</span> <span class='ocrx_word' id='word_1_353' title='bbox 984 4196 1221 4282; x_wconf 86' lang='lat' dir='ltr'>adlegandum</span> <span class='ocrx_word' id='word_1_354' title='bbox 1242 4199 1308 4262; x_wconf 91' lang='lat' dir='ltr'>sint</span> <span class='ocrx_word' id='word_1_355' title='bbox 1328 4197 1471 4278; x_wconf 87' lang='lat' dir='ltr'>astricti,</span> <span class='ocrx_word' id='word_1_356' title='bbox 1493 4205 1587 4262; x_wconf 77' lang='lat' dir='ltr'>so·35</span> 
     </span>
     <span class='ocr_line' id='line_1_37' title="bbox 126 4291 1572 4384; baseline 0.001 -26"><span class='ocrx_word' id='word_1_357' title='bbox 126 4291 189 4360; x_wconf 90' lang='lat' dir='ltr'>lum</span> <span class='ocrx_word' id='word_1_358' title='bbox 210 4294 364 4382; x_wconf 88' lang='lat' dir='ltr'>demptis.</span> <span class='ocrx_word' id='word_1_359' title='bbox 389 4293 436 4359; x_wconf 85' lang='lat' dir='ltr'>Et</span> <span class='ocrx_word' id='word_1_360' title='bbox 457 4293 642 4361; x_wconf 90' lang='lat' dir='ltr'>huiusmodi</span> <span class='ocrx_word' id='word_1_361' title='bbox 663 4297 916 4382; x_wconf 88' lang='lat' dir='ltr'>resumptionem</span> <span class='ocrx_word' id='word_1_362' title='bbox 936 4295 1059 4360; x_wconf 87' lang='lat' dir='ltr'>faciant</span> <span class='ocrx_word' id='word_1_363' title='bbox 1079 4299 1183 4382; x_wconf 89' lang='lat' dir='ltr'>gratis</span> <span class='ocrx_word' id='word_1_364' title='bbox 1206 4319 1267 4384; x_wconf 91' lang='lat' dir='ltr'>pro</span> <span class='ocrx_word' id='word_1_365' title='bbox 1288 4294 1495 4384; x_wconf 87' lang='lat' dir='ltr'>pauperibus.</span> <span class='ocrx_word' id='word_1_366' title='bbox 1569 4332 1572 4343; x_wconf 90' lang='lat'>·</span> 
     </span>
    </p>
   </div>
   <div class='ocr_carea' id='block_1_9' title="bbox 518 4463 1162 4528">
    <p class='ocr_par' dir='ltr' id='par_1_9' title="bbox 518 4463 1162 4528">
     <span class='ocr_line' id='line_1_38' title="bbox 518 4463 1162 4528; baseline 0.003 -3"><span class='ocrx_word' id='word_1_367' title='bbox 518 4463 547 4525; x_wconf 88' lang='lat'>8.</span> <span class='ocrx_word' id='word_1_368' title='bbox 567 4478 614 4524; x_wconf 86' lang='lat' dir='ltr'>ns</span> <span class='ocrx_word' id='word_1_369' title='bbox 637 4476 934 4526; x_wconf 80' lang='lat' dir='ltr'>conuscmroauu</span> <span class='ocrx_word' id='word_1_370' title='bbox 954 4477 1162 4528; x_wconf 81' lang='lat' dir='ltr'>suscrronu.</span> 
     </span>
    </p>
   </div>
   <div class='ocr_carea' id='block_1_10' title="bbox 126 4589 1587 4974">
    <p class='ocr_par' dir='ltr' id='par_1_10' title="bbox 126 4589 1587 4974">
     <span class='ocr_line' id='line_1_39' title="bbox 207 4589 1547 4678; baseline -0.003 -21"><span class='ocrx_word' id='word_1_371' title='bbox 207 4589 409 4657; x_wconf 87' lang='lat' dir='ltr'>Ordinamus</span> <span class='ocrx_word' id='word_1_372' title='bbox 431 4599 464 4654; x_wconf 91' lang='lat' dir='ltr'>et</span> <span class='ocrx_word' id='word_1_373' title='bbox 483 4589 649 4674; x_wconf 87' lang='lat' dir='ltr'>volumus,</span> <span class='ocrx_word' id='word_1_374' title='bbox 671 4590 759 4678; x_wconf 91' lang='lat' dir='ltr'>quod</span> <span class='ocrx_word' id='word_1_375' title='bbox 779 4589 944 4676; x_wconf 89' lang='lat' dir='ltr'>collegiati</span> <span class='ocrx_word' id='word_1_376' title='bbox 964 4592 1056 4656; x_wconf 84' lang='lat' dir='ltr'>iuxta</span> <span class='ocrx_word' id='word_1_377' title='bbox 1080 4592 1283 4678; x_wconf 89' lang='lat' dir='ltr'>primaevam</span> <span class='ocrx_word' id='word_1_378' title='bbox 1309 4590 1491 4678; x_wconf 87' lang='lat' dir='ltr'>principum</span> <span class='ocrx_word' id='word_1_379' title='bbox 1513 4597 1547 4654; x_wconf 90' lang='lat' dir='ltr'>et</span> 
     </span>
     <span class='ocr_line' id='line_1_40' title="bbox 126 4687 1546 4779; baseline -0.001 -25"><span class='ocrx_word' id='word_1_380' title='bbox 126 4689 345 4754; x_wconf 87' lang='lat' dir='ltr'>universitatis</span> <span class='ocrx_word' id='word_1_381' title='bbox 366 4687 610 4754; x_wconf 90' lang='lat' dir='ltr'>ordinacionem</span> <span class='ocrx_word' id='word_1_382' title='bbox 631 4698 663 4754; x_wconf 90' lang='lat' dir='ltr'>et</span> <span class='ocrx_word' id='word_1_383' title='bbox 683 4713 816 4755; x_wconf 90' lang='lat' dir='ltr'>suorum</span> <span class='ocrx_word' id='word_1_384' title='bbox 837 4699 1030 4755; x_wconf 88' lang='lat' dir='ltr'>statutorum</span> <span class='ocrx_word' id='word_1_385' title='bbox 1052 4691 1292 4774; x_wconf 91' lang='lat' dir='ltr'>continentiam,</span> <span class='ocrx_word' id='word_1_386' title='bbox 1313 4690 1465 4779; x_wconf 90' lang='lat' dir='ltr'>quociens</span> <span class='ocrx_word' id='word_1_387' title='bbox 1488 4688 1546 4753; x_wconf 87' lang='lat' dir='ltr'>ali-</span> 
     </span>
     <span class='ocr_line' id='line_1_41' title="bbox 129 4787 1587 4876; baseline 0 -24"><span class='ocrx_word' id='word_1_388' title='bbox 129 4808 221 4874; x_wconf 87' lang='lat' dir='ltr'>quam</span> <span class='ocrx_word' id='word_1_389' title='bbox 234 4787 481 4874; x_wconf 87' lang='lat' dir='ltr'>collegiaturam</span> <span class='ocrx_word' id='word_1_390' title='bbox 502 4810 622 4853; x_wconf 89' lang='lat' dir='ltr'>vacare</span> <span class='ocrx_word' id='word_1_391' title='bbox 643 4790 823 4876; x_wconf 89' lang='lat' dir='ltr'>contigerit,</span> <span class='ocrx_word' id='word_1_392' title='bbox 846 4789 931 4854; x_wconf 90' lang='lat' dir='ltr'>inter</span> <span class='ocrx_word' id='word_1_393' title='bbox 942 4787 1125 4874; x_wconf 87' lang='lat' dir='ltr'>eligendum</span> <span class='ocrx_word' id='word_1_394' title='bbox 1139 4790 1430 4856; x_wconf 89' lang='lat' dir='ltr'>considerationem</span> <span class='ocrx_word' id='word_1_395' title='bbox 1452 4796 1587 4852; x_wconf 81' lang='lat' dir='ltr'>suamtt</span> 
     </span>
     <span class='ocr_line' id='line_1_42' title="bbox 129 4883 1544 4974; baseline 0.003 -26"><span class='ocrx_word' id='word_1_396' title='bbox 129 4884 169 4948; x_wconf 89' lang='lat' dir='ltr'>ad</span> <span class='ocrx_word' id='word_1_397' title='bbox 188 4888 364 4972; x_wconf 88' lang='lat' dir='ltr'>magistros</span> <span class='ocrx_word' id='word_1_398' title='bbox 385 4889 516 4974; x_wconf 89' lang='lat' dir='ltr'>ingenio</span> <span class='ocrx_word' id='word_1_399' title='bbox 538 4883 742 4974; x_wconf 89' lang='lat' dir='ltr'>praeclaros,</span> <span class='ocrx_word' id='word_1_400' title='bbox 764 4889 1009 4956; x_wconf 88' lang='lat' dir='ltr'>conversatione</span> <span class='ocrx_word' id='word_1_401' title='bbox 1031 4889 1237 4972; x_wconf 87' lang='lat' dir='ltr'>tractabiles,</span> <span class='ocrx_word' id='word_1_402' title='bbox 1258 4887 1403 4954; x_wconf 88' lang='lat' dir='ltr'>moribus</span> <span class='ocrx_word' id='word_1_403' title='bbox 1424 4893 1456 4949; x_wconf 91' lang='lat' dir='ltr'>et</span> <span class='ocrx_word' id='word_1_404' title='bbox 1476 4885 1544 4952; x_wconf 87' lang='lat' dir='ltr'>vita</span> 
     </span>
    </p>
   </div>
   <div class='ocr_carea' id='block_1_11' title="bbox 193 5108 961 5169">
    <p class='ocr_par' dir='ltr' id='par_1_11' title="bbox 193 5108 961 5169">
     <span class='ocr_line' id='line_1_43' title="bbox 193 5108 961 5169; baseline 0.003 -5"><span class='ocrx_word' id='word_1_405' title='bbox 193 5113 206 5164; x_wconf 88' lang='lat' dir='ltr'>l</span> <span class='ocrx_word' id='word_1_406' title='bbox 226 5109 416 5169; x_wconf 78' lang='lat' dir='ltr'>Geschrieben</span> <span class='ocrx_word' id='word_1_407' title='bbox 433 5108 508 5164; x_wconf 80' lang='lat' dir='ltr'>steht</span> <span class='ocrx_word' id='word_1_408' title='bbox 524 5109 614 5165; x_wconf 82' lang='lat' dir='ltr'>Etoc:</span> <span class='ocrx_word' id='word_1_409' title='bbox 629 5108 769 5165; x_wconf 85' lang='lat' dir='ltr'>vielleicht</span> <span class='ocrx_word' id='word_1_410' title='bbox 785 5109 831 5168; x_wconf 82' lang='lat' dir='ltr'>fiir</span> <span class='ocrx_word' id='word_1_411' title='bbox 846 5119 873 5166; x_wconf 82' lang='lat' dir='ltr'>et</span> <span class='ocrx_word' id='word_1_412' title='bbox 888 5111 961 5167; x_wconf 70' lang='lat' dir='ltr'>boc!</span> 
     </span>
    </p>
   </div>
   <div class='ocr_carea' id='block_1_12' title="bbox 1203 5199 1253 5261">
    <p class='ocr_par' dir='ltr' id='par_1_12' title="bbox 1203 5199 1253 5261">
     <span class='ocr_line' id='line_1_44' title="bbox 1203 5199 1253 5261; baseline 0 -22"><span class='ocrx_word' id='word_1_413' title='bbox 1203 5199 1253 5261; x_wconf 66' lang='lat'>2*</span> 
     </span>
    </p>
   </div>
   <div class='ocr_carea' id='block_1_13' title="bbox 0 0 1907 6060">
    <p class='ocr_par' dir='ltr' id='par_1_13' title="bbox 0 0 1907 6060">
     <span class='ocr_line' id='line_1_45' title="bbox 0 0 1907 6060; baseline 0 0"><span class='ocrx_word' id='word_1_414' title='bbox 0 0 1907 6060; x_wconf 95' lang='lat' dir='ltr'> </span> 
     </span>
    </p>
   </div>
  </div>
 </body>
</html>
