3788 6078
349 527 409 591 550
856 522 907 572 Die
926 521 1109 586 theologisohs
1130 521 1254 574 muttit.

347 705 445 771 talem
473 701 592 770 librum
615 702 734 770 talibus
757 703 827 770 loco
850 713 882 770 et
901 703 1014 770 hora.“
1055 702 1137 769 Item
1163 701 1300 792 quilibet
1321 725 1432 768 cursor
1461 699 1655 788 procurabit
1675 701 1763 766 scribi

347 815 474 893 tempus
499 805 696 890 incepcionis
719 814 750 869 et
778 805 936 870 finioionis
966 805 1015 869 sui
1044 827 1158 869 cursus
1181 803 1223 868 ad
1252 801 1372 868 librum
1401 801 1577 867 facultatis.
1619 801 1764 867 Similiter

349 903 484 992 quilibet
503 904 735 970 sentenciarius
758 903 950 990 procurabit
969 913 1116 991 tempora
1138 899 1201 991 [6⁸]
1222 903 1420 989 incepciouis
1444 913 1477 967 et
1494 901 1659 968 fiuicionis
1677 901 1765 968 libro·

349 1027 419 1069 rum
442 1003 679 1068 ssutenoiarum
701 1003 745 1069 ad
764 1001 884 1069 librum
905 1001 1078 1068 facultatis.

307 1198 324 1250 5
461 1189 490 1249 6.
512 1200 663 1250 suaarcs
683 1202 730 1249 uu
751 1203 829 1266 uns,
851 1203 942 1263 oure
964 1203 1141 1252 sesorsur
1163 1203 1210 1252 sn
1233 1201 1405 1250 sruounos
1426 1200 1669 1252 ssccsnsmos

911 1302 1203 1350 rnurrrsssrrrsa

434 1435 592 1502 Cursores
614 1445 645 1499 et
667 1433 872 1498 sentenciarii
894 1441 1042 1498 tenentur
1065 1433 1188 1499 decano
1210 1441 1242 1498 et
1263 1431 1409 1498 facultati
1435 1434 1469 1497 in
1496 1431 1596 1498 licitis
1617 1441 1650 1497 et
1670 1431 1774 1497 hones-
1868 1429 1869 1438 ³

349 1537 391 1600 tis
414 1533 557 1601 obedire.
597 1534 678 1598 Item
701 1531 837 1622 quilibet
859 1555 969 1598 eorum
991 1543 1117 1598 tenetur
1139 1532 1339 1619 singulorum
1362 1532 1595 1618 magistrorum
1624 1530 1775 1597 leccioues

351 1634 524 1718 diligenter
547 1633 616 1697 sine
645 1632 718 1698 dolo
747 1644 779 1696 et
805 1631 919 1697 fraude
940 1633 974 1696 in
997 1654 1104 1720 eappa
1125 1633 1269 1714 visitare,
1299 1633 1347 1697 sio
1375 1631 1462 1718 quod
1490 1629 1612 1696 nullius
1636 1631 1777 1718 magistri
1868 1679 1869 1714 ,

311 1747 342 1801 10
353 1734 433 1799 duas
455 1732 614 1797 lecciones
638 1740 711 1818 post
731 1733 868 1797 invicem
898 1753 932 1796 se
959 1741 1128 1818 sequentes
1154 1730 1316 1818 negligat3
1349 1740 1381 1796 et
1403 1732 1523 1814 siquis
1545 1749 1640 1794 secus
1662 1730 1775 1810 fecerit,
1868 1795 1869 1798 ,

352 1857 392 1900 ex
425 1843 502 1897 tuuc
536 1832 655 1918 singuli
687 1831 835 1916 magistri
869 1830 912 1895 ad
943 1831 1012 1896 eius
1045 1831 1229 1896 ulteriorem
1262 1831 1506 1917 promocionem
1534 1839 1689 1892 tenentur
1716 1851 1777 1892 esse

351 1955 479 2020 graves.
521 1931 602 1996 Item
631 1931 767 2019 quilibet
788 1953 900 1996 eorurm
925 1940 1052 1995 tenetur
1075 1951 1204 1996 omnem
1228 1939 1347 2010 aetum,
1376 1926 1513 2014 gradum
1539 1949 1634 1993 suum
1657 1949 1777 1992 concer-

350 2041 489 2113 nentem,
516 2032 549 2094 in
570 2053 677 2118 cappa
698 2031 822 2112 fsecre;
851 2032 928 2095 item
951 2029 1115 2094 ordinarie
1136 2027 1335 2114 respondere
1359 2029 1444 2092 etin
1465 2027 1580 2092 ordine
1606 2051 1678 2110 suo,
1706 2029 1779 2092 sicut
1868 2099 1869 2104 η

351 2131 414 2197 sibi
442 2131 619 2196 iniunctum
647 2131 759 2212 fuerit,
789 2129 990 2217 praedicare.
1032 2129 1115 2194 Item
1137 2127 1281 2194 volentes
1307 2125 1508 2214 praedicare,
1537 2127 1707 2215 principia
1731 2139 1778 2192 aut
1868 2157 1869 2160 ¹

312 2232 534 2318 repositiones
563 2252 623 2316 pro
650 2229 776 2294 actibus
799 2229 927 2316 publice
956 2229 1073 2309 facere,
1103 2237 1251 2292 tenentur
1278 2227 1371 2314 prius
1398 2248 1573 2308 sermones,
1602 2228 1779 2313 posiciones

352 2340 384 2394 et
411 2330 574 2417 principia
601 2330 767 2414 magistris
799 2328 978 2393 senioribus
1009 2336 1041 2390 et
1066 2325 1246 2392 iunioribus
1275 2325 1318 2391 ad
1349 2321 1576 2411 corrigendum
1606 2326 1781 2391 ostendere.

350 2430 432 2494 ltem
466 2427 685 2508 baccalarius,
724 2426 971 2515 praedicaturus
1003 2425 1046 2490 ad
1078 2423 1215 2508 clerum,
1252 2435 1378 2490 tenetur
1411 2447 1593 2489 sermonem
1628 2449 1722 2490 suum
1751 2429 1779 2490 iu

353 2529 474 2614 scripto
504 2526 583 2590 dare
611 2525 767 2590 facultati.
809 2525 888 2590 Item
911 2523 942 2612 [6
950 2523 975 2612 s]
1000 2524 1205 2590 baccalarius
1233 2547 1447 2612 responsurus
1474 2534 1602 2588 tenetur
1629 2527 1779 2612 magistro
1868 2559 1869 2570 κ

353 2649 420 2708 suo,
444 2649 502 2711 pro
526 2647 563 2688 eo
586 2623 801 2710 disputaturo,
824 2623 995 2688 duodecim
1018 2623 1130 2688 titulos
1151 2623 1202 2688 vel
1225 2623 1343 2710 plures,
1368 2631 1403 2687 ut
1424 2645 1465 2686 ex
1489 2623 1535 2686 eis
1558 2621 1622 2688 sihi
1646 2623 1779 2710 aliquem

311 2724 536 2812 wplacentem
559 2721 667 2808 eligat,
694 2733 921 2809 praesentare,
944 2725 971 2787 si
992 2735 1099 2788 autern
1121 2721 1227 2788 nullus
1252 2745 1362 2786 eorum
1386 2718 1448 2786 sibi
1469 2720 1648 2808 placuerit,
1670 2735 1780 2788 extunc

354 2823 510 2909 magister
531 2823 676 2907 assignet
697 2820 882 2886 baccalario
905 2845 1002 2887 unum
1024 2823 1152 2886 titulum
1182 2843 1255 2886 cum
1283 2821 1484 2906 argumentis
1514 2844 1574 2908 pro
1596 2836 1630 2886 et
1658 2835 1780 2904 contra3

354 2934 385 2988 et
410 2921 611 2986 baccalarius
637 2929 764 2986 teneurr
793 2920 941 3006 sibiipsi
968 2920 1008 2985 de
1035 2921 1200 3008 posicione
1225 2919 1410 3007 providere,
1439 2943 1504 3008 qua
1531 2919 1648 2987 habita
1674 2933 1707 2988 et
1730 2945 1781 3010 per

353 3024 544 3107 magistrum
566 3043 660 3084 suurn
683 3019 823 3106 probata
844 3019 980 3084 eanderu
997 3022 1163 3106 magistris
1186 3020 1305 3085 seniori
1328 3029 1360 3083 et
1382 3021 1499 3084 iuniori
1523 3019 1695 3104 ostendat3
1716 3045 1780 3086 con-

357 3131 528 3208 sequenter
550 3129 581 3183 ct
599 3128 772 3206 postquam
796 3141 855 3206 per
877 3143 931 3183 eos
954 3119 1093 3206 probata
1114 3119 1220 3201 fucrit,
1240 3127 1317 3183 tuuc
1339 3118 1444 3183 denuo
1463 3119 1622 3204 magistro
1644 3121 1781 3208 disputa·
1868 3147 1869 3222 ,

312 3230 427 3286 25turo
451 3218 539 3283 dicta
562 3218 688 3305 posicio
712 3229 946 3304 praesentetur,
978 3221 1032 3305 qui
1054 3219 1211 3304 magister
1233 3227 1433 3304 argumenta,
1462 3239 1546 3305 quae
1573 3219 1715 3285 intendit
1736 3221 1781 3285 de
1868 3251 1869 3276 t

354 3319 481 3392 ducere,
509 3317 695 3382 baccalario
718 3340 914 3404 responsuro
936 3317 1159 3404 praesentabit
1182 3327 1213 3382 et
1239 3316 1415 3382 abeodem
1439 3339 1636 3382 econverso
1658 3343 1781 3408 respou-
1868 3318 1869 3408 l

354 3419 477 3484 sionem
506 3417 658 3504 recipiet,
692 3427 805 3482 contra
835 3439 933 3502 quarn
963 3417 1079 3481 iterato
1112 3414 1301 3503 replicabit3
1333 3427 1365 3480 et
1399 3417 1445 3481 sic
1476 3428 1724 3506 consequenter,
1752 3429 1781 3483 ut
1868 3409 1869 3450 ³

354 3519 456 3606 prius,
489 3515 695 3603 procedatur.
737 3515 830 3597 Item,
860 3515 1087 3602 disputacioue
1116 3515 1223 3596 finita,
1253 3514 1455 3601 respondeus
1483 3518 1593 3581 mittat
1621 3520 1781 3604 magistro,
1868 3483 1869 3558 l

354 3618 408 3704 qui
438 3638 497 3702 pro
527 3637 563 3678 eo
591 3613 786 3701 disputavit,
814 3637 911 3679 unam
940 3623 1088 3700 quartam
1110 3615 1178 3678 vini
1206 3611 1317 3698 gallici
1340 3613 1391 3679 vel
1413 3615 1481 3679 vini
1508 3615 1665 3681 melioris.
1706 3619 1781 3684 Item
1868 3571 1869 3660 l

311 3713 462 3782 aonnssus
491 3715 724 3778 sentenciarius
757 3723 812 3778 aut
842 3735 955 3778 cursor
987 3713 1020 3777 in
1054 3712 1217 3799 theologia
1248 3711 1345 3777 debet
1375 3712 1483 3800 legere
1512 3716 1546 3778 in
1578 3715 1694 3780 eadem
1723 3717 1781 3781 illis

353 3813 480 3895 diebus,
512 3811 629 3896 quibus
657 3813 754 3878 fuerit
780 3821 872 3876 actus
899 3810 1036 3876 celebris
1064 3814 1097 3876 iu
1125 3811 1297 3896 theologia,
1326 3824 1405 3898 puta
1431 3812 1561 3898 quando
1587 3817 1662 3900 quis
1687 3819 1781 3902 magi·

356 3922 495 3977 atrorum
516 3910 697 3998 disputavit
718 3921 775 3974 aut
796 3933 855 3996 pro
876 3910 984 3998 aliquo
1009 3909 1116 3976 aulam
1139 3907 1203 3999 [7⁸]
1223 3912 1336 3993 tenuit,
1356 3911 1408 3976 vel
1429 3913 1531 3978 eciam
1554 3915 1688 4001 quando
1709 3917 1783 3980 fiunt
1868 3935 1869 3968 t

355 4011 518 4098 principia
540 4033 599 4096 per
621 4011 853 4074 sentenciarios
875 4020 930 4074 aut
954 4033 1111 4076 cursores.
1151 4011 1231 4075 Item
1253 4015 1419 4098 magister,
1449 4023 1620 4100 postquam
1643 4015 1781 4103 disputa

354 4111 417 4192 vit,
447 4119 572 4176 tenetur
601 4111 800 4198 posicionem
832 4132 924 4174 suam
954 4133 1026 4176 cum
1057 4112 1254 4194 argumentis
1285 4109 1408 4176 decano
1439 4110 1604 4177 facultatis
1636 4136 1781 4200 praeseu-
1868 4141 1869 4144 ¹

312 4219 426 4274 35tare
448 4219 505 4274 etc.

355 4381 384 4442 7·
406 4392 556 4441 ruamus
575 4394 622 4442 DE
644 4394 738 4460 nrm,
760 4396 820 4456 QUI
841 4395 972 4444 FINIVIT
989 4394 1137 4459 CURSUM,
1156 4393 1335 4442 RESPECTU
1355 4394 1520 4444 rurum
1539 4395 1782 4448 Paouocloms.

437 4525 612 4612 Postquam
641 4528 713 4612 quis
741 4550 871 4592 cursum
898 4527 1054 4610 finiverit,
1077 4526 1209 4591 vacabit
1235 4549 1294 4612 per
1321 4549 1420 4591 unum
1443 4549 1573 4610 annum,
1601 4529 1636 4594 in
1658 4529 1781 4618 quoad

352 4624 525 4712 legendum
548 4627 728 4690 sentencias
750 4625 922 4713 diligenter
945 4651 979 4692 se
1001 4635 1186 4714 praeparet.
1231 4625 1448 4692 Nihilominus
1470 4637 1578 4692 tamen
1600 4639 1679 4694 tunc
1700 4640 1780 4695 tene·

354 4735 406 4790 tur
428 4724 532 4790 scolas
555 4722 753 4810 theologicas
777 4735 920 4792 stactus
942 4722 1140 4811 theologicos
1163 4725 1306 4790 visitare.

312 4934 346 4990 40
421 4931 450 4994 8·
473 4942 520 4990 Dii
543 4941 719 4990 melanito
740 4943 978 4992 PROMOVENTE
1001 4941 1185 4990 CURSOREH
1204 4943 1250 4990 AD
1273 4942 1467 4992 mesanum
1488 4943 1712 4994 amnuens.

436 5073 604 5161 Magister,
636 5073 746 5140 volens
780 5073 919 5161 aliquem
952 5083 1162 5163 praesentare
1190 5075 1233 5142 ad
1260 5074 1434 5162 legendum
1465 5079 1663 5161 sentencias,
1692 5086 1777 5166 petat
1868 5087 1869 5116 ³

356 5172 419 5239 sibi
441 5175 731 5263 congregacionem
750 5174 822 5240 fieri
841 5197 899 5264 per
922 5174 1079 5243 decanum
1100 5176 1187 5244 infra
1207 5197 1352 5244 mensem
1378 5177 1567 5264 proximum
1587 5187 1665 5244 anta
1685 5199 1775 5244 raca·
