3748 6070
670 535 720 588 on
738 537 978 604 anastasiana
1477 542 1537 610 353

115 739 204 786 nova
229 716 325 804 loyca
350 717 403 782 vel
428 718 463 782 in
491 716 681 805 sophistria,
711 717 752 784 de
781 719 912 808 quibus.
926 719 1048 786 ultimis
1073 722 1138 788 tria
1166 723 1337 810 capiantur
1365 723 1539 790 secundum

115 817 270 906 placitum
298 815 351 881 vel
383 816 558 882 secundum
587 817 781 884 eleccionem
806 819 989 886 volcacium
1020 823 1222 907 promoveri,
1253 821 1312 889 sub
1342 845 1448 910 poena
1473 845 1539 888 non

115 917 324 983 admissionis
345 916 388 982 ad
409 916 548 1003 gradum
568 919 748 1006 magisterii
769 941 870 1006 supra
891 918 1022 985 dictum.

511 1075 539 1134 4.
561 1085 608 1134 DE
630 1085 731 1136 MODO
751 1087 922 1136 AUDIENDI
942 1086 1145 1137 IAEOOIONES.

683 1188 745 1254 Vgl.
770 1190 918 1254 Hauptstnt.
939 1189 979 1241 26.
1563 1197 1580 1254 5

201 1284 319 1350 Modus
341 1293 448 1352 autem
472 1283 624 1352 audiendi
646 1287 708 1350 erit
727 1285 811 1370 talis,
839 1287 925 1375 quod
953 1285 1088 1376 quilibet
1108 1287 1243 1353 audiens
1263 1287 1404 1377 aliquam
1426 1287 1538 1352 leccio-

115 1407 189 1452 nem
210 1407 270 1472 pro
297 1383 404 1470 aliquo
425 1384 531 1472 gradu
549 1385 584 1448 in
605 1384 741 1468 artibus,
769 1389 914 1474 exceptis
935 1385 1246 1454 mathematicalibus
1254 1389 1274 1471 ¹,
1301 1387 1397 1476 loyca
1417 1386 1540 1453 Hesbri

116 1495 149 1550 et
169 1482 384 1571 politicorum,
412 1492 539 1548 tenetur
561 1505 633 1550 earn
655 1483 768 1551 audire
788 1487 823 1552 in
843 1484 937 1569 libro,
960 1487 1015 1574 qui
1033 1485 1163 1571 legitur,
1185 1508 1259 1552 cum
1285 1485 1470 1574 diligencia,
1493 1487 1540 1550 sie

116 1583 203 1670 quod
223 1593 289 1650 tres
310 1582 468 1648 lecciones
489 1583 675 1650 immediate
700 1606 735 1650 se
757 1593 925 1674 sequentes
946 1606 1012 1650 non
1034 1583 1188 1672 negligat,
1210 1607 1269 1651 nec
1292 1585 1351 1651 sub
1373 1609 1439 1652 una
1458 1585 1541 1651 hora

116 1684 198 1750 duas
220 1682 379 1748 lecciones
399 1681 528 1766 habeat,
553 1681 613 1748 sub
635 1706 748 1772 poena¹
765 1706 830 1750 non
858 1685 1112 1774 computacionis
1140 1685 1233 1752 istius
1261 1683 1337 1753 libri
1357 1684 1466 1752 totalis
1486 1683 1540 1749 vel
1549 1692 1581 1750 10

116 1781 284 1870 parcialis.
322 1781 414 1849 Idem
435 1781 623 1870 intelligitur
645 1783 685 1850 de
707 1785 887 1851 exerciciis.

533 1940 562 2002 5.
587 1950 634 2000 nn
657 1951 757 2001 uono
780 1951 954 2002 souvauur
977 1951 1123 2004 asarum

686 2055 745 2118 Vgl.
763 2055 909 2118 Hsuptstat
928 2054 969 2106 tt.

195 2152 279 2216 Item
300 2149 434 2240 audiens
460 2149 601 2237 aliquam
627 2149 803 2218 leccionem
823 2151 876 2218 vel
904 2153 1098 2218 exercicium
1127 2174 1188 2240 pro
1216 2150 1323 2238 gradu
1348 2153 1384 2218 in
1413 2151 1538 2218 artibus

114 2252 223 2338 etqui
245 2259 294 2316 est
322 2249 504 2334 solvendo²‚
532 2249 652 2337 legenti
672 2250 724 2316 vel
752 2250 931 2339 disputanti
961 2251 1021 2317 sub
1048 2251 1190 2318 leccione
1211 2251 1264 2318 vel
1286 2253 1447 2319 exercicio
1475 2273 1534 2340 per
1546 2261 1576 2317 15

116 2352 297 2438 pecuniam,
320 2352 439 2437 pignus
451 2351 614 2416 sufficiens
625 2350 677 2415 vel
700 2353 885 2417 caucionem
902 2350 1142 2419 fideiussoriam
1162 2354 1256 2418 iuxta
1276 2361 1389 2418 taxum
1405 2373 1425 2416 a
1439 2350 1539 2417 sacul-

114 2461 181 2516 tate
210 2451 332 2515 factam
358 2448 411 2515 vel
441 2451 608 2538 antiquam
636 2446 897 2516 consuetudinem
923 2459 1050 2518 tenetur
1080 2453 1275 2518 satisfacere.
1299 2451 1388 2524 'Non
1416 2450 1539 2517 habens

42 2559 44 2564 '
116 2573 193 2616 vero
215 2551 303 2614 infra
322 2549 409 2616 idem
430 2560 557 2637 tempus
579 2553 770 2638 magistrum
797 2549 959 2637 legentem
978 2550 1031 2616 vel
1059 2550 1277 2638 disputantem
1305 2551 1346 2616 de
1375 2574 1435 2616 sua
1462 2572 1539 2638 pau·

117 2659 244 2738 pertate
274 2649 470 2714 sufficienter
494 2649 669 2716 informare
695 2659 830 2732 tenetur,
859 2647 919 2716 sub
945 2671 1051 2737 poena
1078 2673 1145 2716 non
1166 2650 1422 2738 computacionis
1449 2651 1542 2715 istius

114 2748 269 2815 leccionis
290 2748 343 2814 vel
372 2750 535 2814 exercicii.
575 2749 718 2815 Tenetur
746 2761 854 2816 tamen
882 2749 956 2816 talis
979 2749 1205 2818 nichilominus
1231 2752 1388 2836 magistro
1414 2748 1473 2815 tali
1499 2748 1583 2814 deco

114 2848 171 2914 tali
200 2845 287 2938 [37³³]
317 2849 460 2915 leccione
486 2847 539 2915 vel
566 2851 725 2915 exercicio
756 2849 900 2938 plenarie
929 2850 1134 2935 satisfacere,
1164 2851 1245 2917 alias
1273 2849 1317 2916 ad
1343 2857 1542 2936 temptamen

114 2949 411 3036 magistrandorum
450 2971 515 3014 non
553 2947 753 3014 admittatur.
794 2949 907 3016 Talem
941 2951 1044 3015 eciam
1079 2959 1210 3038 reputat
1245 2948 1383 3015 facultas
1418 2950 1542 3014 arcium

116 3051 321 3136 magistrum,
343 3071 364 3114 a
383 3072 446 3138 quo
460 3047 636 3114 leccionem
649 3045 700 3112 vel
721 3049 918 3113 exercicium
940 3047 1075 3132 audivit,
1097 3049 1137 3114 de
1159 3073 1219 3115 sua
1239 3047 1540 3138 paupertate'suffi·

116 3149 238 3214 cienter
260 3149 461 3233 informasse,
484 3150 539 3237 qui
561 3146 621 3212 sub
642 3146 785 3214 leocione
802 3148 855 3213 vel
876 3150 1048 3231 exercicio,
1070 3157 1105 3213 ut
1125 3148 1339 3235 praemissum
1360 3157 1420 3230 est,
1440 3147 1541 3232 magi·

116 3257 182 3314 stro
205 3247 266 3313 tali
293 3249 327 3313 in
352 3248 555 3314 consciencia
577 3269 636 3312 sua
657 3246 751 3328 dicit,
782 3246 868 3335 quod
893 3245 993 3312 nichil
1022 3245 1143 3312 habeat
1171 3245 1234 3312 sibi
1263 3247 1342 3312 dare
1369 3245 1422 3313 vel
1453 3245 1582 3334 quodas
1615 3235 1619 3248 ⁸

115 3347 319 3414 commodose
342 3348 404 3414 sibi
429 3346 502 3436 plus
524 3346 604 3411 dare
625 3369 690 3412 non
711 3347 831 3433 potuit,
859 3367 957 3433 quarn
985 3345 1049 3411 sibi
1078 3345 1157 3412 dare
1178 3345 1296 3436 voluit,
1325 3355 1357 3411 ct
1384 3367 1458 3410 cum
1479 3345 1540 3410 hoc

114 3447 235 3514 habeat
254 3469 352 3513 unum
374 3447 438 3512 fide
459 3445 602 3534 dignum,
623 3449 677 3532 qui
699 3445 811 3511 eredat
831 3446 877 3509 ita
898 3446 966 3509 fore
987 3445 1047 3511 sub
1069 3468 1128 3512 sua
1150 3447 1363 3512 consciencia.

148 3621 178 3682 6.
199 3633 236 3682 m
257 3632 352 3694 Quor
373 3630 686 3696 DISI'UTATIONIBUS
709 3629 906 3678 ottomanus
928 3629 1163 3680 Baccsasmus
1182 3630 1441 3684 Pnouovntmus
1463 3631 1510 3681 AD

459 3732 603 3782 GRADUM
624 3728 824 3780 morsuum
845 3729 1008 3778 TENETUR
1028 3729 1199 3781 mannan.

684 3851 744 3916 Vgl.
763 3849 911 3912 Hauptstat.
928 3847 970 3901 38.
1548 3851 1583 3910 30

199 3964 283 4030 Item
304 3963 410 4030 nullus
430 3963 686 4032 baccalariorum
709 3962 805 4030 debet
826 3961 952 4028 admitti
974 3963 1017 4028 ad
1032 3971 1231 4052 temptamen
1246 3987 1306 4052 pro
1321 3961 1427 4051 gradu
1441 3962 1542 4047 magi·

120 4065 220 4147 alerii,
243 4064 309 4128 nisi
330 4066 363 4129 in
391 4066 594 4130 consciencia
614 4087 673 4130 sua
701 4063 803 4146 dieat,
831 4060 919 4150 quod
941 4063 1031 4149 prius
1052 4064 1087 4128 in
1107 4065 1241 4150 triginta
1264 4061 1543 4151 disputacionibus

121 4165 295 4230 ordinariis
317 4163 577 4230 baccalariorum
597 4161 765 4250 arguebat,
788 4164 815 4227 si
836 4161 944 4227 locum
964 4162 1123 4248 arguendi
1143 4161 1263 4228 habere
1284 4164 1399 4250 potuit

149 4339 177 4398 7.
198 4349 236 4398 IN
258 4349 355 4411 Quor
376 4347 688 4400 DISPUTACIONIBUS
709 4345 906 4397 ottomanus
930 4343 1180 4394 uamsrnoault
1199 4345 1458 4397 Paossovannus
1478 4346 1514 4394 m

547 4448 694 4497 tarmus
717 4445 881 4496 smnus
902 4445 1120 4494 conannas.
1550 4436 1584 4494 35

689 4549 751 4613 Vgl.
768 4549 915 4613 Hauptstat.
935 4547 977 4599 37.

201 4665 285 4733 Item
305 4664 410 4731 nullus
431 4663 692 4730 baccalariorum
712 4663 836 4728 arcium
857 4660 1046 4727 admittatur
1067 4660 1111 4724 ad
1131 4670 1329 4751 temptamen
1350 4661 1542 4746 magistran-

121 4765 246 4851 dorum,
269 4767 333 4831 nisi
353 4769 389 4832 in
411 4767 614 4832 consciencIa
636 4786 695 4830 sua
716 4763 819 4844 dicat,
842 4761 929 4850 quod
947 4761 982 4826 in
1002 4761 1138 4847 triginta
1158 4759 1436 4850 disputacionibus
1457 4757 1541 4825 ordi-

207 4961 426 5024 lGeachrieben
444 4961 481 5017 ist
495 4927 707 5031 matteumtibll,
733 4961 791 5014 und
814 4977 887 5015 awar
907 4959 945 5014 ist
967 4957 1164 5016 ansdriicklich
1181 4977 1212 5018 so
1228 4957 1385 5032 corrigiam,
1407 4954 1543 5012 nachdem

123 5047 285 5122 anfinglieh
301 5045 478 5122 geschrieben
496 5061 622 5116 genesen
638 5061 696 5098 war
712 5043 916 5098 mttematibt.

206 5137 222 5190 2
239 5131 427 5192 Geschrieben
446 5129 520 5186 steht
537 5127 609 5186 ohne
626 5127 801 5200 Abkiiraung
816 5129 969 5198 reomao,
992 5125 1048 5198 vgl.
1065 5126 1110 5184 die
1127 5126 1210 5184 Anm.
1232 5143 1267 5182 au
1285 5133 1301 5193 ξ
1320 5131 1351 5182 27
1369 5126 1418 5181 der
1434 5123 1543 5194 Haupt

123 5225 407 5361 theusippmmuffl
423 5317 483 5357 aaa
499 5317 572 5354 univ.
589 5314 710 5356 samaro.
1332 5302 1371 5364 23
