3758 6072
315 489 376 556 428
804 491 854 542 Die
876 492 1094 556 pbilosopbircbe
1112 495 1240 546 Facultit.

316 677 365 738 27.
377 667 436 759 [Bi.
452 667 524 761 27⁸]
543 692 774 742 roaumnruu
789 694 952 760 scensas,
973 695 1041 743 arra
1054 693 1288 744 racuurarnu
1299 693 1431 745 sacrun
1443 694 1728 744 mmoussmrrar

316 789 500 838 counrrmr
533 792 578 840 nr
612 793 680 842 aaa
713 795 879 844 semones
910 795 1096 844 nocronns
1128 795 1390 846 uuwaasrrarrs
1425 795 1657 844 ammarum
1688 795 1728 842 nr

315 887 557 950 mraoaarmr,
584 892 652 940 unc
672 894 745 941 nou
773 895 840 942 aaa
866 895 1063 944 sarscormr
1084 895 1403 946 amassaonoaasnu
1430 891 1666 945 narmrcarmr
1689 895 1728 942 rr

316 987 575 1056 cousrauarun,
594 993 770 1041 renascar
785 994 899 1044 ouras
919 997 965 1044 ar
989 995 1127 1045 sruomr
1146 997 1310 1045 mursrsr
1331 997 1495 1045 rannone
1510 994 1730 1044 ancsrcrours

273 1077 290 1133 5
316 1088 362 1136 so
386 1089 572 1139 cousmrou
590 1092 717 1141 oroma
739 1095 953 1145 raounrsms
973 1095 1104 1145 sacrun
1124 1097 1167 1145 sc
1185 1097 1508 1146 ommsnrorucmrr
1529 1096 1566 1143 ra
1580 1095 1731 1160 tarmus,

592 1190 670 1240 noar
690 1195 828 1242 rursur
849 1197 1036 1246 monacum
1055 1197 1246 1246 mummium
1266 1198 1303 1245 m
1324 1197 1461 1246 arsosu.

400 1326 502 1407 „Item
522 1328 605 1408 iuro,
627 1328 713 1414 quod
732 1352 891 1416 personae
910 1330 962 1396 vel
982 1332 1140 1418 personis,
1162 1343 1276 1398 contra
1302 1353 1401 1418 quam
1420 1327 1474 1393 vel
1494 1351 1579 1414 quas
1599 1325 1730 1394 facrrltar

317 1425 442 1490 areium
462 1437 597 1514 propter
619 1450 693 1494 suos
715 1451 868 1496 excessus
890 1430 1097 1514 exclusionis,
1119 1432 1341 1518 suspensionis
1363 1451 1419 1495 seu
1441 1428 1507 1494 alia
1528 1428 1646 1514 quavis
1661 1448 1730 1491 con·

317 1525 416 1611 digna
438 1548 545 1613 poena
564 1531 758 1614 processerit
789 1540 845 1595 aut
879 1531 1057 1617 procedere
1087 1531 1269 1616 contigerit,
1299 1529 1482 1596 nullatenus
1505 1526 1603 1592 velim
1632 1535 1733 1592 astare
1814 1589 1821 1603 ,

279 1633 467 1690 10auteam
487 1625 539 1690 vel
562 1650 635 1709 eas,
679 1630 707 1693 si
739 1629 817 1717 quid
843 1638 955 1695 contra
982 1630 1103 1696 dictam
1120 1629 1306 1696 facultatem
1328 1629 1453 1694 arcium
1475 1637 1611 1714 propter
1631 1627 1732 1692 buius·

315 1724 404 1789 modi
425 1747 562 1812 poenam
586 1726 649 1793 sibi
669 1727 825 1794 inflictam
846 1739 1006 1795 attentare
1027 1730 1283 1818 praesumpserit
1304 1726 1357 1794 vel
1379 1727 1676 1816 praesumpserint,
1703 1727 1733 1790 in

319 1847 376 1890 suo
397 1827 565 1912 proposito
586 1829 699 1912 quovis
720 1829 817 1894 modo
839 1829 1021 1896 confortare
1041 1830 1093 1896 vel
1112 1829 1270 1895 adiuvare
1290 1849 1352 1893 nec
1374 1829 1473 1892 etiam
1501 1827 1640 1908 factum,
1672 1847 1733 1892 cer·

316 1934 383 1990 tam
404 1947 577 2011 personam
602 1949 658 1991 seu
680 1937 785 1994 certas
805 1951 961 2016 personas
984 1952 1197 2013 concernens,
1229 1929 1337 1995 facere
1358 1923 1528 1992 nacionale
1550 1935 1607 1990 aut
1628 1935 1665 1990 ut
1685 1948 1734 1989 na·

318 2023 442 2091 cionale
463 2025 520 2091 fiat
540 2025 616 2108 (hoc
638 2036 696 2109 est,
716 2027 803 2116 quod
822 2029 916 2092 nacio
940 2051 1012 2094 sese
1040 2028 1081 2094 de
1107 2028 1292 2096 huiusmodi
1317 2026 1404 2092 facto
1428 2025 1638 2103 intromittat)
1667 2047 1733 2090 con·

279 2126 445 2206 ttsentire,
467 2147 528 2191 nec
548 2127 651 2190 eciam
673 2126 746 2192 aliis
767 2128 801 2191 in
822 2127 909 2192 idem
931 2129 1210 2194 consencientibus
1241 2151 1301 2215 per
1322 2149 1373 2191 me
1394 2123 1447 2190 vel
1467 2123 1587 2206 alium,
1619 2123 1734 2188 directe

319 2223 373 2290 vel
394 2223 551 2290 indirecte
575 2249 631 2291 seu
653 2227 767 2314 quovis
787 2227 850 2292 alio
872 2227 976 2310 modo,
999 2229 1168 2294 consilium
1194 2227 1247 2292 vel
1275 2225 1433 2292 auxilium
1463 2232 1651 2311 praestare,
1681 2245 1736 2288 nec

323 2325 428 2389 eciam
450 2324 741 2391 convocacionibus
762 2335 819 2390 aut
839 2328 946 2392 verius
969 2326 1210 2410 conventiculis,
1231 2326 1288 2393 ubi
1309 2325 1389 2392 talia
1410 2324 1525 2389 fierent
1547 2335 1604 2390 aut
1624 2335 1736 2390 tracta

318 2434 440 2506 rentur,
459 2424 700 2509 quomodolibet
720 2426 886 2507 interesse,
911 2427 970 2492 sub
994 2450 1100 2516 poena
1128 2428 1263 2515 periurii
1283 2448 1322 2491 ac
1344 2433 1523 2512 perpetuas
1543 2423 1735 2490 exclusionis

318 2545 339 2588 a
361 2522 494 2588 consilio
514 2522 677 2589 facultatis
695 2526 829 2606 arcium,
851 2527 878 2590 si
900 2526 1080 2592 membrum
1103 2526 1246 2592 eiusdem
1266 2526 1368 2606 fuero,
1389 2534 1444 2589 aut
1465 2523 1666 2611 privacionis
1679 2523 1736 2588 loci

276 2629 351 2687 wat
372 2624 541 2688 carenciae
561 2625 702 2688 omnium
724 2623 1010 2691 emolumentorum
1034 2627 1201 2713 praefatae
1219 2626 1385 2691 facultatis
1416 2624 1542 2688 areium
1570 2645 1610 2688 ac
1639 2623 1736 2688 eciam

319 2731 448 2786 actuum
469 2722 714 2808 magistralium,
737 2725 765 2788 si
787 2726 1060 2792 extraconsilium
1082 2725 1288 2813 saepedictae
1300 2724 1465 2790 facultatis
1481 2723 1607 2787 arcium
1621 2722 1737 2787 firero.“

318 2892 368 2956 28.
400 2903 587 2954 srarnruu
614 2905 752 2956 corana
773 2908 979 2959 onnnrosss
1000 2912 1070 2960 aur
1096 2907 1388 2960 raasrrrcaroans
1410 2905 1650 2956 srarnrorrmr
1675 2905 1737 2952 vnn

320 3003 577 3054 concausoauu
609 3007 785 3056 mamers
822 3008 1037 3059 saconmms
1071 3010 1203 3058 sacrun
1234 3008 1307 3056 uon
1341 3007 1417 3055 srua
1449 3003 1735 3053 asmouanmraus

569 3107 686 3155 csusrs
707 3107 975 3173 mscarrronuu,
998 3110 1139 3159 raornu
1158 3107 1251 3158 anuo
1273 3106 1350 3156 aro.
1375 3089 1482 3156 1490st

277 3243 310 3302 ²5
401 3235 486 3318 Quia
506 3238 645 3304 facultas
677 3241 801 3305 arcium
828 3252 964 3329 propter
992 3241 1195 3331 quorundam
1223 3239 1464 3320 conclusorum,
1495 3237 1529 3302 in
1562 3235 1648 3302 libr-o
1678 3237 1738 3301 iam

318 3337 424 3403 dictae
444 3337 606 3405 facultatis
626 3361 687 3427 pro
708 3343 866 3406 memoria
888 3365 996 3408 rerum
1023 3352 1187 3428 gestarum
1216 3363 1255 3406 ac
1281 3338 1367 3405 bono
1396 3346 1482 3402 statu
1511 3336 1658 3401 eiusdem
1679 3358 1739 3400 non

319 3439 387 3502 sine
408 3437 661 3504 racionabilibus
685 3441 791 3505 causis
813 3462 872 3527 per
894 3441 1034 3507 decanos
1051 3443 1165 3528 vigore
1180 3438 1345 3506 cuiusdam
1367 3437 1479 3502 stabati
1493 3437 1593 3502 iurati
1607 3437 1739 3522 inscrip-

320 3547 436 3620 torum,
451 3536 659 3621 delecionem,
675 3541 899 3624 exscisionem,
914 3540 1159 3623 laceracionom,
1176 3537 1447 3606 canoellacionem
1460 3545 1688 3624 certorumque
1699 3534 1741 3598 fo·

318 3635 433 3702 liorum
447 3636 792 3704 conbibrminacionem
805 3651 864 3704 etc.
876 3642 1045 3705 retroactis
1059 3638 1257 3727 temporibus
1272 3635 1494 3724 multipliciter
1506 3637 1541 3700 in
1554 3631 1641 3723 [tib]
1658 3635 1740 3723 qnie-

278 3745 397 3819 muta,
418 3734 559 3819 turbata,
573 3735 744 3803 molestata
758 3739 930 3827 multisque
943 3739 1100 3825 gravibus
1120 3761 1160 3804 ac
1174 3736 1342 3803 inutilibus
1363 3737 1516 3823 expensis
1538 3732 1741 3800 damnificata

320 3835 507 3918 dinoscitur,
529 3859 569 3901 ea
592 3847 737 3924 propter,
759 3849 795 3903 ut
815 3838 1000 3906 huiusmodi
1012 3837 1192 3906 incomodis
1204 3859 1244 3903 ac
1258 3836 1386 3902 damnis
1399 3837 1434 3901 in
1450 3835 1594 3902 fuumum
1617 3856 1741 3900 succur-

320 3944 411 3998 ratur
432 3933 609 4022 honorique
629 3959 668 4001 ac
689 3937 821 4003 utilitati
844 3938 950 4004 dictae
972 3938 1135 4004 facultatis
1157 3939 1281 4003 arcium
1295 3934 1469 4002 salubriter
1484 3933 1682 4016 consulatur,
1704 3954 1741 3996 ns

319 4055 446 4120 qnoque
466 4033 545 4099 talia
566 4046 621 4100 aut
643 4036 824 4103 consimilia
845 4036 1005 4120 deeetero,
1028 4039 1123 4104 sicuti
1143 4039 1245 4125 prius,
1268 4037 1457 4122 contingant
1469 4045 1544 4117 etc,
1568 4035 1683 4100 statuit
1703 4054 1739 4096 ac

319 4131 483 4198 ordinavit
505 4133 592 4200 dieta
612 4135 749 4204 facultas
772 4139 894 4202 arcium
915 4137 1207 4226 praesentibusque
1228 4137 1341 4202 statuit
1363 4159 1402 4201 ac
1416 4134 1555 4216 ordinat,
1570 4131 1658 4221 quod
1677 4129 1740 4197 nnl-

278 4231 367 4298 ulus
402 4230 599 4300 decanorum
629 4235 681 4301 vel
712 4237 943 4322 magistrorum
975 4239 1011 4302 in
1047 4237 1099 4302 vel
1129 4245 1224 4302 extra
1245 4235 1415 4301 consilium
1436 4233 1601 4299 facultatis
1622 4233 1741 4297 arcium

322 4329 475 4418 deinceps
497 4333 629 4422 aliquod
651 4344 804 4402 statutum
825 4335 878 4401 vel
899 4335 1100 4416 conclusum,
1127 4337 1160 4400 in
1188 4334 1280 4400 libris
1312 4342 1505 4400 statutorum
1526 4341 1560 4397 et
1581 4329 1740 4398 concluso

320 4453 394 4496 rum
416 4430 560 4497 eiusdem
579 4433 742 4502 facultatis
764 4459 825 4523 pro
844 4437 1002 4501 memoria
1022 4457 1131 4500 rerum
1152 4443 1318 4522 gestarum
1340 4456 1380 4499 ac
1400 4432 1486 4498 bono
1507 4441 1595 4498 statu
1609 4429 1741 4496 faculta-

322 4532 364 4595 tis
386 4531 508 4596 arcium
529 4533 737 4620 inscriptum,
766 4534 893 4618 delere,
926 4534 1132 4615 exscindere,
1161 4533 1361 4614 cancellare,
1382 4532 1529 4598 lacerare
1550 4540 1608 4596 aut
1630 4529 1742 4618 quovis

322 4629 386 4696 alio
407 4629 502 4698 modo
525 4633 647 4698 viciare
669 4657 735 4718 seu,
757 4645 793 4700 ut
814 4636 894 4702 haec
916 4642 972 4699 aut
992 4632 1129 4698 alterum
1143 4633 1259 4698 borum
1268 4631 1336 4714 fiat,
1358 4633 1556 4719 permittere,
1579 4629 1742 4696 consulere

281 4730 373 4796 lovel
396 4730 636 4819 quomodolibet
657 4736 837 4800 consentire
859 4743 1056 4822 praesumat,
1084 4733 1149 4797 nisi
1175 4740 1435 4818 praememorata
1464 4730 1602 4796 facultas
1623 4729 1742 4794 arcium

410 5002 419 5052 l
437 4998 569 5054 Nicotaus
588 4995 727 5054 Scbreiter
743 5016 794 5054 aus
805 4997 930 5070 Koburg,
942 4997 991 5051 der
1002 4999 1087 5050 ttisso
1102 4995 1199 5050 Decan
1213 5013 1277 5064 war,
1288 4994 1367 5050 hatte
1378 4995 1431 5049 den
1445 4995 1530 5050 Liber
1546 4993 1733 5050 conlusorem

321 5079 460 5152 gafalscht
500 5082 565 5153 vgt.
584 5081 656 5138 oben
675 5081 704 5139 S.
727 5087 782 5150 114,
800 5087 833 5139 26
849 5082 889 5153 fg·
923 5078 1008 5136 Wohl
1025 5077 1097 5134 ohne
1114 5079 1206 5150 Frage
1222 5079 1318 5134 betrui
1339 5079 1413 5135 dieas
1439 5078 1599 5150 Filscbnng
1615 5077 1665 5133 das
1681 5091 1734 5129 von

323 5165 381 5220 Ioh.
400 5164 494 5234 Fabri,
512 5168 611 5224 Decan
630 5172 703 5236 1486,
722 5166 935 5238 Eingetragene.
969 5164 1033 5235 Vgl.
1054 5163 1124 5218 oben
1143 5161 1171 5217 S.
1192 5168 1249 5232 tlt,
1267 5169 1298 5219 25
1317 5162 1356 5234 fg.
