3762 6074
320 460 382 526 528
817 459 866 512 me
883 459 1102 526 pbilosophiscbo
1118 459 1245 515 seeum

324 633 504 724 caveretur,
524 663 565 706 ne
587 641 664 730 quid
684 643 718 706 in
740 642 801 708 hac
823 655 916 730 parte
939 655 1059 709 temere
1080 653 1137 708 aut
1158 665 1330 730 perperam
1351 641 1454 708 ficret.
1489 637 1644 706 Veterum
1671 661 1739 705 sane

322 743 525 827 diligentiam
555 753 586 805 et
616 763 726 805 cruam
755 743 856 806 minui
884 767 948 808 non
978 753 1119 830 oportet,
1155 742 1314 830 quaedam
1343 753 1453 806 tamen
1480 751 1512 806 et
1539 750 1687 828 tempore
1713 753 1741 805 et

325 842 420 906 modo
443 840 595 926 deinceps
618 839 838 906 administrari
861 842 984 928 placuit
1006 841 1102 932 paulo
1126 841 1220 906 aliter
1241 863 1337 928 quam
1357 842 1460 928 prius,
1479 839 1542 906 hoc
1561 849 1668 927 pacto.

409 991 505 1057 Certo
539 990 591 1054 die
624 1003 655 1054 et
686 991 858 1076 praefinita
889 991 971 1056 bora
1009 990 1296 1080 (quemadmodum
1332 1013 1391 1056 vos
1419 993 1529 1054 vocati
1560 991 1627 1054 iam
1659 992 1742 1070 estis)

282 1105 298 1158 5
327 1093 492 1157 accersitis
521 1089 714 1176 petitoribus
743 1089 829 1154 tituli
861 1091 1102 1158 baculariorum
1137 1113 1157 1156 a
1192 1091 1315 1156 decano
1348 1089 1434 1154 illius
1464 1091 1623 1176 temporis
1659 1111 1743 1176 prae

324 1189 461 1278 legenda
489 1199 562 1252 sunt
584 1188 664 1252 hacc
687 1189 804 1274 capita.

966 1355 1111 1405 PRIMUM.

407 1471 572 1536 Bacularii
588 1469 692 1536 ‘titulo
721 1473 831 1556 quiin
863 1471 1038 1536 academiis
1060 1483 1204 1554 ornatur,
1231 1472 1259 1536 is
1289 1471 1381 1558 quasi
1405 1469 1591 1534 tirocinium
1621 1468 1749 1556 deponit

326 1577 359 1637 in
382 1572 498 1636 militia
519 1571 699 1636 litterarum
721 1583 752 1634 et
774 1569 940 1635 doctrinae
973 1570 1059 1636 ethi
1084 1569 1198 1635 audire
1220 1580 1359 1658 possunt
1380 1571 1521 1656 saepius,
1544 1568 1624 1654 quid
1645 1569 1678 1632 in
1695 1568 1749 1632 hoc

286 1685 424 1738 ttlcursu
454 1672 544 1757 sequi
576 1679 608 1733 et
638 1691 770 1733 servare
797 1692 1056 1756 unumquemque
1085 1677 1242 1756 oporteat.
1284 1665 1365 1733 Sunt
1392 1679 1499 1733 autem
1527 1665 1607 1750 duo,
1637 1667 1748 1754 quibus

326 1768 642 1859 comprehenduntur
655 1771 818 1848 universa,
840 1768 991 1832 honestas
1006 1770 1093 1832 vitae
1115 1767 1326 1856 probitasque
1345 1791 1471 1833 morum
1489 1777 1522 1832 et
1541 1765 1624 1832 ordo
1645 1766 1748 1848 studii,

327 1869 502 1934 secundum
525 1890 619 1954 quem
640 1869 805 1954 inquisitio
826 1867 896 1932 ticri
919 1867 1023 1932 debet.
1053 1866 1106 1932 De
1128 1867 1178 1931 his
1200 1868 1300 1954 igitur
1320 1869 1539 1954 unusquisque
1563 1867 1647 1932 sciat
1668 1889 1748 1932 com·

327 1970 492 2034 munitatis
512 1979 643 2032 nostrae
667 1969 879 2053 cognitionem
908 1969 1049 2032 futuram
1078 1989 1148 2031 esse
1175 1969 1307 2030 minime
1328 1965 1544 2052 negligentem
1567 1977 1625 2031 aut
1644 1969 1750 2030 remis·

327 2093 407 2134 sam.
451 2068 543 2131 Nunc
572 2065 701 2152 quidem
730 2068 834 2153 repeti
864 2065 930 2149 illa,
959 2067 1157 2151 quantoties
1187 2065 1315 2152 publice
1341 2067 1530 2148 recitantur,
1559 2089 1750 2154 supervaca-

287 2181 317 2236 15
328 2191 421 2233 neum
446 2175 547 2248 esset,
570 2167 604 2229 -si
627 2165 677 2229 cui
699 2167 783 2230 enim
807 2167 919 2252 ignota
942 2164 997 2230 illa
1027 2175 1115 2246 sunt,
1146 2167 1353 2230 temerariam
1382 2166 1570 2252 petitionem
1593 2169 1663 2230 eitra
1686 2189 1752 2231 esse
1859 2216 1860 2238 ,

328 2275 465 2356 oportet.
506 2265 572 2330 Suo
601 2265 700 2350 igitur
729 2267 865 2351 quisque
893 2263 1038 2352 periculo
1066 2273 1171 2348 petet,
1206 2285 1280 2328 nam
1313 2263 1489 2328 secrmdum
1518 2267 1695 2330 constituta
1724 2277 1753 2329 et
1860 2330 1861 2340 ,

328 2367 458 2432 decreta
485 2375 554 2428 tota
580 2385 633 2428 res
662 2373 846 2451 peragetur.
891 2363 987 2445 Quod
1010 2359 1074 2449 [29]
1097 2362 1124 2426 si
1155 2372 1355 2451 compertum
1383 2363 1496 2446 fixerit,
1522 2363 1576 2428 vel
1604 2363 1753 2430 indecore

328 2477 359 2531 et
385 2465 525 2550 turpiter
552 2461 691 2548 aliquem
724 2464 812 2548 apud
840 2487 899 2528 nos
926 2465 1049 2528 vixisse
1072 2459 1124 2525 vel
1152 2461 1357 2548 praefinitam
1386 2463 1543 2527 rationem
1575 2463 1753 2529 studiorum

329 2573 472 2628 secutum
499 2584 564 2626 non
594 2583 680 2642 esse,
713 2571 869 2626 statuetur
900 2559 1121 2626 communibus
1151 2562 1332 2642 sententiis,
1360 2560 1439 2646 quid
1466 2561 1575 2628 facere
1600 2585 1674 2628 eum
1703 2573 1755 2627 ant

286 2673 498 2750 fflpraostare
519 2659 638 2747 quidve
660 2659 700 2724 de
721 2659 778 2724 illo
800 2661 870 2724 fieri
892 2669 1049 2748 oporteat.
1092 2657 1189 2739 Quod
1216 2660 1260 2725 ad
1285 2660 1486 2726 honestatem
1508 2663 1640 2744 attinet,
1665 2663 1753 2726 nimi·

329 2785 401 2827 rum
434 2761 595 2824 neminem
631 2759 723 2840 latet,
761 2759 887 2844 flagitia
922 2770 953 2824 et
991 2757 1114 2823 scelera
1145 2761 1253 2824 omnia
1284 2759 1446 2826 honestati
1478 2782 1550 2826 esse
1583 2763 1754 2826 conuaria

327 2860 487 2926 Doctrina
510 2869 614 2922 autem
639 2857 780 2945 publica,
808 2883 891 2946 quae
913 2857 1146 2946 frequentanda
1174 2858 1307 2924 avobis
1336 2860 1413 2941 brit,
1443 2869 1492 2924 est
1523 2863 1754 2946 grammaticae

331 2982 470 3046 graecae
492 2968 525 3022 et
545 2957 665 3022 latinae
675 2961 692 3040 ¹,
718 2958 917 3041 dialecticae,
944 2959 1090 3044 poeticae
1113 2967 1145 3021 et
1168 2957 1399 3023 elementorum
1426 2959 1619 3042 rhetoricae,
1647 2960 1754 3046 pbysi-

331 3081 387 3124 cae
420 3069 516 3146 atque
548 3057 789 3122 nratbematum.
832 3057 883 3122 De
913 3056 1187 3144 disputationibus
1219 3059 1316 3120 etiam
1350 3056 1490 3144 publicis
1523 3069 1555 3123 et
1587 3059 1754 3124 rhetoricis

292 3155 621 3224 25exercitatiombus
643 3155 678 3221 id
699 3157 769 3222 fieri
791 3156 833 3223 ab
855 3179 1046 3244 unoquoque
1068 3155 1194 3238 debuit,
1214 3155 1300 3243 quod
1321 3157 1562 3244 praescriptum
1585 3169 1643 3222 est.
1673 3157 1755 3238 Quo

332 3281 401 3323 rum
429 3256 594 3342 neglectus
622 3255 665 3320 ad
687 3269 881 3322 contemtum
903 3257 1025 3320 scilicet
1055 3255 1166 3320 iudicii
1194 3256 1432 3320 communitatis
1455 3266 1586 3322 nostrae
1608 3258 1757 3344 pertinet,

332 3359 372 3422 de
394 3379 456 3443 quo
477 3357 571 3422 huius
594 3356 809 3422 consideratio
830 3367 879 3421 cst
901 3357 1017 3421 sutrua

945 3539 1141 3588 SECUNDUM.

414 3658 516 3722 Iurati
546 3678 584 3720 ea
607 3655 816 3742 promittetis,
845 3677 928 3742 quae
952 3657 1016 3720 iam
1045 3652 1276 3734 recitabuntur,
1304 3675 1352 3736 ac,
1381 3651 1468 3741 quod
1492 3676 1569 3718 vere
1592 3655 1756 3720 affirmare

291 3757 554 3844 30unusquisque
574 3755 678 3840 possit
698 3763 729 3818 et
750 3763 784 3817 ut
804 3755 998 3840 promissum
1020 3753 1172 3840 religiose
1191 3752 1299 3834 faciat,
1321 3753 1385 3839 ipsi
1408 3751 1596 3838 cogitabitis
1618 3765 1650 3818 et
1671 3755 1759 3819 amri·

332 3857 458 3921 temini:
501 3903 520 3936 „
528 3853 620 3938 „Ego
653 3852 701 3917 .N.
731 3855 817 3934 iuro,
849 3855 989 3939 primum
1020 3877 1071 3917 nte
1103 3875 1173 3918 esse
1205 3849 1381 3936 legitimam
1415 3853 1557 3919 sobolem
1589 3865 1759 3940 parentum

334 3976 486 4035 meorum,
515 3952 656 4016 secundo
679 3974 805 4016 omnem
832 3962 981 4016 eventum
1010 3953 1174 4041 petitionis
1205 3973 1308 4038 aequo
1338 3955 1445 4017 animo
1476 3951 1629 4036 laturum,
1657 3975 1761 4040 neque

333 4053 398 4120 ullo
426 4055 460 4116 in
490 4075 584 4134 casu,
612 4073 677 4116 non
709 4050 916 4116 admissionis
944 4051 995 4116 vcl
1024 4051 1189 4138 repulsae,
1216 4049 1396 4116 vindictam
1425 4061 1667 4139 usurpaturum,
1696 4049 1760 4134 sed,

334 4149 487 4240 quicquid
514 4150 684 4232 acciderit,
715 4173 944 4237 perpessurum
973 4173 1044 4214 esse
1067 4153 1135 4215 sine
1161 4149 1291 4238 querela
1319 4149 1360 4216 de
1381 4149 1456 4216 ullo.
1500 4149 1647 4238 Siquid,
1677 4149 1762 4240 quod

293 4264 326 4319 ³5
337 4252 415 4317 deus
438 4259 578 4334 avertat,
607 4259 722 4316 contra
743 4251 804 4315 boc
825 4250 941 4314 fecisse
965 4247 1029 4336 [30]
1051 4249 1310 4336 depraehendar,
1339 4250 1507 4316 infamiam
1534 4251 1671 4338 periurii
1692 4252 1761 4337 ipse

334 4351 412 4416 mihi
442 4349 504 4414 hoc
531 4349 618 4414 facto
646 4351 765 4436 irrogo,
793 4360 839 4432 et,
869 4351 1050 4438 quicunque
1077 4349 1184 4415 laesus
1213 4373 1233 4415 a
1259 4372 1312 4415 me
1337 4351 1450 4434 fuerit,
1480 4351 1509 4416 ei
1535 4351 1661 4416 iuratus
1691 4372 1762 4437 per·

336 4451 459 4518 solvam
490 4449 623 4514 florines
656 4450 905 4536 quinquaginta,
938 4452 1007 4516 sine
1030 4450 1116 4516 omni
1148 4451 1369 4533 recusatione,
1401 4451 1642 4536 quamprimum
1672 4450 1763 4515 fuero

335 4549 557 4616 convictus.““

418 4665 510 4730 Haec
537 4665 637 4750 igitur
658 4666 714 4747 ita,
741 4676 777 4730 ut
803 4665 962 4748 audiistis,
989 4662 1098 4730 verbis
1120 4674 1278 4752 concepta
1299 4687 1340 4730 ex
1361 4666 1461 4730 animi
1480 4667 1581 4731 vestri
1604 4667 1765 4730 sententia

295 4767 499 4848 tbiurabitis,
527 4765 560 4828 id
584 4774 646 4846 est,
676 4787 746 4828 esse
772 4765 948 4850 legitimam
972 4761 1112 4830 sobolem
1135 4786 1392 4852 unumquemque
1413 4775 1445 4828 et
1465 4779 1616 4830 eventum
1638 4766 1764 4851 petitio·

336 4869 397 4949 nis,
425 4866 607 4953 quicunque
636 4865 665 4928 is
692 4864 802 4946 fuerit,
831 4887 933 4951 aequo
961 4864 1068 4928 animo
1098 4865 1167 4927 sine
1188 4861 1254 4928 ulla
1274 4865 1484 4950 usurpatione
1506 4863 1669 4929 vindictae
1694 4885 1765 4930 esse

337 4967 486 5032 laturum.
528 4963 699 5028 Accedetis
722 4963 821 5048 igitur
843 4963 961 5050 singuli
984 4974 1016 5026 et
1039 4965 1257 5051 unusquisque
1280 4963 1368 5028 dicat
1388 4963 1566 5046 „„luro.““

337 5083 669 5096 ——-....-—.—-—

422 5139 432 5188 1
454 5128 726 5202 Uebergescbrisbsn
741 5128 881 5198 atriaeqrse
899 5125 1017 5198 liuguae.
