3768 6072
301 454 363 518 220
872 457 928 508 Das
949 473 1045 524 grosse
1063 457 1169 522 Oolleg.

303 635 503 722 praehensns
525 638 610 702 enim
637 647 693 702 aut
718 639 790 725 ipse
819 649 876 704 aut
903 639 955 704 eni
982 637 1037 703 illa
1065 637 1249 712 famulamur,
1276 645 1400 702 tantum
1432 635 1550 720 solvet,
1580 647 1736 726 quantum

303 734 508 822 praepositus
532 745 587 801 aut
610 747 740 802 curator
769 760 888 804 caussa
915 739 1046 824 cognita
1075 737 1215 802 iusserit.
1260 733 1387 816 Quodsi
1414 736 1448 799 in
1476 736 1592 802 eodem
1619 739 1737 802 iterum

306 833 423 898 delicto
445 833 544 898 fuerit
563 833 818 922 depraehensus‚
840 836 883 901 ad
904 836 1060 902 iudicium
1081 835 1210 921 collegii
1230 857 1284 899 res
1306 833 1482 898 deferatur.

912 999 1026 1072 Caput
1042 997 1108 1054 1111.

258 1143 275 1198 ³
733 1153 1011 1214 rmneomnrras
1033 1155 1079 1201 ur
1102 1152 1299 1200 smanrrnu.

383 1264 493 1330 Movet
521 1289 641 1352 graves
670 1268 737 1332 iras
766 1290 997 1354 saepenumero
1025 1276 1057 1333 et
1088 1265 1224 1331 acerbas
1247 1265 1460 1351 cogitationes
1488 1262 1676 1328 turbulenta
1705 1273 1737 1328 et

301 1365 530 1451 intempestiva
552 1365 757 1431 tumultuatio
772 1365 824 1432 vel
844 1369 928 1433 iuter
951 1391 1017 1450 eos,
1040 1367 1096 1452 qni
1117 1364 1229 1431 eodem
1251 1365 1284 1428 in
1304 1363 1374 1430 loco
1397 1363 1449 1428 vel
1468 1365 1524 1451 qui
1545 1363 1579 1427 in
1602 1363 1736 1450 propin·

301 1485 363 1550 quo
384 1462 541 1545 habitant,
564 1463 620 1528 ubi
642 1487 801 1531 memores
818 1489 889 1530 esse
906 1467 1075 1554 coeperint
1090 1463 1291 1528 clarissimae
1311 1461 1398 1526 illius
1419 1463 1612 1526 sententiae:
1637 1461 1735 1542 Quod

302 1562 363 1628 tibi
389 1585 455 1626 non
475 1563 526 1626 vis
559 1562 639 1645 fieri,
672 1564 766 1629 alteri
797 1587 837 1628 ne
868 1565 993 1630 leceris.
1035 1562 1163 1628 Idcirco
1197 1571 1306 1627 monet
1339 1559 1526 1646 collegium,
1560 1571 1606 1643 ut,
1638 1583 1737 1648 quam

261 1662 443 1726 tumaxime
466 1670 589 1748 potest,
616 1663 769 1749 strepitus
790 1661 909 1750 pedum
929 1673 985 1728 aut
1010 1683 1120 1727 rerum
1149 1663 1284 1747 agitatio
1313 1681 1423 1746 supra,
1451 1659 1546 1741 infra,
1567 1659 1602 1723 in
1624 1659 1736 1746 gradi-

301 1761 371 1843 bus,
402 1770 477 1824 ante
504 1761 629 1842 ianuas,
658 1761 691 1824 in
722 1763 828 1844 ostiis,
857 1773 956 1828 noctu
987 1762 1129 1826 omnium
1160 1761 1302 1824 maxime
1332 1767 1495 1835 caveatur,
1525 1757 1733 1844 declaratque

300 1860 519 1946 unnsquisque
537 1860 638 1924 animi
660 1860 710 1924 sui
730 1870 761 1925 et
783 1883 908 1926 morum
931 1882 1090 1925 summam
1101 1858 1294 1924 modestiam
1314 1861 1395 1945 ipse,
1410 1857 1560 1943 idemque
1576 1854 1610 1921 id
1626 1857 1736 1922 facere

301 1954 366 2045 [43]
390 1968 487 2044 cogat
506 1957 684 2044 discipulos
707 1970 739 2023 et
759 1982 836 2026 suae
858 1953 1013 2047 potestati
1034 1960 1232 2024 commissos.
1279 1957 1376 2039 Quod
1405 1958 1433 2022 si
1462 1979 1482 2021 a
1508 1957 1617 2022 vicino
1645 1957 1732 2042 quis-

301 2058 390 2144 piam
410 2056 509 2122 semel
530 2068 626 2144 atque
646 2058 764 2122 iterum
784 2069 916 2145 rogatus
937 2058 1082 2124 sibinen
1104 2057 1345 2143 temperaverit,
1367 2056 1615 2140 castigationem
1637 2077 1734 2141 prae·

264 2156 402 2242 tapositi
423 2165 463 2238 et,
486 2158 514 2221 si
536 2179 618 2244 opus
641 2159 692 2240 sit,
715 2156 923 2223 arbitrariam
946 2179 966 2222 a
989 2156 1124 2242 collegio
1146 2178 1286 2241 poenam
1307 2155 1490 2222 sustinebit.

383 2253 500 2320 Musici
534 2266 647 2320 cantus
679 2267 745 2321 tam
777 2258 868 2322 vocis
901 2277 998 2342 quam
1032 2277 1229 2341 organorum
1260 2254 1503 2341 usurpabuntur
1533 2252 1732 2340 temporibus

303 2356 494 2440 opportunis
515 2354 639 2441 absque
661 2355 840 2420 studiorum
862 2354 1053 2420 detrimento
1076 2365 1108 2418 et
1129 2352 1269 2418 aliorum
1289 2353 1477 2418 offensione.

384 2451 422 2516 In
452 2451 579 2538 collegii
612 2453 749 2520 aedibus
776 2453 897 2540 ubique
929 2453 1073 2518 locorum
1102 2463 1169 2518 tam
1199 2455 1287 2518 intra
1319 2451 1487 2517 conclavia
1514 2473 1613 2536 quam
1642 2461 1737 2515 extra

302 2550 383 2615 haee
410 2559 442 2614 et
468 2551 502 2615 in
530 2574 609 2616 area
635 2551 768 2617 honeste
796 2553 921 2617 versari
953 2575 1064 2618 omnes
1096 2552 1204 2635 decet,
1233 2561 1265 2616 et
1293 2550 1373 2636 quid
1403 2551 1464 2615 hac
1492 2551 1526 2615 in
1554 2560 1649 2636 parte
1680 2550 1738 2614 fiat

260 2648 589 2714 20animadvertetur.
632 2650 799 2725 Clamores
832 2650 963 2737 quidem
995 2650 1170 2718 insolentes
1203 2661 1235 2715 et
1266 2652 1405 2716 rusticas
1436 2650 1687 2715 vociferationes
1719 2673 1736 2714 e

302 2748 462 2830 fenestris,
491 2748 756 2834 gesticulationes
779 2758 811 2814 et
831 2761 936 2816 motus
965 2749 1137 2816 indecoros
1164 2759 1261 2837 atque
1287 2749 1375 2814 diota
1398 2751 1508 2837 turpia
1529 2757 1561 2814 et
1581 2747 1735 2836 quicquid

303 2846 489 2912 huiusmodi
509 2870 625 2913 nomen
646 2847 775 2935 collegii
799 2848 995 2917 dedecorare
1022 2860 1143 2936 potest,
1172 2852 1219 2916 sic
1243 2859 1400 2932 vetamus,
1427 2858 1463 2912 ut
1482 2849 1536 2936 qui
1559 2847 1661 2912 semel
1680 2847 1735 2913 ad·

301 2946 441 3011 monitus
462 2969 526 3012 non
547 2947 716 3032 destiterit,
741 2947 876 3014 dimidio
897 2948 1013 3014 florino
1034 2948 1087 3012 vel
1108 2949 1247 3036 amplius
1269 2947 1428 3013 multetur.

358 3043 530 3110 dlaxime
556 3069 635 3112 vero
664 3057 791 3113 noctem
821 3047 970 3112 volumus
1000 3069 1073 3112 eum
1104 3050 1211 3136 quiete
1239 3043 1351 3134 (quam
1373 3045 1420 3111 illi
1442 3055 1560 3109 natura
1582 3046 1729 3132 assigna·

258 3142 363 3232 tevit)
390 3153 421 3208 et
449 3167 572 3211 summo
600 3144 725 3212 silentio
752 3148 898 3233 transigi
939 3146 1035 3210 Hanc
1060 3147 1116 3235 qui
1143 3145 1322 3234 perturbat,
1348 3144 1482 3209 multam
1506 3145 1600 3208 uiuus
1622 3144 1730 3209 florini

213 3319 216 3324 Ι
302 3243 353 3310 vel
385 3242 523 3330 amplius
556 3267 616 3332 pro
648 3244 757 3312 delicti
785 3245 1009 3333 magnitudine
1039 3245 1224 3332 dependito.
1266 3243 1331 3324 Qui
1356 3245 1391 3308 in
1418 3243 1479 3308 hoc
1506 3265 1626 3328 genere
1656 3243 1735 3308 deli·

302 3345 408 3432 querit
427 3343 553 3426 iterum,
572 3343 723 3431 duplum3
752 3345 808 3434 qui
828 3345 934 3427 tertie,
958 3367 975 3410 e
999 3344 1135 3430 collegio
1156 3343 1348 3426 excluditor‚
1377 3343 1504 3407 etiamsi
1526 3340 1581 3406 ille
1603 3340 1735 3407 bacula·

303 3445 370 3508 rius
393 3451 449 3507 aut
468 3445 626 3530 magister
646 3445 751 3510 fuerit.

385 3537 429 3627 [S.
446 3538 498 3627 44]
521 3541 648 3606 Nemini
676 3551 848 3629 praeterea
875 3542 973 3608 licere
999 3542 1096 3608 debet
1117 3541 1204 3606 alere
1225 3541 1377 3606 molestos
1400 3542 1538 3606 caeteris
1559 3561 1659 3604 canes
1680 3551 1737 3604 aut

260 3641 441 3729 30quodvis
460 3640 581 3706 animal
601 3643 718 3707 vicinis
738 3663 849 3728 grave,
871 3651 904 3705 et
921 3641 984 3706 hae
1001 3642 1035 3706 in
1055 3651 1148 3729 parte
1162 3641 1314 3705 convenit
1334 3661 1414 3704 snae
1426 3639 1586 3725 voluptati
1608 3638 1733 3702 frenum

302 3743 476 3827 imponere.

931 3835 1050 3907 Caput
1065 3837 1100 3892 V.

765 3989 939 4038 cosroen
960 3991 1005 4037 ΕΤ
1028 3989 1118 4038 cmm
1140 3989 1275 4038 IGNIUM.

386 4104 467 4183 Quis
493 4105 610 4184 nescit,
638 4105 733 4168 unius
755 4125 854 4190 saepe
873 4105 985 4190 ignavi
1008 4116 1063 4170 aut
1085 4104 1231 4170 socordis
1252 4103 1393 4168 hominis
1420 4099 1622 4186 negligentia
1649 4102 1734 4166 ineu·

262 4205 395 4269 35riave
417 4211 473 4267 aut
498 4200 684 4289 improvida
705 4205 901 4268 tractatione
927 4215 1012 4269 totas
1042 4225 1140 4290 saepe
1160 4204 1297 4268 vicinias
1326 4200 1555 4266 miserabiliter
1584 4200 1734 4265 incendio

304 4301 511 4387 deflagrare?
553 4299 765 4368 Obtestamur
791 4303 901 4390 itaque
923 4325 1034 4368 omnes
1064 4313 1096 4367 et
1123 4300 1278 4387 singulos,
1305 4310 1340 4365 ut
1360 4301 1425 4386 ipsi
1445 4300 1588 4386 primum
1608 4323 1735 4364 omnem

301 4399 460 4466 incendiis
491 4401 661 4464 materiam
696 4406 794 4487 (quae
824 4412 872 4466 est
903 4403 1095 4466 straminum
1123 4401 1292 4486 congeries
1321 4423 1381 4464 neo
1408 4420 1474 4463 non
1501 4397 1666 4482 lignorum
1693 4397 1734 4463 ad

303 4498 419 4566 ostiola
440 4501 618 4581 fornacum,
640 4501 782 4585 itemque
804 4499 959 4566 candelae
982 4499 1024 4564 ad
1044 4500 1148 4564 latera
1168 4500 1329 4586 parietum
1344 4500 1413 4562 sive
1428 4506 1587 4562 tectorum
1601 4497 1733 4576 affixae]

304 4599 418 4665 tollant
439 4609 471 4663 et
490 4607 655 4679 avertant3
678 4597 795 4664 deinde
817 4609 849 4663 et
870 4599 979 4686 pueris
1002 4599 1086 4662 haue
1098 4621 1208 4663 curam
1232 4598 1347 4663 crebro
1371 4597 1418 4661 sic
1438 4595 1611 4680 inculcent,
1632 4606 1669 4661 ut
1688 4605 1735 4661 est

261 4709 363 4764 loona
389 4698 506 4783 cuique
526 4699 595 4760 vita
620 4707 652 4760 et
676 4698 762 4763 salus
785 4700 992 4785 omniumque
1018 4719 1127 4760 rerum
1156 4699 1361 4782 privatarum
1385 4693 1593 4760 incolumitas
1615 4704 1647 4760 et
1668 4705 1735 4761 tota

301 4796 488 4884 respublica
510 4795 610 4861 cordi.
652 4795 742 4862 Neve
764 4797 849 4862 hanc
871 4819 939 4862 rem
961 4795 1078 4860 leviter
1100 4805 1155 4858 aut
1177 4793 1344 4880 pueriliter
1366 4795 1563 4858 existiment.
1605 4794 1732 4882 Aquam

303 4905 473 4984 praeterea
500 4917 559 4982 per
579 4893 649 4958 dies
672 4904 704 4959 et
729 4905 841 4960 noctes
867 4897 902 4960 in
929 4893 1057 4980 hydriis
1082 4903 1114 4957 et
1134 4895 1234 4975 vasis,
1264 4894 1306 4958 ad
1335 4895 1460 4982 primos
1487 4894 1628 4979 impetus
1653 4895 1733 4958 forte

303 4995 483 5060 enascentis
512 4994 664 5059 flammae
686 4994 933 5079 extinguendos,
960 4995 994 5057 in
1021 4991 1180 5057 cubiculis
1211 4994 1278 5058 suis
1309 4994 1400 5057 etin
1427 5002 1557 5078 promtu
1584 4991 1730 5058 habeant

302 5095 340 5160 ln
362 5094 413 5158 his
435 5093 533 5158 rebus
556 5092 703 5158 omnibus
726 5097 909 5179 quicunque
930 5091 1099 5179 negligens
1121 5103 1152 5157 et
1174 5101 1349 5157 contumax
1370 5101 1519 5178 repertus
1540 5091 1648 5176 luerit,
1670 5087 1731 5177 [45]
