3762 6074
531 505 620 556 Vierte
639 504 903 564 Statntenredsction,
926 517 979 554 ron
1001 503 1175 556 ttae-1522.
1502 507 1560 570 471

228 755 277 818 23.
299 769 346 816 na
367 769 580 836 nnrmrrsrn
602 771 638 818 nv
659 771 842 820 conusens
863 771 908 818 nr
928 770 1051 819 nnnsrs
1074 769 1219 819 srarcrn
1242 769 1473 818 oasnrvsnns

402 851 405 859 “
674 871 743 920 rsa
764 869 1032 920 raouovnnnos.

217 1015 361 1101 Placuit,
388 1016 477 1105 quod
506 1020 617 1084 stricte
643 1019 789 1086 latinitas
811 1021 845 1085 in
867 1016 1017 1084 omnibus
1043 1027 1191 1084 servetur
1223 1017 1370 1104 collegiis
1398 1023 1430 1082 et
1454 1014 1563 1081 bursis

133 1115 254 1182 nedum
283 1138 342 1203 per
370 1116 535 1205 simplices
564 1118 729 1184 studentes
750 1141 863 1184 verum
887 1119 992 1183 eciam
1016 1116 1219 1183 baccalarios
1247 1118 1342 1182 iuxta
1368 1125 1490 1180 statuta
1509 1114 1564 1179 de·

135 1214 343 1305 superedita
364 1217 707 1283 etinreformacione
729 1239 901 1306 expressa,
928 1215 1082 1282 videlicet
1108 1216 1195 1303 quod
1222 1217 1257 1281 in
1281 1215 1390 1281 bursis
1412 1224 1445 1280 et
1469 1211 1563 1279 colle-
1590 1222 1606 1277 ⁵

133 1317 197 1402 giis
231 1315 369 1381 latinum
400 1315 539 1402 ydeoma
567 1320 717 1383 continue
746 1317 788 1382 ab
816 1316 966 1384 omnibus
993 1316 1222 1403 promovendis
1251 1314 1311 1380 snb
1341 1323 1431 1380 certa
1460 1333 1567 1401 poena

133 1414 360 1502 extorquenda
387 1416 579 1502 proferatnr.
619 1416 664 1481 Et
691 1416 811 1482 debent
839 1425 1051 1482 conventores
1078 1417 1172 1480 iuxta
1201 1416 1368 1501 antiquam
1397 1421 1566 1479 consuetu·

134 1513 244 1582 dinem
266 1514 323 1580 diu
347 1514 555 1582 observatam
584 1514 678 1602 lupos
706 1517 910 1598 constituere,
939 1515 996 1600 qui
1017 1513 1258 1600 vulgarinantes
1285 1511 1495 1579 conscribant
1522 1509 1567 1576 ad

134 1625 258 1680 certum
290 1616 465 1701 registrum
494 1613 541 1678 eis
569 1613 763 1680 tradendum
792 1623 825 1680 et
856 1613 1130 1702 praesentandum
1161 1612 1205 1677 ad
1235 1611 1364 1700 publice
1392 1609 1565 1697 legendum

134 1715 255 1798 quintis
286 1712 387 1777 feriis.
429 1712 561 1778 Debent
591 1715 693 1779 eciam
728 1736 748 1778 a
778 1713 1060 1800 vulgarinantibus
1093 1714 1180 1779 omni
1211 1713 1395 1800 septimana
1425 1732 1562 1798 poenam
1575 1718 1608 1774 10

134 1814 285 1898 exigere3
317 1823 350 1878 et
382 1814 410 1876 si
440 1811 594 1898 poenales
623 1812 750 1878 solvere
780 1836 851 1878 eam
882 1813 1120 1895 recusaverint,
1153 1811 1272 1878 debent
1300 1821 1415 1900 postea
1445 1810 1488 1876 ab
1518 1810 1565 1874 eis

133 1911 270 1998 duplum
292 1921 502 1997 extorquere3
532 1910 668 1976 rebelles
698 1922 816 1994 autem,
845 1912 970 1978 solvere
999 1922 1120 1998 puncta
1146 1915 1276 1979 omnino
1296 1919 1495 1991 recusantes,
1522 1906 1565 1973 ad

132 2009 274 2096 gradum
303 2009 444 2100 aliquem
475 2012 509 2074 in
538 2009 663 2075 artibus
691 2033 747 2077 suo
774 2022 920 2100 tempore
946 2033 1011 2076 non
1037 2009 1259 2094 admittantur,
1287 2013 1352 2076 nisi
1380 2007 1566 2076 huiusmodi

133 2117 258 2196 puncta
287 2131 360 2174 cum
388 2117 478 2174 certa
504 2131 592 2175 nova
620 2132 741 2197 poena,
769 2133 828 2199 per
853 2109 1041 2176 facultatem
1072 2109 1241 2194 dictanda,
1272 2109 1405 2175 realiter
1432 2118 1465 2174 et
1491 2127 1565 2174 cum

133 2209 250 2273 effectu
270 2208 361 2294 prius
383 2208 520 2274 solvant.
553 2209 719 2274 Peccunia
739 2233 829 2293 vero,
849 2232 910 2297 pro
931 2211 1059 2297 punctis
1082 2231 1139 2274 seu
1160 2209 1234 2275 aliis
1255 2209 1466 2296 negligenciis
1488 2213 1607 2294 sup-15

133 2308 314 2394 positorum
342 2331 403 2394 per
423 2317 635 2373 conventores
658 2307 803 2393 collecta,
833 2309 930 2374 debet
954 2308 1070 2374 cedere
1097 2310 1194 2374 sociis
1222 2331 1283 2395 pro
1310 2307 1431 2373 solacio
1456 2305 1565 2394 aliquo

134 2429 192 2471 seu
214 2407 365 2473 convivio
387 2406 537 2473 habendo
566 2408 660 2471 iuxta
687 2417 920 2474 conventorum
950 2407 1194 2492 discretionem
1223 2409 1344 2495 poterit
1367 2419 1478 2473 tamen
1504 2403 1566 2470 sli-

134 2527 219 2592 quae
242 2507 365 2592 porcio,
386 2517 423 2570 ut
441 2507 544 2570 tercia
565 2506 618 2571 vel
640 2517 757 2594 quarta
776 2530 864 2595 pars,
886 2529 946 2595 pro
968 2505 1160 2573 utensilibus
1185 2508 1342 2593 coquinae
1362 2505 1534 2572 reservari.

218 2727 268 2790 24.
291 2717 353 2809 [Bl.
374 2719 447 2810 tib]
470 2739 517 2787 ne
538 2739 638 2789 nono
660 2740 915 2802 nxronouuum
936 2738 1080 2788 nonusis
1101 2740 1125 2786 s
1145 2738 1485 2789 vunesnmnurnaus.

219 2885 348 2952 Placuit
372 2887 540 2973 magistris
568 2888 609 2954 de
630 2889 766 2954 consilio
789 2887 954 2954 facultatis
976 2888 1110 2971 maium,
1139 2888 1226 2975 quod
1253 2898 1430 2955 conventor
1455 2888 1490 2952 in
1510 2893 1610 2951 err-w

133 2988 278 3052 torsione
304 3009 428 3074 poenae
448 2987 727 3074 vulgarizancium
755 2999 905 3054 exactam
928 2997 960 3054 et
986 2987 1157 3052 sollicitam
1187 2986 1283 3053 debet
1310 2987 1467 3054 adhibere
1494 2985 1567 3050 dili·

133 3087 289 3174 gentiam,
312 3095 344 3150 et
365 3087 394 3151 si
416 3109 499 3173 opus
517 3088 625 3169 fuerit,
646 3087 823 3174 implorare
843 3086 1014 3153 consilium
1035 3094 1067 3150 et
1087 3085 1245 3151 auxilium
1267 3086 1383 3152 decani
1406 3093 1438 3150 et
1460 3086 1567 3150 tocius

132 3185 299 3252 facrrltatis
320 3207 377 3250 seu
399 3187 503 3250 eciam
525 3188 787 3274 praepositorum
809 3187 1029 3273 collegiorum,
1057 3186 1112 3269 qui
1139 3193 1273 3272 propter
1293 3185 1415 3250 bonum
1436 3183 1566 3270 collegii

135 3296 167 3352 et
186 3289 422 3351 incrementum
451 3284 549 3349 studii
577 3287 819 3373 suppositorum
846 3284 928 3350 inibi
958 3285 1118 3348 stancium
1142 3281 1261 3349 debent
1283 3305 1355 3348 esse
1376 3283 1502 3348 astricti
1523 3282 1567 3348 ad

134 3382 369 3474 praestandum
391 3384 560 3450 consilium
588 3394 620 3450 et
647 3384 803 3449 auxilium
834 3406 894 3472 pro
922 3385 1107 3449 extorsione
1136 3381 1323 3449 huiusmodi
1352 3403 1485 3470 poenae.
1529 3379 1609 3446 sias

133 3507 213 3550 vero
235 3495 411 3550 conventos
432 3483 600 3570 negligens
629 3484 728 3548 fuerit
755 3492 802 3566 et,
830 3483 1005 3570 requisitus
1033 3504 1093 3568 per
1114 3481 1285 3564 decenum,
1312 3503 1348 3546 se
1373 3504 1439 3547 non
1460 3501 1568 3544 emen·

135 3584 266 3650 daverit
285 3605 345 3649 nec
366 3583 574 3670 diligenciam
594 3585 629 3648 in
650 3583 832 3648 commissis
851 3582 975 3665 fecerit,
996 3604 1103 3670 poena
1121 3581 1299 3648 arbitraria
1321 3583 1415 3646 iuxta
1433 3577 1569 3644 modum

134 3681 360 3771 negligentiae
381 3685 573 3749 commissae
594 3704 654 3770 per
675 3680 863 3748 facultatem
886 3683 1049 3769 puniatur.

135 3905 185 3968 25.
214 3916 262 3964 nn
284 3915 456 3965 annornm
476 3915 734 3964 nrsruusrroun
762 3913 1058 3964 nsocmamouuu
1080 3915 1126 3964 nr
1152 3913 1330 3964 soc10uuu
1350 3911 1568 3962 nuronurnu

734 4014 975 4064 onseavnuna
1572 4001 1608 4060 ³⁰

221 4163 344 4230 Statuit
370 4164 511 4230 facultas
539 4165 672 4248 arcium,
704 4162 792 4249 quod
819 4165 996 4228 serotinam
1025 4162 1286 4251 disputationem
1307 4161 1517 4249 collegiorum
1539 4170 1572 4226 et

136 4264 312 4330 bursarum
339 4273 408 4330 tam
435 4263 600 4352 simplices
627 4286 724 4350 quam
746 4261 924 4328 baecalarii
946 4262 1119 4348 diligenter
1139 4261 1364 4349 ingrediantur
1383 4262 1571 4346 faciantque

136 4361 290 4430 facienda
311 4362 520 4450 disputando,
543 4363 709 4450 arguendo
731 4372 764 4427 et
784 4361 1027 4449 respondend03
1057 4372 1090 4427 et
1110 4373 1147 4427 ut
1167 4362 1249 4427 haec
1267 4361 1348 4426 liant
1367 4361 1570 4447 diligencius,

137 4463 236 4529 debet
258 4473 435 4527 convertor
458 4461 580 4528 habere
601 4485 700 4528 unum
725 4463 901 4548 registrum
927 4463 1089 4527 sociorum
1112 4470 1144 4526 et
1164 4459 1434 4542 baccalariorum,
1462 4481 1570 4524 secum

136 4565 172 4629 in
193 4560 331 4647 collegio
354 4583 411 4626 seu
433 4560 535 4626 bursa
556 4564 829 4628 commorantium
851 4571 883 4626 et
905 4560 1159 4648 disputationem
1184 4559 1450 4646 ingrediencium,
1472 4566 1504 4622 et
1524 4556 1612 4622 adse

137 4664 246 4728 minus
274 4659 325 4725 bis
354 4660 515 4728 inavisate
545 4659 653 4748 legere
683 4661 717 4726 in
746 4660 928 4727 ebdomoda
959 4659 1146 4726 huiusmodi
1174 4661 1366 4746 registrum,
1394 4657 1570 4744 praecipue

138 4759 269 4848 quando
289 4758 467 4824 baccalarii
486 4760 689 4846 praesident,
711 4769 742 4826 et
761 4759 901 4826 fideliter
921 4759 1072 4826 absentes
1091 4759 1145 4825 vel
1165 4768 1354 4848 praesentes
1376 4756 1570 4840 consignare

137 4881 259 4948 eosque
270 4861 364 4924 iuxta
384 4881 477 4923 suum
489 4857 626 4946 poenale
647 4868 803 4926 statutum
824 4861 948 4927 tociens
970 4858 1124 4945 quociens
1144 4863 1179 4926 in
1199 4859 1304 4924 tribus
1326 4855 1469 4922 denariis
1489 4853 1570 4920 mul-

138 4971 237 5026 ctare.
283 4959 318 5024 Si
341 4979 419 5024 vero
438 4957 540 5045 aliqui
566 4959 695 5024 omnino
719 4959 922 5045 negligentes
942 4958 1065 5045 reperti
1087 4958 1208 5024 fuerint
1228 4965 1261 5024 et
1282 4954 1470 5023 conventuri
1488 4961 1570 5019 tarn-

138 5081 238 5147 qnam
258 5056 396 5122 rebelles
424 5079 459 5121 se
480 5059 514 5121 in
535 5058 596 5122 hoc
617 5059 845 5144 opposuerint,
873 5068 1021 5145 tempore
1049 5075 1107 5122 suo
1134 5057 1178 5123 ad
1204 5056 1344 5144 aliquan
1371 5052 1509 5140 gradum
1535 5053 1613 5120 into

138 5157 266 5239 artibus
286 5157 419 5222 minime
440 5155 662 5222 admittantur.
