3768 6072
307 453 369 523 222
873 455 929 512 ou
947 469 1042 526 messe
1061 457 1167 526 colleg.

309 644 515 703 oontemserit
535 638 597 704 hoc
617 637 769 722 edictum,
790 638 921 706 decreto
939 641 1067 728 collegii
1088 641 1296 706 severissimo
1315 661 1454 728 poenam
1474 639 1566 723 luite,
1586 641 1746 707 uimirm

282 781 285 784 -
308 739 402 801 unius
423 736 539 802 floreni
558 747 615 801 aut
635 737 783 822 amplius.

392 835 466 916 Quo
493 836 599 900 maior
626 857 704 900 vero
731 835 851 922 ubique
878 837 1022 904 locorum
1050 836 1269 925 tranquillitas
1295 845 1328 900 et
1355 835 1490 924 dignum
1510 837 1617 904 Musis
1645 838 1745 904 silen-

308 938 389 1000 tium
411 934 568 1000 custodiri
591 936 708 1022 possit,
733 958 798 1001 non
818 935 916 1000 modo
943 939 1009 1023 ipss
1029 939 1226 1024 praeposito,
1248 947 1413 1022 tamquam
1440 936 1571 1023 collegii
1599 947 1744 1024 patrono

267 1045 283 1098 5
311 1044 344 1099 et
363 1035 459 1121 patri,
481 1035 629 1120 ipsisque
650 1035 719 1098 eius
742 1033 884 1120 collegis,
910 1033 1024 1100 domus
1050 1036 1144 1102 huius
1166 1035 1326 1123 principis
1347 1043 1381 1100 et
1399 1035 1589 1101 academiae
1608 1040 1744 1102 nomine

309 1132 497 1198 custodibus
529 1133 710 1219 perpetuis,
743 1154 834 1196 mera
865 1143 1011 1218 potestas
1043 1144 1092 1200 est
1122 1133 1275 1201 monendi
1307 1133 1565 1222 castigandique.
1609 1135 1678 1200 Sed
1711 1147 1744 1200 et

307 1232 457 1316 magistri
487 1232 606 1295 caeteri
638 1240 735 1318 atque
766 1230 915 1296 doctores
944 1231 1070 1296 incolae
1102 1231 1260 1320 quicquid
1290 1241 1404 1312 contra
1435 1233 1538 1298 bonos
1569 1256 1680 1300 mores
1710 1245 1743 1299 et

307 1329 477 1415 indignum
498 1328 612 1393 vident
629 1329 750 1393 factum
772 1351 843 1394 esse
864 1338 920 1393 aut
941 1329 1022 1412 fieri,
1052 1341 1127 1396 ante
1149 1353 1208 1396 sua
1229 1331 1422 1417 praesertim
1443 1330 1622 1414 conclavia,
1651 1333 1742 1398 salu·

307 1429 409 1494 briter
427 1427 579 1494 monendi
601 1437 633 1492 et
653 1427 934 1514 repraehendendi
961 1430 1011 1492 ius
1032 1450 1073 1493 ao
1094 1439 1298 1517 potestatem,
1327 1427 1442 1494 borum
1465 1439 1662 1496 statutorum
1684 1455 1741 1497 au·

267 1529 465 1610 tuctoritate,
494 1525 615 1592 habent
636 1535 668 1592 et
687 1547 847 1612 usurpare
868 1527 978 1614 eisque
1000 1549 1109 1593 omnes
1135 1529 1235 1593 ceteri
1260 1525 1488 1616 obtemperare
1516 1527 1640 1615 absque
1666 1553 1740 1596 con—

306 1627 448 1693 tumacia
471 1625 599 1692 debent.

860 1739 897 1812 [S.
911 1739 953 1811 ts]
972 1739 1085 1811 Caput
1101 1741 1180 1797 vm.

772 1893 819 1938 on
841 1893 886 1958 vr,
907 1893 1028 1942 oumro
1049 1894 1095 1940 nr
1116 1893 1267 1942 turonus.

391 2009 463 2075 Non
492 2006 584 2072 licuit
610 2028 751 2093 unquam
775 2006 862 2093 apud
890 2009 1030 2072 maiores
1055 2019 1184 2073 nostros
1213 2030 1417 2097 quemquam,
1447 2033 1488 2075 ne
1509 2032 1648 2097 puerum
1671 2015 1739 2099 qui-

267 2110 391 2191 todem,
421 2105 648 2195 quoquomodo
674 2107 709 2170 in
736 2105 871 2191 collegio
899 2117 1084 2171 versantem
1114 2129 1213 2172 manu
1243 2106 1402 2173 violenter
1430 2110 1590 2194 attingere
1616 2113 1650 2176 in
1678 2111 1740 2176 hoc

306 2207 458 2293 collegio,
489 2205 609 2270 mulcta
639 2203 682 2269 ob
713 2203 775 2270 hoc
803 2203 890 2269 dicta
917 2204 1012 2269 nnius
1042 2207 1140 2269 aurei.
1184 2204 1347 2293 Quicquid
1374 2208 1459 2270 enim
1488 2229 1624 2274 caussae
1654 2221 1741 2275 esset

307 2316 453 2372 coortum
476 2305 560 2367 inter
580 2302 764 2390 inquilinos,
794 2303 829 2368 id
859 2301 920 2369 soli
949 2307 1137 2390 praeposito
1160 2315 1193 2369 et
1214 2305 1353 2390 collegio
1375 2304 1566 2370 vindicandi
1586 2309 1638 2372 ius
1660 2309 1740 2374 inte-

306 2406 483 2493 gerrimum
505 2425 632 2488 semper
655 2402 723 2468 fuit
764 2402 856 2467 Ordo
879 2404 989 2489 itaque
1018 2405 1045 2467 is
1073 2403 1244 2487 tenebitur,
1271 2413 1306 2469 ut
1326 2403 1467 2468 offensus
1489 2417 1739 2493 praeceptorem

306 2497 482 2593 petulantis
502 2503 596 2588 pueri
618 2499 873 2566 adolescentisve
896 2503 1083 2584 conveniat3
1111 2504 1215 2590 quisi
1245 2505 1375 2588 segnior
1399 2513 1548 2589 repertus
1569 2504 1677 2588 fucrit,
1699 2507 1738 2590 is,

265 2605 364 2691 20qui
386 2601 528 2666 offensus
550 2608 607 2682 est,
629 2597 672 2663 ad
695 2598 868 2684 collegium
891 2603 1057 2666 recurrito.
1091 2602 1173 2666 Nam
1195 2602 1324 2688 plenam
1347 2603 1464 2690 cuique
1487 2601 1624 2688 collegio
1645 2605 1740 2669 iuris-

307 2702 481 2766 dictionem
513 2707 545 2762 et
572 2699 605 2762 in
634 2696 695 2760 hoc
724 2695 1038 2764 administrationem
1073 2703 1275 2788 praeposito,
1305 2711 1459 2788 tanquam
1496 2701 1739 2788 patrifamilias,

307 2795 565 2868 conservandam
595 2794 636 2860 ab
666 2797 798 2884 antiquo
831 2797 969 2862 sancivit
1000 2808 1111 2864 nostra
1142 2801 1349 2882 universitas,
1378 2800 1407 2864 si
1439 2801 1530 2886 prius
1559 2823 1581 2866 a
1610 2813 1739 2869 rectore

305 2912 514 2966 antevorsum
534 2917 599 2958 non
619 2893 740 2958 fuisset

387 2995 578 3062 Percutiens
596 2991 648 3056 vel
668 2993 788 3057 iniuria
801 2995 918 3077 quavis
934 2995 1080 3060 afficiens
1097 2999 1281 3084 quempiam
1299 2999 1334 3062 in
1354 2995 1504 3082 collegio,
1520 3001 1609 3083 parti
1630 2997 1741 3066 laesae

263 3095 487 3163 25satisfaciat
509 3106 540 3157 et
562 3091 631 3156 luat
651 3113 790 3177 poenam
811 3114 852 3156 ex
873 3091 1002 3159 decreto
1024 3094 1164 3180 collegii.

388 3193 569 3279 Rumpens,
599 3191 754 3275 frangens
781 3200 838 3255 aut
857 3192 984 3256 violans
1014 3191 1152 3277 aliquid,
1179 3214 1369 3279 quocunque
1394 3193 1430 3258 id
1455 3195 1586 3259 nomine
1616 3198 1739 3282 signifi-

307 3295 377 3360 cari
403 3292 522 3378 poterit
546 3291 581 3354 in
603 3287 749 3375 collegio,
771 3289 924 3354 damnum
948 3291 1131 3377 praestabit
1151 3300 1184 3356 et
1205 3311 1343 3378 poenam
1371 3291 1439 3358 luet
1464 3315 1507 3359 ex
1529 3292 1646 3358 eodem
1675 3296 1740 3362 eol·

304 3393 381 3478 legii
403 3391 541 3456 decreto.

874 3500 912 3576 [S.
930 3501 971 3576 49]
990 3502 1109 3574 Caput
1126 3504 1177 3560 lX.

261 3655 296 3712 30
831 3657 1010 3705 CLAUSURA
1030 3656 1204 3706 coonueu.

387 3774 504 3837 Hieme
526 3793 622 3852 nona,
645 3781 768 3835 aestate
791 3773 875 3834 etin
897 3769 1050 3835 nundinis
1072 3771 1176 3836 tribus
1193 3790 1216 3836 x
1237 3769 1319 3836 hora
1335 3773 1522 3858 vespertina
1545 3781 1619 3850 (aut
1640 3775 1739 3863 paulo

307 3881 394 3960 post)
417 3866 577 3934 clauditor
599 3867 780 3956 collegium.
816 3867 881 3948 Qui
903 3869 1053 3934 exclusus
1073 3869 1234 3956 pulsando
1256 3881 1312 3934 aut
1332 3869 1529 3935 clamoribus
1550 3873 1739 3960 fatigaverit

309 3990 503 4058 quenquam,
524 3966 681 4054 postridie
705 3967 837 4032 multam
860 3967 1027 4056 persolvat
1048 3991 1089 4033 ex
1110 3969 1270 4034 sententia
1292 3967 1429 4054 collegii,
1451 3991 1548 4054 quam
1569 3975 1739 4039 minimum

307 4067 435 4135 dimidii
456 4067 558 4131 aurei.

263 4181 299 4235 35
392 4166 456 4247 Qui
483 4163 641 4231 famulum
666 4187 868 4231 communem
890 4168 925 4230 vi
946 4168 1091 4252 coegerit
1109 4165 1161 4230 vel
1183 4168 1322 4251 pecunia
1340 4169 1523 4254 corruperit
1543 4168 1587 4233 ad
1610 4181 1737 4258 portam

307 4290 366 4332 suo
387 4264 523 4330 arbitrio
545 4264 801 4330 concludendam
821 4274 877 4330 aut
898 4264 1116 4351 pandendam,
1140 4266 1236 4349 quive
1259 4263 1382 4329 clavem
1405 4275 1479 4330 astu
1501 4265 1544 4332 ad
1565 4269 1737 4357 collegium

306 4366 464 4453 repererit
496 4365 719 4449 pararentve,
753 4373 809 4428 aut
843 4365 899 4448 qui
932 4385 992 4451 per
1025 4363 1200 4428 fenestram
1237 4361 1402 4428 aditumve
1429 4364 1530 4430 ullum
1558 4369 1735 4456 irrepserit,

242 4498 248 4508 ·
307 4466 371 4532 nisi
391 4485 526 4551 prorsus
548 4485 566 4527 e
588 4461 726 4550 collegio
748 4461 825 4551 pelli
847 4461 948 4545 malit,
969 4463 1063 4527 unius
1084 4463 1232 4527 renensis
1253 4461 1361 4528 florini
1384 4485 1524 4550 poenam
1546 4469 1713 4534 sumtineat

931 4625 1048 4696 Caput
1064 4625 1100 4680 X.

266 4776 300 4832 40
913 4779 959 4826 DE
981 4777 1126 4825 STUDIIS.

389 4895 497 4981 Caput
517 4893 578 4958 hoc
599 4893 712 4958 delinit
734 4894 999 4958 exercitationem
1022 4890 1211 4956 studiorum.
1235 4893 1328 4970 Quae
1351 4915 1422 4956 cum
1448 4892 1600 4980 publicae
1621 4895 1728 4960 doctri·

305 5019 367 5062 uae
402 4995 529 5060 ratione
566 4993 903 5079 compraehendantur
941 5000 973 5054 et
1007 5013 1027 5054 a
1065 4991 1202 5077 privatis
1236 4991 1503 5078 praeceptoribus
1541 4995 1727 5072 recoluntur,

304 5097 525 5184 unusquisque
557 5103 631 5158 ante
664 5093 773 5157 omnia
804 5089 938 5156 colendo
970 5091 1125 5176 pietatem
1157 5101 1188 5154 et
1215 5087 1406 5174 religionem
1433 5091 1468 5154 in
1500 5089 1606 5179 di[5o]
1614 5093 1725 5158 scendo
