3794 6066
853 423 905 512 liis
922 426 1042 478 sutores
1059 439 1121 476 vom
1139 425 1222 478 lehre
1243 430 1314 490 1⁵⁴8,

984 610 1089 675 Caput
1106 610 1191 662 xvn.

375 763 460 823 QUID
481 759 621 810 DONARE
637 757 800 806 DEBEAN'I'
818 757 991 807 mlestus
1007 757 1165 808 runmcls
1185 758 1220 824 11,
1243 757 1368 819 QUIBUS
1384 758 1546 808 Bonosus
1563 760 1791 810 Docromns

942 857 1210 907 corruentem.

458 975 650 1060 Quicunque
672 995 831 1039 summum
852 972 1010 1038 honorum
1031 973 1297 1040 scholasticorum
1318 971 1457 1059 gradum
1478 977 1642 1040 consecuti
1664 975 1792 1060 fuerint,

352 1087 413 1144 tut
425 1075 479 1142 vel
495 1078 529 1140 in
543 1071 810 1159 sacratheologia
824 1071 876 1139 vel
892 1071 993 1138 altero
1006 1079 1063 1138 aut
1072 1083 1207 1159 utroque
1227 1075 1297 1139 iure
1317 1071 1369 1138 vel
1389 1071 1551 1140 medicina
1569 1076 1720 1162 magistri
1741 1073 1792 1140 do·

373 1187 521 1243 ctoreeve
548 1172 768 1260 appellentur,
806 1195 915 1238 eorum
948 1173 1169 1259 unusquisque
1198 1171 1347 1261 publicos
1373 1173 1539 1238 ministros
1574 1175 1792 1240 universitatis

373 1284 502 1341 nostrae
518 1281 574 1338 aut
596 1271 861 1338 convenientibus
882 1271 1027 1338 vestibus
1049 1281 1104 1336 aut
1125 1271 1169 1357 (si
1188 1273 1369 1359 pecuniam,
1390 1281 1426 1336 ut
1446 1273 1511 1359 ipsi
1532 1284 1639 1339 vestes
1662 1297 1789 1361 compe·

373 1383 455 1457 rent,
477 1373 556 1437 dare
577 1369 741 1455 maluerit)
771 1393 836 1436 non
866 1372 973 1438 minus
1001 1393 1098 1459 quam
1121 1381 1277 1459 quantum
1304 1371 1418 1436 floreui
1444 1373 1587 1458 quinque
1608 1373 1793 1440 Rbeuenses

371 1473 519 1554 valeant,
544 1471 608 1537 illis
633 1479 794 1554 numeret;
826 1472 889 1557 ipsi
918 1481 1032 1537 contra
1058 1471 1199 1536 ministri
1228 1469 1351 1559 publici
1372 1471 1560 1538 cathedram
1586 1482 1619 1538 et
1640 1473 1793 1538 subsellia

332 1575 441 1638 tosuis
463 1571 622 1638 sumtibus
644 1569 793 1656 diligenti
813 1592 915 1656 opera
935 1580 1086 1638 extruere
1108 1577 1140 1635 et
1162 1592 1322 1637 exornare
1343 1568 1514 1637 debebunt

884 1939 1079 2006 Sequuntur
1104 1947 1235 1991 statuta

555 2026 594 2074 ad
611 2039 718 2076 mores
735 2025 895 2087 imprimis
913 2033 943 2075 et
960 2025 1070 2076 studia
1088 2025 1334 2087 discipulorum
1352 2023 1574 2086 pertinentia.

1004 2220 1212 2272 PRAEFATIO.

456 2324 538 2391 Cum
560 2322 773 2388 scholasticae
793 2322 1020 2387 universitates
1039 2343 1105 2386 non
1125 2329 1191 2385 tam
1213 2319 1257 2384 ad
1278 2318 1447 2385 doctrinae
1469 2331 1502 2386 et
1523 2321 1682 2386 bonarum
1703 2321 1796 2386 disci·

333 2425 535 2513 15plinarum
561 2432 658 2511 atque
686 2422 804 2486 artium
835 2422 1099 2487 exercitationem
1126 2441 1223 2508 quam
1251 2417 1432 2484 honestatis
1459 2429 1492 2484 et
1519 2421 1649 2486 virtutis
1677 2419 1796 2486 cultum

373 2525 541 2589 institutae
561 2523 642 2604 sint,
665 2542 727 2608 par
751 2519 881 2605 quidem
903 2529 990 2602 erat,
1011 2528 1047 2586 ut
1067 2518 1265 2607 quotidianis
1287 2517 1541 2584 subiectionibus
1561 2530 1593 2586 et
1613 2522 1797 2608 praeceptis

373 2626 461 2688 vitae
482 2631 514 2686 et
533 2642 670 2702 morum,
692 2640 775 2703 quae
796 2629 829 2684 et
849 2618 1024 2684 audiuntur
1046 2629 1079 2684 et
1099 2617 1258 2704 leguntur,
1280 2619 1314 2682 in
1336 2618 1399 2684 hac
1420 2621 1613 2706 praesertim
1630 2618 1704 2685 luce
1716 2623 1797 2685 veri-

372 2723 450 2789 tatis
469 2719 676 2787 Christianae
701 2719 842 2783 omnium
865 2719 963 2782 animi
986 2741 1044 2784 sua
1066 2727 1180 2805 sponte
1200 2719 1242 2784 ad
1272 2717 1545 2784 rectefaciendum
1573 2719 1797 2785 incitarentur.

373 2822 460 2904 Quia
486 2829 595 2886 tamen
623 2819 657 2885 in
688 2817 872 2905 promiscua
895 2816 1100 2883 multitudine
1121 2840 1250 2906 semper
1271 2817 1404 2906 plurimi
1425 2817 1504 2884 mali
1523 2821 1741 2907 reperiuntur,
1759 2842 1797 2883 ne

330 2919 566 3009 wimprcbitas
584 2919 699 2984 horum
718 2915 814 2982 bonis
835 2927 950 2982 noceat
970 2939 1073 3005 neque
1094 2917 1186 3002 quies
1207 2928 1240 2983 et
1260 2940 1346 3006 pax,
1376 2919 1562 2984 necessaria
1581 2919 1710 3003 studiis,
1734 2929 1797 2984 tur·

371 3023 476 3102 betur,
501 3019 662 3105 imprimis
686 3038 783 3081 curae
804 3015 865 3080 fuit
886 3016 1062 3083 maioribus
1084 3018 1221 3099 nostris,
1242 3027 1278 3082 ut
1298 3016 1387 3103 leges
1407 3019 1507 3082 initae
1529 3017 1730 3104 delegendae
1751 3019 1797 3096 (l)

370 3122 492 3186 ferrent
513 3117 651 3183 subditis
672 3117 894 3182 universitatis
913 3139 1001 3199 suae,
1022 3137 1103 3201 quas
1124 3117 1179 3203 qui
1201 3116 1326 3182 violare
1346 3119 1417 3182 ausi
1437 3118 1584 3201 fuissent,
1606 3119 1647 3183 iis
1668 3118 1798 3184 debitae

371 3241 496 3309 poenae
516 3216 558 3282 ed
580 3214 765 3302 exemplum
785 3215 924 3281 aliorum
944 3215 1183 3302 infligerentur,
1205 3225 1258 3300 ut,
1280 3217 1336 3302 qui
1356 3217 1485 3282 virtutis
1507 3215 1723 3284 emditionem
1750 3241 1797 3284 re·

373 3327 535 3409 spuerent,
558 3315 730 3382 severitate
743 3315 805 3382 hac
818 3315 1004 3380 necessaria
1019 3324 1254 3381 coercerentur.
1293 3313 1440 3396 Quorum
1461 3315 1604 3382 salutare
1625 3317 1797 3384 consilium

331 3420 461 3487 250mni
482 3418 607 3482 ratione
630 3415 888 3480 conservandum
910 3425 942 3479 et
964 3413 1161 3502 sequendum
1183 3415 1278 3480 nobie
1300 3413 1462 3481 duximus.
1495 3416 1602 3504 Atque
1622 3415 1699 3483 ideo
1723 3441 1795 3484 con-

371 3521 518 3586 stitutum
539 3525 597 3597 est,
619 3523 654 3579 ut
675 3512 839 3602 deinceps,
860 3515 943 3580 sicut
963 3512 1005 3578 ab
1027 3513 1159 3600 antiquo
1179 3513 1301 3579 factum
1321 3515 1391 3599 fuit,
1412 3537 1469 3581 suo
1491 3517 1627 3604 quisque
1649 3519 1796 3583 semestri

370 3627 475 3684 rector
497 3615 603 3680 edicto
621 3611 751 3700 publico
772 3612 824 3677 bis
845 3621 1000 3678 convocet
1019 3632 1131 3678 omnes
1153 3615 1374 3680 universitatis
1385 3614 1480 3680 hrtius
1495 3614 1609 3680 ditioni
1621 3615 1795 3700 subiectos,

368 3738 484 3804 nempe
507 3715 636 3780 circiter
656 3722 806 3777 octavum
828 3711 913 3776 diem
934 3711 1003 3779 Gal.
1023 3711 1098 3777 Iulii
1127 3721 1158 3778 et
1180 3714 1309 3779 circiter
1329 3724 1479 3780 octavum
1501 3714 1586 3780 diem
1608 3715 1727 3782 Iduum
1750 3717 1796 3805 (l)

372 3812 572 3902 Septembris
602 3814 635 3877 in
663 3813 810 3876 semestri
839 3811 1003 3895 aestivali,
1029 3813 1064 3877 in
1090 3811 1233 3900 hyemali
1260 3823 1368 3880 autem
1395 3816 1524 3881 circiter
1550 3815 1629 3881 Vll]
1662 3816 1797 3884 Calend.

331 3911 567 3981 30Decembris
593 3919 625 3976 et
652 3911 783 3975 circiter
806 3910 883 3975 Idus
910 3910 1056 3977 Martias.
1105 3911 1231 3992 Quibus
1258 3914 1460 4000 temporibus
1489 3923 1615 3998 rector,
1645 3919 1703 4005 qui
1730 3927 1798 3983 tum

374 4014 567 4100 magistratu
586 4011 750 4096 fungetm,
771 4011 917 4075 oratione
938 4010 981 4076 ad
1002 4022 1128 4098 tempus
1159 4022 1191 4077 et
1217 4012 1381 4079 auditores
1410 4015 1657 4081 accommodata
1685 4039 1797 4082 omnes

373 4114 418 4180 ad
437 4113 593 4200 pietatem
614 4120 647 4175 et
668 4109 789 4176 multtum
811 4111 940 4175 virtutis
960 4120 992 4176 et
1012 4111 1119 4176 studia
1139 4113 1336 4197 optimarum
1357 4112 1606 4202 disciplinarum
1627 4125 1728 4204 atque
1747 4139 1796 4182 ar·

371 4215 451 4278 tium
473 4209 691 4278 cohortabitur
719 4220 751 4274 et
776 4211 858 4275 vitia
885 4221 981 4298 atque
1007 4211 1204 4298 pravitatem
1222 4214 1310 4278 vitae
1340 4235 1379 4278 ac
1405 4235 1529 4280 morum
1556 4213 1798 4282 adolescentiae

374 4309 597 4400 reprehendet.
631 4309 739 4396 Atque
760 4311 807 4376 ita
829 4310 957 4375 curabit
977 4310 1109 4376 recitari
1131 4333 1215 4397 quae
1237 4311 1279 4376 ad
1301 4311 1502 4378 honestatem
1523 4315 1797 4402 compescendam

329 4413 407 4478 sein
437 4432 548 4475 omnes
570 4409 684 4475 ditioni
711 4410 806 4476 huius
835 4410 1056 4476 universitatis
1088 4411 1274 4498 suppositos
1309 4413 1487 4500 aequaliter
1521 4416 1699 4482 constituta
1734 4419 1799 4482 sint

374 4513 422 4577 ita
441 4520 476 4575 ut
498 4518 674 4597 sequuntur
696 4509 846 4576 distincte
866 4511 900 4574 in
921 4518 1046 4576 certum
1068 4519 1261 4577 statutorum
1281 4533 1450 4578 numerum
1470 4512 1615 4580 redacta

976 4711 1146 4763 Statutum
1165 4711 1187 4762 1.

645 4859 692 4908 DE
714 4859 868 4908 VITANDA
889 4859 1110 4908 Pnrunurt’ru
1130 4859 1167 4907 nt
1187 4860 1304 4910 monle
1325 4861 1371 4909 ΕΤ
1392 4861 1525 4912 ΡΔΟΤΙΒ.

453 4977 592 5060 Omnes,
619 4977 675 5065 qui
694 4977 782 5063 leges
807 4998 950 5063 unquam
971 4973 1132 5058 tulerunt,
1163 4975 1204 5042 de
1225 4979 1432 5044 veneratione
1454 4990 1486 5045 et
1506 4980 1594 5046 crnlhr
1614 4983 1719 5050 divini
1739 5007 1796 5050 nu-

328 5078 466 5142 lominis
489 5087 563 5142 ante
584 5078 693 5141 omnia
714 5086 965 5165 praeceperunt,
992 5073 1027 5138 id
1049 5074 1136 5160 quod
1156 5099 1232 5159 uos,
1254 5079 1308 5166 qui
1329 5078 1508 5146 Christiani
1537 5104 1609 5148 esse
1635 5084 1796 5170 volumus,
