3794 6066
336 445 376 510 88
813 443 864 494 Die
882 441 1001 492 sumen
1020 455 1081 490 vom
1097 441 1180 491 Jahre
1200 445 1272 502 1⁵4³,

336 629 448 706 crevit,
469 627 638 706 neminem,
659 645 846 712 quocunque
867 623 900 686 in
922 622 993 688 loco
1013 632 1069 688 aut
1090 621 1258 710 dignitatis
1279 621 1499 709 honorumque
1518 618 1624 706 gradu
1644 619 1757 702 fuerit,

336 723 430 789 huius
453 723 561 790 delicti
593 725 758 788 convictus
771 725 796 805 ¹,
816 744 989 809 passuram
1016 745 1050 788 se
1068 722 1260 810 impunitum
1287 741 1366 786 esse.
1408 721 1510 786 Nemo
1531 721 1632 806 igitur
1652 718 1759 785 ullum

336 824 506 911 scriptum,
529 844 592 908 quo
615 822 747 887 alterius
767 823 855 888 fame
875 843 934 909 per
953 823 1104 888 iniuriam
1124 822 1211 888 laedi
1232 820 1462 909 proseindique
1484 821 1603 907 possit,
1626 841 1758 907 compo

334 933 400 1004 nat,
423 923 498 989 edat
519 921 601 987 olam
621 921 780 1009 palamve,
803 944 905 1008 neque
926 923 1128 1009 componenti
1149 932 1207 987 eut
1227 920 1361 986 edenti²
1381 921 1568 1009 praesentia
1588 919 1758 984 auxiliove

307 1034 388 1088 5suo
411 1024 500 1088 assit
544 1022 631 1104 Quin
660 1024 755 1087 etiam
788 1022 932 1110 quisque,
959 1044 1031 1086 cum
1057 1020 1241 1086 huiusmodi
1267 1021 1390 1108 scripta
1416 1019 1552 1100 viderit,
1585 1021 1613 1084 si
1640 1020 1757 1106 possit,

334 1122 476 1188 tollendo
498 1120 714 1188 auferendove
736 1123 918 1209 supprimat
938 1129 994 1184 aut
1021 1133 1178 1186 rectorem
1209 1119 1249 1185 de
1276 1119 1339 1185 bac
1365 1143 1400 1185 re
1432 1121 1600 1185 certiorem
1627 1117 1756 1185 reddat

335 1222 400 1304 Qui
420 1246 484 1289 non
504 1223 616 1286 fecerit
636 1222 732 1308 quive
753 1221 859 1285 facere
881 1218 1024 1284 volentes
1044 1219 1246 1307 prohibuerit
1269 1217 1342 1284 dolo
1365 1219 1461 1303 malo,
1483 1220 1511 1284 is
1532 1241 1670 1306 poenam
1690 1218 1755 1286 sibi

333 1322 561 1408 gravissimam
583 1320 719 1386 arbitrio
747 1320 872 1386 consilii
898 1319 1021 1407 publici
1051 1319 1271 1384 sustinendam
1291 1320 1389 1402 sciet,
1420 1319 1507 1404 quod
1527 1321 1636 1407 ipsum
1658 1328 1692 1384 et
1713 1318 1756 1384 de

331 1421 505 1508 relegando
534 1431 566 1486 et
592 1420 633 1485 de
663 1419 864 1486 excludendo
895 1441 937 1484 ex
961 1419 1171 1484 universitate
1202 1441 1261 1483 sua
1288 1418 1371 1484 tales
1398 1441 1459 1505 pro
1485 1441 1521 1483 re
1549 1428 1581 1483 et
1610 1439 1756 1505 persona

294 1531 326 1586 to
335 1521 537 1588 deliberabit

909 1687 1080 1738 statutum
1099 1687 1170 1738 XIV.

747 1854 793 1902 DE
815 1852 1008 1900 manassis
1030 1851 1334 1902 INOBEDIENTIBUS.

419 1971 610 2056 Quicunque
633 1969 794 2055 relegatus
816 1969 858 2034 ad
882 1978 986 2034 certos
1010 1991 1110 2034 annos
1131 1971 1218 2034 intra
1240 1967 1397 2056 oppidum
1418 1969 1503 2036 ultra
1524 1969 1609 2036 diem
1631 1970 1755 2036 disces

336 2072 420 2138 sioni
447 2070 652 2160 praefinitum
678 2071 885 2150 remanserit,
914 2069 1011 2156 quive
1038 2065 1208 2135 discedens
1232 2069 1427 2134 tumultuose
1448 2080 1505 2136 aut
1524 2070 1678 2136 inusitate
1699 2069 1755 2134 de

294 2182 324 2237 15
334 2171 409 2237 duci
432 2193 502 2236 sese
523 2171 722 2258 permiserit,
744 2170 840 2256 quive
862 2177 938 2232 ante
958 2167 1084 2233 finitum
1107 2191 1230 2256 poenae
1252 2180 1379 2256 tempus
1401 2171 1435 2236 in
1456 2169 1612 2256 oppidum
1633 2172 1756 2234 reverti

330 2293 428 2337 ausus
448 2270 559 2352 fuerit,
579 2271 608 2334 is
630 2268 763 2356 abipso
784 2278 921 2349 rectore,
940 2267 1121 2334 inconsulto
1143 2267 1273 2354 publico
1305 2268 1449 2351 consilio,
1471 2269 1513 2334 ab
1536 2271 1755 2336 universitate

152 2377 158 2384 '
238 2396 240 2409 ·
332 2380 444 2437 nostra
463 2378 500 2436 ut
519 2368 699 2435 membrum
723 2367 888 2456 putridum
909 2366 1095 2433 exclusione
1115 2368 1327 2435 rescindatur.

922 2625 1090 2675 Statntnm
1109 2623 1166 2675 XV.

802 2789 850 2837 DE
870 2789 987 2839 cunels
1009 2787 1260 2837 dammaturus,

290 2915 324 2971 20
416 2905 468 2971 De
490 2907 597 2970 causis
619 2905 838 2970 criminalibus
865 2905 926 2971 hoc
955 2905 1149 2970 constituere
1175 2907 1280 2970 visum
1309 2915 1376 2988 est,
1405 2915 1440 2970 ut
1470 2905 1691 2992 deprehensus
1720 2911 1756 2973 in

331 3005 505 3072 homicidio
526 3005 569 3070 ad
590 3006 776 3092 episcopum
806 3005 969 3088 mittatur,
995 3005 1135 3070 carceris
1161 3007 1309 3092 perpetui
1338 3027 1476 3092 poenam
1505 3005 1690 3091 habiturus,
1720 3010 1755 3073 in

331 3107 416 3172 furto
440 3115 547 3171 autem
568 3104 788 3193 deprehensus
810 3104 852 3168 ab
873 3105 1083 3170 universitate
1103 3115 1214 3169 nostra
1228 3104 1428 3170 excludatur.
1460 3103 1496 3169 si
1510 3105 1631 3172 furtum
1643 3117 1755 3174 tamen

332 3205 496 3293 singulare
516 3215 547 3272 et
567 3207 682 3293 ingens
704 3205 809 3289 fircrit,
833 3207 930 3270 etiam
952 3203 1026 3270 talis
1048 3205 1100 3270 fur
1121 3204 1163 3269 ad
1185 3205 1373 3293 episcopum
1395 3206 1553 3270 mittatur.

914 3439 1086 3490 statutum
1107 3441 1179 3492 xvl.

287 3599 321 3654 25
822 3607 868 3654 DE
893 3603 1132 3654 onerabimus
1152 3607 1254 3656 Anna.

411 3738 484 3804 Non
505 3738 674 3801 mittuntur
695 3737 758 3803 huo
778 3736 835 3802 ulli
862 3737 905 3802 ad
932 3734 1104 3801 latrocinia
1125 3749 1182 3804 aut
1201 3761 1328 3826 pugnas
1350 3740 1407 3805 sed
1430 3741 1473 3805 ad
1495 3743 1596 3806 vitam
1620 3739 1753 3827 placide

329 3841 363 3904 in
390 3836 505 3902 studiis
531 3839 727 3922 optimarum
755 3837 871 3902 artium
902 3846 934 3901 et
960 3835 1167 3904 humanitatis
1195 3838 1385 3924 degendam.
1440 3839 1522 3920 Quis
1550 3841 1651 3926 igitur
1681 3862 1753 3905 esse

332 3937 452 4025 poterit
472 3957 550 4000 usus
573 3937 760 4001 armorum?
802 3935 913 4017 Quare
933 3937 1054 4002 nemini
1075 3939 1217 4004 omnium
1241 3939 1284 4003 ad
1306 3940 1484 4026 perniciem
1504 3939 1638 4005 alterins
1659 3963 1753 4004 arma

328 4039 545 4122 cuiuscunque
564 4037 693 4122 generis
714 4045 843 4121 gestare
868 4057 1056 4101 concessum
1084 4059 1155 4103 esse
1181 4036 1346 4122 volumus,
1374 4041 1534 4126 imprimis
1559 4039 1631 4122 illa,
1669 4061 1752 4126 quae

286 4136 476 4204 woeleriter
487 4137 611 4200 exitum
622 4145 679 4201 aut
690 4133 878 4201 horribilem
896 4134 1069 4202 laesionem
1085 4136 1201 4202 afferre
1216 4137 1327 4219 solent,
1349 4149 1385 4204 ut
1401 4149 1477 4203 sunt
1494 4162 1601 4221 arcus,
1623 4138 1749 4222 lancea,

329 4237 415 4301 ensis
437 4245 469 4299 et
492 4257 575 4322 quae
597 4235 795 4301 bombardae
817 4244 848 4299 et
869 4257 981 4301 cruces
1002 4259 1042 4301 eo
1064 4236 1249 4323 plumbatae
1261 4247 1427 4320 vocantur,
1450 4261 1511 4325 quo
1523 4238 1603 4304 nihil
1616 4239 1750 4305 honesto

328 4335 555 4402 adolescente³
576 4358 617 4399 ex
638 4357 750 4402 eorum
774 4336 966 4421 praesertim
991 4358 1140 4419 numero,
1169 4339 1223 4426 qui
1247 4360 1318 4401 eum
1340 4335 1459 4419 Musis,
1477 4337 1513 4404 id
1533 4349 1582 4402 est
1602 4337 1750 4404 humani-

330 4446 395 4501 tate
417 4446 450 4499 et
470 4433 626 4516 doctrina,
651 4433 880 4500 commercium
901 4434 963 4501 sibi
985 4458 1056 4501 esse
1076 4435 1192 4519 velint,
1212 4435 1378 4523 indignius
1399 4437 1473 4502 fieri
1495 4440 1608 4525 possit.
1650 4438 1749 4503 Veta-

328 4559 399 4601 mus
420 4535 518 4599 etiam
541 4555 615 4598 cum
635 4537 732 4602 armis
752 4532 1027 4623 qualibuscunque
1048 4537 1160 4603 accedi
1187 4536 1230 4601 ad
1258 4547 1416 4603 rectorem
1438 4548 1471 4602 et
1491 4538 1667 4604 consilium
1692 4563 1747 4627 pu·

289 4635 453 4703 35blicum
476 4643 508 4698 et
526 4633 560 4698 in
579 4631 651 4698 loca
672 4634 839 4702 doctrinae
861 4635 1019 4723 publicae.

398 4944 409 4994 l
428 4937 572 5008 Richtiger
588 4939 659 4990 vere
676 4935 833 4990 coemeter.

394 5026 409 5077 2
424 5020 513 5092 Vogel
530 5018 650 5075 schreibt
667 5019 848 5090 componmde'
865 5027 914 5073 aut
931 5018 1036 5076 οᾰοηάἑ.

396 5111 411 5160 3
428 5103 616 5162 Geschrieben
636 5103 711 5160 steht
725 5103 898 5160 udokscenti.
