3758 6072
833 461 884 517 Dis
905 463 1126 531 pbilosopblsebe
1144 461 1271 516 enatat

921 653 1180 732 amma

424 778 506 843 Item
527 778 662 866 quilibet
682 779 937 846 bacoalariorum
959 783 993 846 in
1019 782 1145 847 mdbus
1169 789 1298 846 tenetur
1317 777 1485 866 disputare
1506 781 1541 844 in
1563 779 1679 845 ordine
1701 803 1760 844 suo.

342 877 388 942 Et
409 878 437 942 si
458 877 492 940 in
513 877 637 943 artibus
658 901 722 942 non
742 879 910 962 studuerit,
932 903 1033 969 aeque
1053 883 1087 946 in
1107 879 1220 946 ordine
1242 901 1300 945 suo
1320 889 1447 944 tenetur
1469 877 1649 965 disputare,
1668 877 1760 943 donec

342 975 509 1042 biennium
535 999 626 1042 suum
653 977 878 1065 compleverit,
911 979 971 1044 sub
999 1001 1105 1067 poena
1134 980 1245 1046 decem
1275 1001 1461 1065 grossorum
1491 977 1617 1045 decano
1647 977 1760 1066 persol·
1850 991 1851 1014 ¹

300 1085 317 1140 5
341 1075 527 1141 vendorum.

423 1229 562 1288 tetemet
591 1250 649 1289 oon
677 1233 809 1290 anderes·
828 1235 942 1291 Hand:
982 1229 1064 1294 Item
1095 1229 1136 1295 de
1162 1252 1265 1295 coena
1293 1228 1457 1294 sonanda
1483 1236 1517 1292 et
1543 1225 1707 1293 latinitate
1732 1230 1759 1292 iu

343 1325 450 1392 bursis
471 1347 590 1412 quaere
611 1325 689 1392 folio
711 1329 847 1413 septimo
876 1327 922 1406 (d
943 1329 965 1392 i.
986 1327 1035 1394 Bt
1055 1331 1137 1408 9”’).1

426 1660 487 1727 XI.
515 1669 589 1726 Nan
599 1669 706 1744 solym
725 1666 1012 1742 matsbueblit'ese,
1034 1670 1082 1728 die
1101 1669 1246 1728 suadebat
1266 1667 1425 1726 stelendea
1445 1685 1503 1726 von
1525 1668 1581 1725 der
1601 1667 1699 1726 Hand
1717 1669 1761 1724 des
1850 1667 1851 1684 ¹

342 1767 524 1842 Lampertas
545 1785 603 1824 voa
624 1769 688 1824 dem
709 1767 808 1842 Hoeff
822 1768 858 1825 de
882 1765 974 1840 Geel,
995 1769 1171 1832 dertare·
1192 1769 1299 1826 Decea
1320 1787 1404 1826 war.-

300 1937 332 1992 to
345 1934 373 1992 t.
396 1923 458 2016 [Bl.
477 1923 549 2014 20²]
583 1943 769 1994 ersruruu
791 1945 914 1994 novun
932 1947 979 1994 nn
999 1947 1130 1996 mooun
1152 1949 1188 1996 nr
1209 1946 1422 1998 annuntians
1442 1945 1700 2012 rascmcsxm,
1720 1945 1760 1993 ax

852 2047 1015 2107 surroors
1036 2047 1250 2096 muovsrou.

423 2159 519 2226 Anno
540 2158 662 2226 domini
681 2158 851 2227 millesimo
871 2161 1189 2250 quadringentesimo
1210 2165 1449 2250 septuagesimo
1471 2172 1565 2228 sexto
1586 2161 1642 2228 die
1654 2161 1761 2226 Martis

341 2259 497 2324 vicesima
517 2281 604 2325 nona
623 2262 743 2325 mensis
766 2257 918 2326 Octobris
940 2259 1037 2348 (1476
1058 2267 1086 2326 d.
1108 2266 1158 2328 29.
1183 2262 1334 2350 October),
1365 2285 1449 2351 quae
1477 2263 1539 2328 fuit
1566 2261 1672 2326 altera
1700 2259 1761 2325 dies

338 2369 412 2446 post
431 2360 548 2424 festum
572 2357 722 2444 Symonis
749 2370 781 2424 et
800 2359 901 2424 Iudae
931 2359 1167 2448 apostolorum,
1193 2363 1282 2427 facta
1307 2362 1404 2450 plena
1433 2363 1674 2427 convoeaoione
1700 2383 1759 2424 ma·

300 2460 516 2544 ttgistrorum
539 2457 580 2522 de
601 2457 736 2522 consilio
763 2458 925 2524 facultatis
952 2462 1075 2526 arcium
1104 2462 1165 2526 sub
1193 2483 1300 2548 poena
1334 2463 1489 2550 periurii,
1521 2469 1680 2526 statutum
1706 2461 1760 2525 fuit

336 2569 369 2622 et
388 2567 438 2623 est
458 2579 517 2644 per
538 2565 640 2622 totam
662 2555 851 2622 facultatem
862 2559 1079 2626 concorditer:
1103 2561 1276 2646 Quoniam,
1299 2562 1435 2627 docente
1455 2563 1678 2648 experiencia,
1698 2561 1760 2625 fre·

339 2679 442 2744 quens
453 2668 486 2723 et
497 2657 616 2722 nimia²
633 2656 789 2721 effrenata
807 2659 841 2722 in
858 2659 983 2724 artibus
1004 2671 1226 2747 promotorum
1248 2661 1404 2727 admissio
1426 2661 1584 2726 hactenus
1608 2661 1761 2728 maculam

340 2767 371 2822 et
383 2758 597 2844 ignominiam
608 2778 672 2821 non
685 2756 847 2822 modicam
868 2761 1074 2825 universitati
1097 2771 1129 2827 et
1146 2763 1293 2827 facultati
1315 2763 1438 2826 arcium
1460 2763 1663 2848 irrogarunt,
1683 2761 1760 2849 quod

341 2879 401 2942 per
422 2855 562 2943 amplius
583 2856 706 2940 absque
726 2857 964 2925 intermissione
985 2862 1019 2925 in
1041 2861 1305 2948 temptaminibus
1327 2871 1360 2925 et
1380 2859 1597 2944 examinibus,
1619 2873 1687 2927 tam
1707 2883 1759 2948 pro

298 2955 448 3043 togradu
468 2958 648 3042 magisterii
668 2979 766 3042 quam
785 2979 845 3044 pro
865 2959 971 3044 gradu
992 2959 1240 3042 baccalariatus,
1260 2962 1351 3046 rigor
1371 2981 1431 3048 per
1452 2961 1758 3044 vicecancellarium,

337 3055 495 3120 decanum
525 3066 557 3121 et
582 3059 822 3122 examinatores
851 3066 998 3123 teneatur
1020 3073 1052 3124 et
1073 3062 1288 3148 practicetur,
1309 3060 1459 3148 quodque
1480 3059 1520 3124 de
1542 3061 1606 3126 hoc
1633 3065 1759 3150 antiqua

337 3165 457 3222 statuta
483 3165 580 3241 atque
603 3153 754 3221 conclusa
782 3159 972 3222 exeoucioni
1000 3159 1236 3225 demandentur
1263 3158 1558 3248 inviolabiliterque
1586 3171 1758 3243 serventur,

338 3279 410 3322 cum
432 3279 471 3322 ea
490 3266 602 3321 tamen
623 3257 842 3340 restriccione,
864 3257 966 3344 quod,
989 3263 1271 3347 quocienscunque
1292 3262 1326 3324 in
1347 3259 1491 3326 futurum
1514 3262 1757 3342 examinatores,

339 3366 406 3421 tam
427 3378 488 3444 pro
511 3357 699 3441 magisterio
722 3377 819 3444 quam
839 3377 899 3442 pro
919 3356 1154 3442 bacealariatu,
1177 3359 1253 3445 eligi
1275 3360 1457 3446 contigerit,
1477 3360 1757 3426 vicecancellarius

294 3467 398 3545 tepro
417 3465 564 3544 tempore
584 3455 775 3542 deputatus,
798 3456 825 3520 si
846 3457 1003 3542 magister
1023 3469 1055 3524 et
1076 3459 1117 3524 de
1139 3459 1292 3524 factdtate
1322 3461 1446 3524 arcium
1477 3469 1611 3525 nostrae
1640 3463 1757 3526 univer

338 3557 444 3622 sitatis
465 3565 515 3620 est
536 3565 568 3619 et
589 3557 778 3620 examinare
797 3553 950 3638 voluerit,
973 3579 1012 3621 ao
1041 3561 1280 3623 examinatores
1307 3557 1444 3645 singuli,
1474 3580 1535 3645 per
1564 3571 1686 3626 sortem
1711 3573 1758 3625 aut

294 3683 298 3691 *
338 3655 422 3722 alias
443 3657 537 3721 iuxta
557 3653 720 3720 facultatis
742 3655 866 3720 arcium
887 3655 1152 3722 consuetudinem
1174 3657 1237 3722 sibi
1263 3657 1487 3744 condeputati,
1509 3681 1575 3746 qno
1599 3660 1643 3725 ad
1664 3671 1756 3748 temp·

338 3765 448 3820 tamen
476 3764 508 3820 et
536 3775 673 3818 examen
699 3754 1013 3840 magistrandorum,
1041 3769 1073 3822 et
1102 3757 1243 3822 decanus
1269 3779 1330 3844 pro
1356 3767 1504 3845 tempore
1525 3761 1672 3827 existens
1693 3783 1756 3826 cnm

336 3853 473 3940 singulis
486 3851 774 3937 examinatoribus,
796 3854 892 3919 modo
915 3857 1096 3941 praemisso
1118 3855 1181 3922 sibi
1203 3879 1263 3943 pro
1283 3867 1428 3943 tempore
1450 3857 1689 3946 condeputatis,
1703 3883 1756 3950 quo

295 3953 382 4018 30ad
410 3974 548 4018 examen
584 3951 928 4038 baccalariandorum,
955 3957 1002 4019 ita
1028 3956 1115 4044 quod
1145 3958 1211 4044 ipsi
1241 3966 1274 4020 et
1299 3954 1434 4042 quilibet
1462 3978 1575 4022 eorum
1609 3983 1755 4042 seorsum,

338 4051 624 4117 vicecancellarius
653 4061 686 4116 et
713 4053 954 4118 examinatores
983 4054 1102 4141 singuli
1129 4079 1190 4142 pro
1216 4056 1361 4143 utrisque
1388 4053 1548 4140 gradibus
1580 4058 1704 4126 decano
1731 4069 1756 4122 et

339 4149 480 4216 deosum
511 4153 632 4218 seniori
653 4153 695 4218 de
716 4151 850 4218 consilio
877 4153 1038 4219 facrdtatis
1067 4157 1191 4220 areium
1218 4157 1252 4219 in
1278 4157 1470 4241 praesencia
1493 4159 1638 4224 omnium
1664 4160 1755 4245 magi·

340 4259 479 4314 strorum
499 4251 540 4316 de
562 4252 696 4318 consilio
717 4251 881 4317 facultatis
903 4255 1027 4318 arcium
1047 4265 1123 4319 tunc
1153 4257 1395 4340 praesenciam,
1426 4257 1523 4321 tactis
1550 4258 1756 4348 corporaliter

342 4352 557 4415 sacrosanctis
580 4353 760 4438 scripturis,
783 4351 843 4417 sub
865 4351 927 4417 hac
947 4355 1053 4419 forma
1073 4355 1198 4418 iurent:

298 4458 331 4515 3⁵
423 4447 517 4534 „Ego
539 4449 586 4514 .N.
606 4451 694 4534 iuro,
716 4452 802 4539 quod
823 4453 955 4518 inantea
976 4454 1016 4519 de
1036 4451 1195 4518 faciendis
1218 4475 1277 4540 per
1298 4477 1350 4519 me
1372 4477 1435 4542 quo
1461 4453 1505 4520 ad
1532 4457 1754 4524 admissionem

338 4549 393 4614 vel
413 4550 627 4614 reieccionem
657 4555 861 4638 temptamini
888 4553 939 4618 vel
961 4555 1104 4618 examini
1126 4575 1212 4618 nunc
1233 4577 1268 4620 se
1293 4553 1571 4640 submittencium,
1594 4581 1689 4647 quem
1709 4553 1754 4620 vel

336 4673 417 4738 quos
448 4671 509 4736 ego
540 4647 709 4716 admittere
732 4652 785 4716 vel
813 4653 936 4719 reicere
956 4652 1073 4735 velim,
1105 4653 1217 4740 quales
1249 4655 1352 4720 eciam
1381 4655 1446 4744 ipsi
1476 4657 1577 4723 miehi
1604 4657 1656 4724 vel
1682 4657 1754 4722 meis

416 4891 427 4942 l
447 4886 560 4942 Sodann
583 4884 621 4939 ist
646 4883 698 4939 auf
718 4885 773 4940 den
796 4885 898 4941 Zusata
924 4887 967 4941 Bl.
987 4890 1038 4940 22³
1064 4885 1096 4958 (s.
1114 4886 1153 4957 u.)
1176 4884 1359 4958 bingewiesen
1385 4888 1437 4944 mit
1457 4889 1513 4944 den
1530 4890 1660 4948 Worten:
1690 4889 1755 4944 Post

335 4973 391 5025 duo
400 4971 484 5042 solia
502 4970 804 5040 immurmurantes,
827 4989 896 5041 praee
913 4973 1000 5026 eriam
1016 4977 1080 5024 etat
1099 4969 1273 5040 publicanda
1290 4978 1317 5026 et
1332 4971 1447 5042 kpende
1463 4973 1494 5028 ia
1513 4973 1633 5032 ὶωσίοιο
1648 4981 1753 5029 seme

336 5075 396 5111 rum
409 5073 462 5127 per
477 5058 615 5110 decomen.

414 5146 430 5198 2
448 5140 528 5196 Em
544 5139 646 5194 nimbi
