<?xml version="1.0" encoding="UTF-8"?>
<!DOCTYPE html PUBLIC "-//W3C//DTD XHTML 1.0 Transitional//EN"
    "http://www.w3.org/TR/xhtml1/DTD/xhtml1-transitional.dtd">
<html xmlns="http://www.w3.org/1999/xhtml" xml:lang="en" lang="en">
 <head>
  <title>
</title>
<meta http-equiv="Content-Type" content="text/html;charset=utf-8" />
  <meta name='ocr-system' content='tesseract 3.04.00' />
  <meta name='ocr-capabilities' content='ocr_page ocr_carea ocr_par ocr_line ocrx_word'/>
</head>
<body>
  <div class='ocr_page' id='page_1' title='image "./diestatutenbche00leipgoog_0046.png"; bbox 0 0 3794 6060; ppageno 0'>
   <div class='ocr_carea' id='block_1_1' title="bbox 572 451 1545 514">
    <p class='ocr_par' dir='ltr' id='par_1_1' title="bbox 572 451 1545 514">
     <span class='ocr_line' id='line_1_1' title="bbox 572 451 1545 514; baseline -0.005 -11"><span class='ocrx_word' id='word_1_1' title='bbox 572 453 623 503; x_wconf 87' lang='lat' dir='ltr'><strong>Die</strong></span> <span class='ocrx_word' id='word_1_2' title='bbox 639 453 821 502; x_wconf 77' lang='lat' dir='ltr'><strong>Reformation</strong></span> <span class='ocrx_word' id='word_1_3' title='bbox 838 466 901 502; x_wconf 84' lang='lat' dir='ltr'><strong>vom</strong></span> <span class='ocrx_word' id='word_1_4' title='bbox 919 451 1002 502; x_wconf 82' lang='lat' dir='ltr'><strong>Jahre</strong></span> <span class='ocrx_word' id='word_1_5' title='bbox 1022 455 1093 502; x_wconf 76' lang='lat'><strong>1⁴9⁶.</strong></span> <span class='ocrx_word' id='word_1_6' title='bbox 1504 451 1545 514; x_wconf 76' lang='lat'><strong>25</strong></span> 
     </span>
    </p>
   </div>
   <div class='ocr_carea' id='block_1_2' title="bbox 121 627 1586 1196">
    <p class='ocr_par' dir='ltr' id='par_1_2' title="bbox 121 627 1586 1196">
     <span class='ocr_line' id='line_1_2' title="bbox 122 627 1545 718; baseline -0.007 -18"><span class='ocrx_word' id='word_1_7' title='bbox 122 634 225 700; x_wconf 83' lang='lat' dir='ltr'><strong>fuerit</strong></span> <span class='ocrx_word' id='word_1_8' title='bbox 268 633 316 699; x_wconf 86' lang='lat' dir='ltr'><strong>Et</strong></span> <span class='ocrx_word' id='word_1_9' title='bbox 335 631 417 715; x_wconf 93' lang='lat' dir='ltr'><strong>boc,</strong></span> <span class='ocrx_word' id='word_1_10' title='bbox 438 633 467 698; x_wconf 91' lang='lat' dir='ltr'><strong>si</strong></span> <span class='ocrx_word' id='word_1_11' title='bbox 486 634 522 697; x_wconf 90' lang='lat' dir='ltr'><strong>in</strong></span> <span class='ocrx_word' id='word_1_12' title='bbox 543 633 627 698; x_wconf 88' lang='lat' dir='ltr'><strong>ista¹</strong></span> <span class='ocrx_word' id='word_1_13' title='bbox 649 634 859 698; x_wconf 73' lang='lat' dir='ltr'><strong>universitate</strong></span> <span class='ocrx_word' id='word_1_14' title='bbox 886 642 961 697; x_wconf 90' lang='lat' dir='ltr'><strong>ante</strong></span> <span class='ocrx_word' id='word_1_15' title='bbox 988 633 1022 696; x_wconf 93' lang='lat' dir='ltr'><strong>in</strong></span> <span class='ocrx_word' id='word_1_16' title='bbox 1050 629 1270 696; x_wconf 90' lang='lat' dir='ltr'><strong>bacoalarium</strong></span> <span class='ocrx_word' id='word_1_17' title='bbox 1298 637 1465 718; x_wconf 87' lang='lat' dir='ltr'><strong>promotus</strong></span> <span class='ocrx_word' id='word_1_18' title='bbox 1493 627 1545 693; x_wconf 80' lang='lat' dir='ltr'><strong>sit</strong></span> 
     </span>
     <span class='ocr_line' id='line_1_3' title="bbox 123 725 1544 816; baseline -0.004 -19"><span class='ocrx_word' id='word_1_19' title='bbox 123 733 157 797; x_wconf 88' lang='lat' dir='ltr'><strong>Si</strong></span> <span class='ocrx_word' id='word_1_20' title='bbox 175 755 255 797; x_wconf 86' lang='lat' dir='ltr'><strong>vero</strong></span> <span class='ocrx_word' id='word_1_21' title='bbox 280 733 413 797; x_wconf 89' lang='lat' dir='ltr'><strong>omnino</strong></span> <span class='ocrx_word' id='word_1_22' title='bbox 433 741 606 798; x_wconf 85' lang='lat' dir='ltr'><strong>extraneus</strong></span> <span class='ocrx_word' id='word_1_23' title='bbox 627 732 734 815; x_wconf 89' lang='lat' dir='ltr'><strong>fuerit,</strong></span> <span class='ocrx_word' id='word_1_24' title='bbox 757 731 799 796; x_wconf 87' lang='lat' dir='ltr'><strong>ad</strong></span> <span class='ocrx_word' id='word_1_25' title='bbox 819 731 940 816; x_wconf 81' lang='lat' dir='ltr'>integri</span> <span class='ocrx_word' id='word_1_26' title='bbox 961 731 1037 796; x_wconf 90' lang='lat' dir='ltr'><strong>anni</strong></span> <span class='ocrx_word' id='word_1_27' title='bbox 1053 729 1248 796; x_wconf 89' lang='lat' dir='ltr'><strong>curriculum</strong></span> <span class='ocrx_word' id='word_1_28' title='bbox 1264 732 1333 796; x_wconf 82' lang='lat' dir='ltr'><strong>vita</strong></span> <span class='ocrx_word' id='word_1_29' title='bbox 1348 739 1380 796; x_wconf 89' lang='lat' dir='ltr'><strong>et</strong></span> <span class='ocrx_word' id='word_1_30' title='bbox 1399 725 1544 793; x_wconf 90' lang='lat' dir='ltr'><strong>moribus</strong></span> 
     </span>
     <span class='ocr_line' id='line_1_4' title="bbox 122 829 1543 920; baseline -0.005 -22"><span class='ocrx_word' id='word_1_31' title='bbox 122 831 369 920; x_wconf 79' lang='lat' dir='ltr'><strong>comprobetur,</strong></span> <span class='ocrx_word' id='word_1_32' title='bbox 388 839 420 895; x_wconf 91' lang='lat' dir='ltr'><strong>et</strong></span> <span class='ocrx_word' id='word_1_33' title='bbox 449 830 579 898; x_wconf 85' lang='lat' dir='ltr'><strong>tandem</strong></span> <span class='ocrx_word' id='word_1_34' title='bbox 607 833 700 897; x_wconf 89' lang='lat' dir='ltr'><strong>iuxta</strong></span> <span class='ocrx_word' id='word_1_35' title='bbox 726 829 888 895; x_wconf 80' lang='lat' dir='ltr'><strong>facultatis</strong></span> <span class='ocrx_word' id='word_1_36' title='bbox 916 832 1033 895; x_wconf 88' lang='lat' dir='ltr'><strong>artium</strong></span> <span class='ocrx_word' id='word_1_37' title='bbox 1065 839 1186 894; x_wconf 89' lang='lat' dir='ltr'><strong>statuta</strong></span> <span class='ocrx_word' id='word_1_38' title='bbox 1213 838 1407 910; x_wconf 78' lang='lat' dir='ltr'>assumatur,</span> <span class='ocrx_word' id='word_1_39' title='bbox 1427 829 1474 893; x_wconf 86' lang='lat' dir='ltr'><strong>ita</strong></span> <span class='ocrx_word' id='word_1_40' title='bbox 1495 835 1543 891; x_wconf 95' lang='lat' dir='ltr'><strong>ta-</strong></span> 
     </span>
     <span class='ocr_line' id='line_1_5' title="bbox 122 926 1544 1018; baseline -0.003 -23"><span class='ocrx_word' id='word_1_41' title='bbox 122 953 202 1012; x_wconf 90' lang='lat' dir='ltr'><strong>men,</strong></span> <span class='ocrx_word' id='word_1_42' title='bbox 223 929 314 1018; x_wconf 91' lang='lat' dir='ltr'><strong>quod</strong></span> <span class='ocrx_word' id='word_1_43' title='bbox 326 937 460 1016; x_wconf 89' lang='lat' dir='ltr'><strong>uterque</strong></span> <span class='ocrx_word' id='word_1_44' title='bbox 474 953 533 995; x_wconf 87' lang='lat' dir='ltr'><strong>sex</strong></span> <span class='ocrx_word' id='word_1_45' title='bbox 544 931 684 996; x_wconf 88' lang='lat' dir='ltr'><strong>florenos</strong></span> <span class='ocrx_word' id='word_1_46' title='bbox 706 951 858 993; x_wconf 89' lang='lat' dir='ltr'><strong>renenses</strong></span> <span class='ocrx_word' id='word_1_47' title='bbox 872 927 986 1010; x_wconf 88' lang='lat' dir='ltr'><strong>solvat,</strong></span> <span class='ocrx_word' id='word_1_48' title='bbox 1011 951 1148 1016; x_wconf 91' lang='lat' dir='ltr'><strong>quorum</strong></span> <span class='ocrx_word' id='word_1_49' title='bbox 1169 928 1326 994; x_wconf 82' lang='lat' dir='ltr'><strong>medietas</strong></span> <span class='ocrx_word' id='word_1_50' title='bbox 1349 926 1444 992; x_wconf 90' lang='lat' dir='ltr'><strong>cedat</strong></span> <span class='ocrx_word' id='word_1_51' title='bbox 1464 926 1544 992; x_wconf 89' lang='lat' dir='ltr'><strong>fisco</strong></span> 
     </span>
     <span class='ocr_line' id='line_1_6' title="bbox 121 1026 1586 1115; baseline -0.003 -22"><span class='ocrx_word' id='word_1_52' title='bbox 121 1028 284 1096; x_wconf 78' lang='lat' dir='ltr'><strong>facultatis</strong></span> <span class='ocrx_word' id='word_1_53' title='bbox 307 1031 443 1113; x_wconf 74' lang='lat' dir='ltr'><strong>mfium,</strong></span> <span class='ocrx_word' id='word_1_54' title='bbox 463 1029 530 1094; x_wconf 86' lang='lat' dir='ltr'><strong>alia</strong></span> <span class='ocrx_word' id='word_1_55' title='bbox 549 1051 626 1095; x_wconf 89' lang='lat' dir='ltr'><strong>vero</strong></span> <span class='ocrx_word' id='word_1_56' title='bbox 648 1027 805 1094; x_wconf 85' lang='lat' dir='ltr'><strong>medietas</strong></span> <span class='ocrx_word' id='word_1_57' title='bbox 827 1050 887 1115; x_wconf 93' lang='lat' dir='ltr'><strong>pro</strong></span> <span class='ocrx_word' id='word_1_58' title='bbox 910 1027 1083 1092; x_wconf 87' lang='lat' dir='ltr'><strong>refectione</strong></span> <span class='ocrx_word' id='word_1_59' title='bbox 1104 1029 1335 1114; x_wconf 88' lang='lat' dir='ltr'><strong>magistrorum</strong></span> <span class='ocrx_word' id='word_1_60' title='bbox 1357 1026 1544 1115; x_wconf 79' lang='lat' dir='ltr'><strong>praedictae</strong></span> <span class='ocrx_word' id='word_1_61' title='bbox 1570 1032 1586 1088; x_wconf 83' lang='lat'>⁵</span> 
     </span>
     <span class='ocr_line' id='line_1_7' title="bbox 121 1125 672 1196; baseline -0.004 -3"><span class='ocrx_word' id='word_1_62' title='bbox 121 1127 283 1194; x_wconf 81' lang='lat' dir='ltr'><strong>facultatis</strong></span> <span class='ocrx_word' id='word_1_63' title='bbox 308 1130 427 1196; x_wconf 85' lang='lat' dir='ltr'><strong>artium</strong></span> <span class='ocrx_word' id='word_1_64' title='bbox 448 1125 672 1192; x_wconf 82' lang='lat' dir='ltr'><strong>distribuatur.</strong></span> 
     </span>
    </p>
   </div>
   <div class='ocr_carea' id='block_1_3' title="bbox 248 1333 1413 1394">
    <p class='ocr_par' dir='ltr' id='par_1_3' title="bbox 248 1333 1413 1394">
     <span class='ocr_line' id='line_1_8' title="bbox 248 1333 1413 1394; baseline -0.004 0"><span class='ocrx_word' id='word_1_65' title='bbox 248 1333 301 1394; x_wconf 76' lang='lat'><strong>26.</strong></span> <span class='ocrx_word' id='word_1_66' title='bbox 323 1345 371 1392; x_wconf 82' lang='lat' dir='ltr'><strong>Da</strong></span> <span class='ocrx_word' id='word_1_67' title='bbox 390 1343 493 1392; x_wconf 78' lang='lat' dir='ltr'><strong>vorle</strong></span> <span class='ocrx_word' id='word_1_68' title='bbox 514 1342 711 1393; x_wconf 72' lang='lat' dir='ltr'><strong>Pnuelrlvls</strong></span> <span class='ocrx_word' id='word_1_69' title='bbox 732 1345 769 1392; x_wconf 76' lang='lat' dir='ltr'><strong>m</strong></span> <span class='ocrx_word' id='word_1_70' title='bbox 789 1343 994 1394; x_wconf 77' lang='lat' dir='ltr'><strong>FAGULTA&#39;PE</strong></span> <span class='ocrx_word' id='word_1_71' title='bbox 1016 1345 1149 1394; x_wconf 74' lang='lat' dir='ltr'><strong>aarum</strong></span> <span class='ocrx_word' id='word_1_72' title='bbox 1168 1343 1413 1393; x_wconf 77' lang='lat' dir='ltr'><strong>PROHIBENDIS.</strong></span> 
     </span>
    </p>
   </div>
   <div class='ocr_carea' id='block_1_4' title="bbox 119 1455 1587 2342">
    <p class='ocr_par' dir='ltr' id='par_1_4' title="bbox 119 1455 1587 2342">
     <span class='ocr_line' id='line_1_9' title="bbox 199 1455 1544 1545; baseline -0.004 -23"><span class='ocrx_word' id='word_1_73' title='bbox 199 1456 363 1524; x_wconf 87' lang='lat' dir='ltr'><strong>Volumus</strong></span> <span class='ocrx_word' id='word_1_74' title='bbox 386 1465 418 1521; x_wconf 91' lang='lat' dir='ltr'><strong>et</strong></span> <span class='ocrx_word' id='word_1_75' title='bbox 439 1457 627 1538; x_wconf 73' lang='lat' dir='ltr'><strong>statuimus,</strong></span> <span class='ocrx_word' id='word_1_76' title='bbox 656 1456 742 1545; x_wconf 91' lang='lat' dir='ltr'><strong>quod</strong></span> <span class='ocrx_word' id='word_1_77' title='bbox 772 1459 922 1543; x_wconf 83' lang='lat' dir='ltr'><strong>magistri</strong></span> <span class='ocrx_word' id='word_1_78' title='bbox 943 1456 984 1521; x_wconf 91' lang='lat' dir='ltr'><strong>de</strong></span> <span class='ocrx_word' id='word_1_79' title='bbox 1013 1457 1147 1523; x_wconf 89' lang='lat' dir='ltr'><strong>consilio</strong></span> <span class='ocrx_word' id='word_1_80' title='bbox 1176 1457 1338 1522; x_wconf 88' lang='lat' dir='ltr'><strong>facultatis</strong></span> <span class='ocrx_word' id='word_1_81' title='bbox 1365 1457 1484 1521; x_wconf 75' lang='lat' dir='ltr'><strong>mtium</strong></span> <span class='ocrx_word' id='word_1_82' title='bbox 1510 1455 1544 1517; x_wconf 93' lang='lat' dir='ltr'><strong>in</strong></span> 
     </span>
     <span class='ocr_line' id='line_1_10' title="bbox 121 1553 1543 1642; baseline -0.005 -19"><span class='ocrx_word' id='word_1_83' title='bbox 121 1557 270 1623; x_wconf 91' lang='lat' dir='ltr'><strong>omnibus</strong></span> <span class='ocrx_word' id='word_1_84' title='bbox 294 1553 582 1622; x_wconf 85' lang='lat' dir='ltr'><strong>convocationibus</strong></span> <span class='ocrx_word' id='word_1_85' title='bbox 611 1557 678 1620; x_wconf 87' lang='lat' dir='ltr'><strong>suis</strong></span> <span class='ocrx_word' id='word_1_86' title='bbox 700 1577 721 1619; x_wconf 92' lang='lat' dir='ltr'><strong>a</strong></span> <span class='ocrx_word' id='word_1_87' title='bbox 739 1558 825 1620; x_wconf 88' lang='lat' dir='ltr'><strong>votis</strong></span> <span class='ocrx_word' id='word_1_88' title='bbox 846 1556 1025 1642; x_wconf 87' lang='lat' dir='ltr'><strong>pungitivis</strong></span> <span class='ocrx_word' id='word_1_89' title='bbox 1047 1566 1079 1620; x_wconf 91' lang='lat' dir='ltr'><strong>et</strong></span> <span class='ocrx_word' id='word_1_90' title='bbox 1098 1558 1263 1622; x_wconf 91' lang='lat' dir='ltr'><strong>iniuriosis</strong></span> <span class='ocrx_word' id='word_1_91' title='bbox 1283 1579 1409 1621; x_wconf 89' lang='lat' dir='ltr'><strong>necnon</strong></span> <span class='ocrx_word' id='word_1_92' title='bbox 1429 1577 1449 1618; x_wconf 89' lang='lat' dir='ltr'><strong>a</strong></span> <span class='ocrx_word' id='word_1_93' title='bbox 1470 1574 1543 1618; x_wconf 92' lang='lat' dir='ltr'><strong>con-</strong></span> 
     </span>
     <span class='ocr_line' id='line_1_11' title="bbox 120 1651 1587 1741; baseline -0.006 -19"><span class='ocrx_word' id='word_1_94' title='bbox 120 1657 212 1722; x_wconf 90' lang='lat' dir='ltr'><strong>viciis</strong></span> <span class='ocrx_word' id='word_1_95' title='bbox 246 1657 379 1721; x_wconf 90' lang='lat' dir='ltr'><strong>omnino</strong></span> <span class='ocrx_word' id='word_1_96' title='bbox 407 1653 609 1737; x_wconf 86' lang='lat' dir='ltr'><strong>abstineant,</strong></span> <span class='ocrx_word' id='word_1_97' title='bbox 637 1654 697 1719; x_wconf 91' lang='lat' dir='ltr'><strong>sub</strong></span> <span class='ocrx_word' id='word_1_98' title='bbox 725 1677 831 1741; x_wconf 86' lang='lat' dir='ltr'><strong>poena</strong></span> <span class='ocrx_word' id='word_1_99' title='bbox 857 1657 954 1720; x_wconf 89' lang='lat' dir='ltr'><strong>trium</strong></span> <span class='ocrx_word' id='word_1_100' title='bbox 983 1655 1179 1720; x_wconf 89' lang='lat' dir='ltr'><strong>florenorum</strong></span> <span class='ocrx_word' id='word_1_101' title='bbox 1207 1657 1353 1722; x_wconf 79' lang='lat' dir='ltr'><strong>facultati</strong></span> <span class='ocrx_word' id='word_1_102' title='bbox 1377 1657 1412 1719; x_wconf 90' lang='lat' dir='ltr'><strong>in</strong></span> <span class='ocrx_word' id='word_1_103' title='bbox 1435 1651 1543 1718; x_wconf 89' lang='lat' dir='ltr'><strong>triduo</strong></span> <span class='ocrx_word' id='word_1_104' title='bbox 1556 1659 1587 1714; x_wconf 88' lang='lat'><strong>10</strong></span> 
     </span>
     <span class='ocr_line' id='line_1_12' title="bbox 119 1752 1544 1841; baseline -0.005 -20"><span class='ocrx_word' id='word_1_105' title='bbox 119 1755 390 1822; x_wconf 86' lang='lat' dir='ltr'><strong>irremissibiliter</strong></span> <span class='ocrx_word' id='word_1_106' title='bbox 421 1752 719 1841; x_wconf 88' lang='lat' dir='ltr'><strong>persolvendorum.</strong></span> <span class='ocrx_word' id='word_1_107' title='bbox 768 1752 874 1834; x_wconf 82' lang='lat' dir='ltr'><strong>Quam</strong></span> <span class='ocrx_word' id='word_1_108' title='bbox 907 1755 934 1818; x_wconf 89' lang='lat' dir='ltr'><strong>si</strong></span> <span class='ocrx_word' id='word_1_109' title='bbox 969 1756 1207 1820; x_wconf 86' lang='lat' dir='ltr'><strong>contrafaciens</strong></span> <span class='ocrx_word' id='word_1_110' title='bbox 1235 1777 1301 1820; x_wconf 92' lang='lat' dir='ltr'><strong>non</strong></span> <span class='ocrx_word' id='word_1_111' title='bbox 1330 1753 1463 1820; x_wconf 85' lang='lat' dir='ltr'><strong>solverit</strong></span> <span class='ocrx_word' id='word_1_112' title='bbox 1489 1759 1544 1816; x_wconf 88' lang='lat' dir='ltr'><strong>aut</strong></span> 
     </span>
     <span class='ocr_line' id='line_1_13' title="bbox 120 1853 1543 1944; baseline -0.006 -23"><span class='ocrx_word' id='word_1_113' title='bbox 120 1856 309 1944; x_wconf 82' lang='lat' dir='ltr'><strong>persolvere</strong></span> <span class='ocrx_word' id='word_1_114' title='bbox 329 1856 365 1918; x_wconf 91' lang='lat' dir='ltr'><strong>in</strong></span> <span class='ocrx_word' id='word_1_115' title='bbox 384 1853 492 1918; x_wconf 90' lang='lat' dir='ltr'><strong>triduo</strong></span> <span class='ocrx_word' id='word_1_116' title='bbox 513 1854 727 1935; x_wconf 83' lang='lat' dir='ltr'><strong>recusaverit,</strong></span> <span class='ocrx_word' id='word_1_117' title='bbox 751 1863 861 1918; x_wconf 84' lang='lat' dir='ltr'><strong>careat</strong></span> <span class='ocrx_word' id='word_1_118' title='bbox 881 1855 1122 1940; x_wconf 89' lang='lat' dir='ltr'><strong>aotnregentiae</strong></span> <span class='ocrx_word' id='word_1_119' title='bbox 1148 1877 1206 1941; x_wconf 93' lang='lat' dir='ltr'><strong>per</strong></span> <span class='ocrx_word' id='word_1_120' title='bbox 1226 1855 1389 1940; x_wconf 89' lang='lat' dir='ltr'><strong>integrum</strong></span> <span class='ocrx_word' id='word_1_121' title='bbox 1414 1871 1543 1931; x_wconf 89' lang='lat' dir='ltr'><strong>annum,</strong></span> 
     </span>
     <span class='ocr_line' id='line_1_14' title="bbox 120 1946 1545 2044; baseline -0.004 -24"><span class='ocrx_word' id='word_1_122' title='bbox 120 1979 289 2044; x_wconf 86' lang='lat' dir='ltr'><strong>quousque</strong></span> <span class='ocrx_word' id='word_1_123' title='bbox 318 1951 501 2018; x_wconf 88' lang='lat' dir='ltr'><strong>huiusmodi</strong></span> <span class='ocrx_word' id='word_1_124' title='bbox 521 1973 660 2038; x_wconf 85' lang='lat' dir='ltr'><strong>poenam</strong></span> <span class='ocrx_word' id='word_1_125' title='bbox 686 1951 895 2018; x_wconf 86' lang='lat' dir='ltr'><strong>effectualiter</strong></span> <span class='ocrx_word' id='word_1_126' title='bbox 921 1952 1129 2040; x_wconf 87' lang='lat' dir='ltr'><strong>persolverit,</strong></span> <span class='ocrx_word' id='word_1_127' title='bbox 1158 1951 1249 2018; x_wconf 89' lang='lat' dir='ltr'><strong>salvo</strong></span> <span class='ocrx_word' id='word_1_128' title='bbox 1277 1973 1315 2018; x_wconf 93' lang='lat' dir='ltr'><strong>eo</strong></span> <span class='ocrx_word' id='word_1_129' title='bbox 1338 1950 1425 2040; x_wconf 91' lang='lat' dir='ltr'><strong>quod</strong></span> <span class='ocrx_word' id='word_1_130' title='bbox 1446 1946 1545 2015; x_wconf 90' lang='lat' dir='ltr'><strong>facul·</strong></span> 
     </span>
     <span class='ocr_line' id='line_1_15' title="bbox 121 2051 1543 2142; baseline -0.004 -22"><span class='ocrx_word' id='word_1_131' title='bbox 121 2065 169 2120; x_wconf 89' lang='lat' dir='ltr'><strong>tas</strong></span> <span class='ocrx_word' id='word_1_132' title='bbox 197 2058 275 2142; x_wconf 90' lang='lat' dir='ltr'><strong>ipsa</strong></span> <span class='ocrx_word' id='word_1_133' title='bbox 297 2051 464 2117; x_wconf 87' lang='lat' dir='ltr'><strong>discernat</strong></span> <span class='ocrx_word' id='word_1_134' title='bbox 494 2060 551 2116; x_wconf 90' lang='lat' dir='ltr'><strong>aut</strong></span> <span class='ocrx_word' id='word_1_135' title='bbox 576 2051 761 2117; x_wconf 88' lang='lat' dir='ltr'><strong>discernere</strong></span> <span class='ocrx_word' id='word_1_136' title='bbox 782 2051 915 2134; x_wconf 90' lang='lat' dir='ltr'><strong>babeat,</strong></span> <span class='ocrx_word' id='word_1_137' title='bbox 948 2074 990 2116; x_wconf 89' lang='lat' dir='ltr'><strong>an</strong></span> <span class='ocrx_word' id='word_1_138' title='bbox 1010 2053 1054 2134; x_wconf 90' lang='lat' dir='ltr'><strong>is,</strong></span> <span class='ocrx_word' id='word_1_139' title='bbox 1078 2053 1133 2139; x_wconf 90' lang='lat' dir='ltr'><strong>qui</strong></span> <span class='ocrx_word' id='word_1_140' title='bbox 1156 2051 1295 2138; x_wconf 81' lang='lat' dir='ltr'><strong>aliquem</strong></span> <span class='ocrx_word' id='word_1_141' title='bbox 1315 2051 1543 2137; x_wconf 85' lang='lat' dir='ltr'><strong>magistrorum</strong></span> 
     </span>
     <span class='ocr_line' id='line_1_16' title="bbox 120 2149 1587 2242; baseline -0.005 -24"><span class='ocrx_word' id='word_1_142' title='bbox 120 2157 302 2242; x_wconf 87' lang='lat' dir='ltr'><strong>pupugisse</strong></span> <span class='ocrx_word' id='word_1_143' title='bbox 328 2149 546 2233; x_wconf 86' lang='lat' dir='ltr'><strong>contenditur,</strong></span> <span class='ocrx_word' id='word_1_144' title='bbox 569 2159 683 2216; x_wconf 91' lang='lat' dir='ltr'><strong>contra</strong></span> <span class='ocrx_word' id='word_1_145' title='bbox 704 2149 908 2238; x_wconf 88' lang='lat' dir='ltr'><strong>praedictum</strong></span> <span class='ocrx_word' id='word_1_146' title='bbox 935 2159 1090 2216; x_wconf 88' lang='lat' dir='ltr'><strong>statutum</strong></span> <span class='ocrx_word' id='word_1_147' title='bbox 1115 2171 1188 2214; x_wconf 90' lang='lat' dir='ltr'><strong>cum</strong></span> <span class='ocrx_word' id='word_1_148' title='bbox 1220 2151 1334 2216; x_wconf 86' lang='lat' dir='ltr'><strong>effectu</strong></span> <span class='ocrx_word' id='word_1_149' title='bbox 1365 2149 1545 2237; x_wconf 88' lang='lat' dir='ltr'><strong>deliquerit,</strong></span> <span class='ocrx_word' id='word_1_150' title='bbox 1557 2157 1587 2212; x_wconf 80' lang='lat'><strong>15</strong></span> 
     </span>
     <span class='ocr_line' id='line_1_17' title="bbox 120 2247 1106 2342; baseline -0.005 -24"><span class='ocrx_word' id='word_1_151' title='bbox 120 2255 172 2342; x_wconf 91' lang='lat' dir='ltr'><strong>qui</strong></span> <span class='ocrx_word' id='word_1_152' title='bbox 192 2265 346 2341; x_wconf 89' lang='lat' dir='ltr'><strong>tempore</strong></span> <span class='ocrx_word' id='word_1_153' title='bbox 367 2249 571 2316; x_wconf 88' lang='lat' dir='ltr'><strong>discretionis</strong></span> <span class='ocrx_word' id='word_1_154' title='bbox 594 2247 779 2315; x_wconf 90' lang='lat' dir='ltr'><strong>huiusmodi</strong></span> <span class='ocrx_word' id='word_1_155' title='bbox 799 2248 914 2316; x_wconf 88' lang='lat' dir='ltr'><strong>cedere</strong></span> <span class='ocrx_word' id='word_1_156' title='bbox 934 2248 1106 2336; x_wconf 75' lang='lat' dir='ltr'><strong>tenebitur.</strong></span> 
     </span>
    </p>
   </div>
   <div class='ocr_carea' id='block_1_5' title="bbox 557 2452 1108 2516">
    <p class='ocr_par' dir='ltr' id='par_1_5' title="bbox 557 2452 1108 2516">
     <span class='ocr_line' id='line_1_18' title="bbox 557 2452 1108 2516; baseline 0 -4"><span class='ocrx_word' id='word_1_157' title='bbox 557 2452 607 2512; x_wconf 84' lang='lat'><strong>27.</strong></span> <span class='ocrx_word' id='word_1_158' title='bbox 628 2465 677 2512; x_wconf 82' lang='lat' dir='ltr'><strong>ms</strong></span> <span class='ocrx_word' id='word_1_159' title='bbox 697 2465 850 2514; x_wconf 74' lang='lat' dir='ltr'><strong>ruarmo</strong></span> <span class='ocrx_word' id='word_1_160' title='bbox 870 2465 1108 2516; x_wconf 75' lang='lat' dir='ltr'><strong>suessorum.</strong></span> 
     </span>
    </p>
   </div>
   <div class='ocr_carea' id='block_1_6' title="bbox 118 2576 1587 3164">
    <p class='ocr_par' dir='ltr' id='par_1_6' title="bbox 118 2576 1587 3164">
     <span class='ocr_line' id='line_1_19' title="bbox 200 2576 1547 2664; baseline -0.004 -17"><span class='ocrx_word' id='word_1_161' title='bbox 200 2581 386 2648; x_wconf 88' lang='lat' dir='ltr'><strong>Statuimus</strong></span> <span class='ocrx_word' id='word_1_162' title='bbox 413 2589 445 2646; x_wconf 90' lang='lat' dir='ltr'><strong>et</strong></span> <span class='ocrx_word' id='word_1_163' title='bbox 471 2578 676 2660; x_wconf 89' lang='lat' dir='ltr'><strong>ordinamus,</strong></span> <span class='ocrx_word' id='word_1_164' title='bbox 711 2576 797 2664; x_wconf 90' lang='lat' dir='ltr'><strong>quod</strong></span> <span class='ocrx_word' id='word_1_165' title='bbox 825 2578 890 2644; x_wconf 88' lang='lat' dir='ltr'><strong>tale</strong></span> <span class='ocrx_word' id='word_1_166' title='bbox 917 2577 1090 2664; x_wconf 90' lang='lat' dir='ltr'><strong>prandium</strong></span> <span class='ocrx_word' id='word_1_167' title='bbox 1112 2579 1297 2645; x_wconf 88' lang='lat' dir='ltr'><strong>Arestotilis</strong></span> <span class='ocrx_word' id='word_1_168' title='bbox 1324 2577 1477 2664; x_wconf 89' lang='lat' dir='ltr'><strong>deinceps</strong></span> <span class='ocrx_word' id='word_1_169' title='bbox 1500 2577 1547 2642; x_wconf 90' lang='lat' dir='ltr'><strong>sic</strong></span> 
     </span>
     <span class='ocr_line' id='line_1_20' title="bbox 118 2675 1544 2766; baseline -0.006 -18"><span class='ocrx_word' id='word_1_170' title='bbox 118 2681 323 2762; x_wconf 90' lang='lat' dir='ltr'><strong>moderetur,</strong></span> <span class='ocrx_word' id='word_1_171' title='bbox 346 2678 433 2766; x_wconf 93' lang='lat' dir='ltr'><strong>quod</strong></span> <span class='ocrx_word' id='word_1_172' title='bbox 452 2678 554 2744; x_wconf 91' lang='lat' dir='ltr'><strong>solum</strong></span> <span class='ocrx_word' id='word_1_173' title='bbox 577 2699 635 2742; x_wconf 88' lang='lat' dir='ltr'><strong>sex</strong></span> <span class='ocrx_word' id='word_1_174' title='bbox 655 2675 778 2742; x_wconf 89' lang='lat' dir='ltr'><strong>fercula</strong></span> <span class='ocrx_word' id='word_1_175' title='bbox 800 2678 872 2743; x_wconf 87' lang='lat' dir='ltr'><strong>dari</strong></span> <span class='ocrx_word' id='word_1_176' title='bbox 893 2676 1035 2744; x_wconf 89' lang='lat' dir='ltr'><strong>debeant</strong></span> <span class='ocrx_word' id='word_1_177' title='bbox 1060 2680 1221 2761; x_wconf 83' lang='lat' dir='ltr'><strong>invitatis,</strong></span> <span class='ocrx_word' id='word_1_178' title='bbox 1249 2691 1282 2745; x_wconf 90' lang='lat' dir='ltr'><strong>et</strong></span> <span class='ocrx_word' id='word_1_179' title='bbox 1309 2680 1350 2744; x_wconf 89' lang='lat' dir='ltr'><strong>de</strong></span> <span class='ocrx_word' id='word_1_180' title='bbox 1377 2679 1453 2742; x_wconf 89' lang='lat' dir='ltr'><strong>vino</strong></span> <span class='ocrx_word' id='word_1_181' title='bbox 1479 2697 1544 2740; x_wconf 90' lang='lat' dir='ltr'><strong>me-</strong></span> 
     </span>
     <span class='ocr_line' id='line_1_21' title="bbox 120 2775 1587 2866; baseline -0.005 -20"><span class='ocrx_word' id='word_1_182' title='bbox 120 2781 191 2846; x_wconf 90' lang='lat' dir='ltr'><strong>liori</strong></span> <span class='ocrx_word' id='word_1_183' title='bbox 220 2801 284 2866; x_wconf 91' lang='lat' dir='ltr'><strong>pro</strong></span> <span class='ocrx_word' id='word_1_184' title='bbox 311 2776 458 2866; x_wconf 88' lang='lat' dir='ltr'><strong>qnalibet</strong></span> <span class='ocrx_word' id='word_1_185' title='bbox 482 2798 595 2841; x_wconf 90' lang='lat' dir='ltr'><strong>mensa</strong></span> <span class='ocrx_word' id='word_1_186' title='bbox 619 2797 685 2840; x_wconf 87' lang='lat' dir='ltr'><strong>una</strong></span> <span class='ocrx_word' id='word_1_187' title='bbox 713 2797 833 2862; x_wconf 90' lang='lat' dir='ltr'><strong>scopa,</strong></span> <span class='ocrx_word' id='word_1_188' title='bbox 860 2777 988 2864; x_wconf 89' lang='lat' dir='ltr'><strong>aliaque</strong></span> <span class='ocrx_word' id='word_1_189' title='bbox 1014 2779 1091 2842; x_wconf 83' lang='lat' dir='ltr'><strong>vina</strong></span> <span class='ocrx_word' id='word_1_190' title='bbox 1123 2787 1155 2842; x_wconf 89' lang='lat' dir='ltr'><strong>et</strong></span> <span class='ocrx_word' id='word_1_191' title='bbox 1175 2780 1309 2865; x_wconf 85' lang='lat' dir='ltr'><strong>potegia</strong></span> <span class='ocrx_word' id='word_1_192' title='bbox 1329 2786 1460 2864; x_wconf 87' lang='lat' dir='ltr'><strong>praeter</strong></span> <span class='ocrx_word' id='word_1_193' title='bbox 1480 2775 1587 2839; x_wconf 66' lang='lat' dir='ltr'><strong>istam</strong></span> 
     </span>
     <span class='ocr_line' id='line_1_22' title="bbox 120 2873 1543 2968; baseline -0.006 -22"><span class='ocrx_word' id='word_1_194' title='bbox 120 2887 257 2968; x_wconf 90' lang='lat' dir='ltr'><strong>possunt</strong></span> <span class='ocrx_word' id='word_1_195' title='bbox 276 2877 456 2942; x_wconf 89' lang='lat' dir='ltr'><strong>ministrari</strong></span> <span class='ocrx_word' id='word_1_196' title='bbox 477 2884 601 2940; x_wconf 78' lang='lat' dir='ltr'><strong>tanum</strong></span> <span class='ocrx_word' id='word_1_197' title='bbox 626 2883 781 2961; x_wconf 87' lang='lat' dir='ltr'><strong>quantum</strong></span> <span class='ocrx_word' id='word_1_198' title='bbox 801 2877 978 2940; x_wconf 87' lang='lat' dir='ltr'><strong>necessitas</strong></span> <span class='ocrx_word' id='word_1_199' title='bbox 999 2879 1117 2964; x_wconf 84' lang='lat' dir='ltr'><strong>exigit,</strong></span> <span class='ocrx_word' id='word_1_200' title='bbox 1146 2885 1178 2941; x_wconf 91' lang='lat' dir='ltr'><strong>et</strong></span> <span class='ocrx_word' id='word_1_201' title='bbox 1200 2886 1314 2942; x_wconf 88' lang='lat' dir='ltr'><strong>caveat</strong></span> <span class='ocrx_word' id='word_1_202' title='bbox 1335 2875 1477 2941; x_wconf 89' lang='lat' dir='ltr'><strong>decanus</strong></span> <span class='ocrx_word' id='word_1_203' title='bbox 1498 2873 1543 2938; x_wconf 89' lang='lat' dir='ltr'><strong>fa·</strong></span> 
     </span>
     <span class='ocr_line' id='line_1_23' title="bbox 121 2971 1544 3062; baseline -0.005 -17"><span class='ocrx_word' id='word_1_204' title='bbox 121 2979 249 3046; x_wconf 89' lang='lat' dir='ltr'><strong>cultatis</strong></span> <span class='ocrx_word' id='word_1_205' title='bbox 272 2977 394 3042; x_wconf 86' lang='lat' dir='ltr'><strong>artium</strong></span> <span class='ocrx_word' id='word_1_206' title='bbox 414 2997 480 3040; x_wconf 88' lang='lat' dir='ltr'><strong>una</strong></span> <span class='ocrx_word' id='word_1_207' title='bbox 502 2995 574 3040; x_wconf 91' lang='lat' dir='ltr'><strong>cum</strong></span> <span class='ocrx_word' id='word_1_208' title='bbox 607 2973 899 3056; x_wconf 88' lang='lat' dir='ltr'><strong>examinatoribus,</strong></span> <span class='ocrx_word' id='word_1_209' title='bbox 928 2997 970 3040; x_wconf 92' lang='lat' dir='ltr'><strong>ne</strong></span> <span class='ocrx_word' id='word_1_210' title='bbox 996 2976 1236 3060; x_wconf 86' lang='lat' dir='ltr'><strong>magistrandos</strong></span> <span class='ocrx_word' id='word_1_211' title='bbox 1264 2977 1298 3040; x_wconf 91' lang='lat' dir='ltr'><strong>in</strong></span> <span class='ocrx_word' id='word_1_212' title='bbox 1318 2976 1380 3041; x_wconf 93' lang='lat' dir='ltr'><strong>boc</strong></span> <span class='ocrx_word' id='word_1_213' title='bbox 1406 2971 1544 3062; x_wconf 87' lang='lat' dir='ltr'><strong>prandio</strong></span> 
     </span>
     <span class='ocr_line' id='line_1_24' title="bbox 118 3070 1546 3164; baseline -0.006 -20"><span class='ocrx_word' id='word_1_214' title='bbox 118 3081 150 3144; x_wconf 92' lang='lat' dir='ltr'><strong>in</strong></span> <span class='ocrx_word' id='word_1_215' title='bbox 172 3074 312 3144; x_wconf 89' lang='lat' dir='ltr'><strong>emendo</strong></span> <span class='ocrx_word' id='word_1_216' title='bbox 334 3075 411 3142; x_wconf 85' lang='lat' dir='ltr'><strong>vina</strong></span> <span class='ocrx_word' id='word_1_217' title='bbox 431 3075 580 3162; x_wconf 86' lang='lat' dir='ltr'><strong>preciosa</strong></span> <span class='ocrx_word' id='word_1_218' title='bbox 601 3074 736 3137; x_wconf 91' lang='lat' dir='ltr'><strong>nimium</strong></span> <span class='ocrx_word' id='word_1_219' title='bbox 755 3081 905 3158; x_wconf 86' lang='lat' dir='ltr'><strong>gravant,</strong></span> <span class='ocrx_word' id='word_1_220' title='bbox 929 3095 1025 3160; x_wconf 90' lang='lat' dir='ltr'><strong>super</strong></span> <span class='ocrx_word' id='word_1_221' title='bbox 1047 3099 1110 3164; x_wconf 92' lang='lat' dir='ltr'><strong>quo</strong></span> <span class='ocrx_word' id='word_1_222' title='bbox 1131 3085 1201 3140; x_wconf 90' lang='lat' dir='ltr'><strong>tota</strong></span> <span class='ocrx_word' id='word_1_223' title='bbox 1221 3074 1360 3141; x_wconf 85' lang='lat' dir='ltr'><strong>facultas</strong></span> <span class='ocrx_word' id='word_1_224' title='bbox 1377 3070 1546 3138; x_wconf 90' lang='lat' dir='ltr'><strong>intendere</strong></span> 
     </span>
    </p>
   </div>
   <div class='ocr_carea' id='block_1_7' title="bbox 119 3177 247 3244">
    <p class='ocr_par' dir='ltr' id='par_1_7' title="bbox 119 3177 247 3244">
     <span class='ocr_line' id='line_1_25' title="bbox 119 3177 247 3244; baseline -0.023 -1"><span class='ocrx_word' id='word_1_225' title='bbox 119 3177 247 3244; x_wconf 90' lang='lat' dir='ltr'><strong>habeat.</strong></span> 
     </span>
    </p>
   </div>
   <div class='ocr_carea' id='block_1_8' title="bbox 520 3375 1586 3449">
    <p class='ocr_par' dir='ltr' id='par_1_8' title="bbox 520 3375 1586 3449">
     <span class='ocr_line' id='line_1_26' title="bbox 520 3375 1586 3449; baseline -0.004 -11"><span class='ocrx_word' id='word_1_226' title='bbox 520 3375 570 3438; x_wconf 82' lang='lat'><strong>28.</strong></span> <span class='ocrx_word' id='word_1_227' title='bbox 592 3390 640 3437; x_wconf 83' lang='lat' dir='ltr'><strong>na</strong></span> <span class='ocrx_word' id='word_1_228' title='bbox 663 3387 890 3449; x_wconf 80' lang='lat' dir='ltr'><strong>ouoonmaro</strong></span> <span class='ocrx_word' id='word_1_229' title='bbox 910 3387 1145 3438; x_wconf 79' lang='lat' dir='ltr'><strong>msrurnuno.</strong></span> <span class='ocrx_word' id='word_1_230' title='bbox 1552 3375 1586 3434; x_wconf 78' lang='lat'><strong>25</strong></span> 
     </span>
    </p>
   </div>
   <div class='ocr_carea' id='block_1_9' title="bbox 120 3499 1586 4184">
    <p class='ocr_par' dir='ltr' id='par_1_9' title="bbox 120 3499 1586 4184">
     <span class='ocr_line' id='line_1_27' title="bbox 203 3499 1542 3589; baseline -0.006 -17"><span class='ocrx_word' id='word_1_231' title='bbox 203 3503 366 3572; x_wconf 88' lang='lat' dir='ltr'><strong>Volumus</strong></span> <span class='ocrx_word' id='word_1_232' title='bbox 388 3511 421 3568; x_wconf 86' lang='lat' dir='ltr'><strong>ct</strong></span> <span class='ocrx_word' id='word_1_233' title='bbox 440 3502 637 3586; x_wconf 89' lang='lat' dir='ltr'><strong>ordinamus,</strong></span> <span class='ocrx_word' id='word_1_234' title='bbox 658 3511 695 3566; x_wconf 90' lang='lat' dir='ltr'><strong>ut</strong></span> <span class='ocrx_word' id='word_1_235' title='bbox 714 3499 935 3589; x_wconf 89' lang='lat' dir='ltr'><strong>quodlibetum</strong></span> <span class='ocrx_word' id='word_1_236' title='bbox 953 3499 1106 3589; x_wconf 89' lang='lat' dir='ltr'><strong>deinceps</strong></span> <span class='ocrx_word' id='word_1_237' title='bbox 1128 3513 1160 3568; x_wconf 91' lang='lat' dir='ltr'><strong>et</strong></span> <span class='ocrx_word' id='word_1_238' title='bbox 1179 3503 1214 3568; x_wconf 89' lang='lat' dir='ltr'><strong>in</strong></span> <span class='ocrx_word' id='word_1_239' title='bbox 1235 3503 1378 3568; x_wconf 78' lang='lat' dir='ltr'><strong>buturum</strong></span> <span class='ocrx_word' id='word_1_240' title='bbox 1395 3501 1436 3566; x_wconf 93' lang='lat' dir='ltr'><strong>de</strong></span> <span class='ocrx_word' id='word_1_241' title='bbox 1451 3501 1542 3589; x_wconf 90' lang='lat' dir='ltr'><strong>quin·</strong></span> 
     </span>
     <span class='ocr_line' id='line_1_28' title="bbox 120 3598 1545 3695; baseline -0.006 -22"><span class='ocrx_word' id='word_1_242' title='bbox 120 3607 259 3695; x_wconf 89' lang='lat' dir='ltr'><strong>quennio</strong></span> <span class='ocrx_word' id='word_1_243' title='bbox 282 3604 319 3668; x_wconf 90' lang='lat' dir='ltr'><strong>in</strong></span> <span class='ocrx_word' id='word_1_244' title='bbox 341 3603 593 3690; x_wconf 88' lang='lat' dir='ltr'><strong>quinquennium</strong></span> <span class='ocrx_word' id='word_1_245' title='bbox 617 3602 808 3688; x_wconf 89' lang='lat' dir='ltr'><strong>disputetur,</strong></span> <span class='ocrx_word' id='word_1_246' title='bbox 829 3608 863 3664; x_wconf 91' lang='lat' dir='ltr'><strong>et</strong></span> <span class='ocrx_word' id='word_1_247' title='bbox 875 3600 982 3686; x_wconf 88' lang='lat' dir='ltr'><strong>prima</strong></span> <span class='ocrx_word' id='word_1_248' title='bbox 1004 3599 1175 3666; x_wconf 87' lang='lat' dir='ltr'><strong>collatione</strong></span> <span class='ocrx_word' id='word_1_249' title='bbox 1197 3601 1435 3692; x_wconf 80' lang='lat' dir='ltr'><strong>depositapost¹</strong></span> <span class='ocrx_word' id='word_1_250' title='bbox 1447 3598 1545 3664; x_wconf 89' lang='lat' dir='ltr'><strong>finem</strong></span> 
     </span>
     <span class='ocr_line' id='line_1_29' title="bbox 122 3697 1543 3786; baseline -0.006 -16"><span class='ocrx_word' id='word_1_251' title='bbox 122 3702 309 3770; x_wconf 90' lang='lat' dir='ltr'><strong>huiusmodi</strong></span> <span class='ocrx_word' id='word_1_252' title='bbox 330 3709 421 3766; x_wconf 88' lang='lat' dir='ltr'><strong>actus</strong></span> <span class='ocrx_word' id='word_1_253' title='bbox 443 3700 600 3766; x_wconf 88' lang='lat' dir='ltr'><strong>laboriosi</strong></span> <span class='ocrx_word' id='word_1_254' title='bbox 621 3720 681 3786; x_wconf 92' lang='lat' dir='ltr'><strong>pro</strong></span> <span class='ocrx_word' id='word_1_255' title='bbox 704 3697 852 3764; x_wconf 90' lang='lat' dir='ltr'><strong>omnibus</strong></span> <span class='ocrx_word' id='word_1_256' title='bbox 872 3700 1038 3786; x_wconf 88' lang='lat' dir='ltr'><strong>magistris</strong></span> <span class='ocrx_word' id='word_1_257' title='bbox 1061 3709 1093 3765; x_wconf 88' lang='lat' dir='ltr'><strong>et</strong></span> <span class='ocrx_word' id='word_1_258' title='bbox 1113 3699 1301 3768; x_wconf 90' lang='lat' dir='ltr'><strong>doctoribus</strong></span> <span class='ocrx_word' id='word_1_259' title='bbox 1330 3699 1459 3766; x_wconf 89' lang='lat' dir='ltr'><strong>collatio</strong></span> <span class='ocrx_word' id='word_1_260' title='bbox 1481 3697 1543 3764; x_wconf 87' lang='lat' dir='ltr'><strong>sol-</strong></span> 
     </span>
     <span class='ocr_line' id='line_1_30' title="bbox 121 3797 1543 3887; baseline -0.006 -17"><span class='ocrx_word' id='word_1_261' title='bbox 121 3804 235 3870; x_wconf 89' lang='lat' dir='ltr'><strong>lemnis</strong></span> <span class='ocrx_word' id='word_1_262' title='bbox 257 3798 454 3887; x_wconf 89' lang='lat' dir='ltr'><strong>expediatur</strong></span> <span class='ocrx_word' id='word_1_263' title='bbox 472 3821 511 3864; x_wconf 85' lang='lat' dir='ltr'><strong>ac</strong></span> <span class='ocrx_word' id='word_1_264' title='bbox 532 3797 720 3864; x_wconf 89' lang='lat' dir='ltr'><strong>celebretur.</strong></span> <span class='ocrx_word' id='word_1_265' title='bbox 769 3797 815 3863; x_wconf 85' lang='lat' dir='ltr'><strong>Et</strong></span> <span class='ocrx_word' id='word_1_266' title='bbox 840 3797 953 3864; x_wconf 90' lang='lat' dir='ltr'><strong>electio</strong></span> <span class='ocrx_word' id='word_1_267' title='bbox 976 3797 1204 3886; x_wconf 88' lang='lat' dir='ltr'><strong>quodlibetarii</strong></span> <span class='ocrx_word' id='word_1_268' title='bbox 1228 3821 1355 3886; x_wconf 89' lang='lat' dir='ltr'><strong>semper</strong></span> <span class='ocrx_word' id='word_1_269' title='bbox 1375 3798 1433 3863; x_wconf 89' lang='lat' dir='ltr'><strong>fiat</strong></span> <span class='ocrx_word' id='word_1_270' title='bbox 1454 3799 1543 3862; x_wconf 68' lang='lat' dir='ltr'><strong>cuca</strong></span> 
     </span>
     <span class='ocr_line' id='line_1_31' title="bbox 123 3896 1586 3985; baseline -0.003 -17"><span class='ocrx_word' id='word_1_271' title='bbox 123 3903 241 3968; x_wconf 88' lang='lat' dir='ltr'><strong>festum</strong></span> <span class='ocrx_word' id='word_1_272' title='bbox 264 3901 371 3966; x_wconf 88' lang='lat' dir='ltr'><strong>sancti</strong></span> <span class='ocrx_word' id='word_1_273' title='bbox 391 3897 649 3980; x_wconf 85' lang='lat' dir='ltr'><strong>Bartholomaei,</strong></span> <span class='ocrx_word' id='word_1_274' title='bbox 672 3920 735 3985; x_wconf 94' lang='lat' dir='ltr'><strong>quo</strong></span> <span class='ocrx_word' id='word_1_275' title='bbox 758 3896 860 3962; x_wconf 90' lang='lat' dir='ltr'><strong>electo</strong></span> <span class='ocrx_word' id='word_1_276' title='bbox 882 3920 941 3984; x_wconf 90' lang='lat' dir='ltr'><strong>per</strong></span> <span class='ocrx_word' id='word_1_277' title='bbox 968 3897 1155 3964; x_wconf 84' lang='lat' dir='ltr'><strong>facultatem</strong></span> <span class='ocrx_word' id='word_1_278' title='bbox 1174 3899 1292 3964; x_wconf 90' lang='lat' dir='ltr'><strong>artium</strong></span> <span class='ocrx_word' id='word_1_279' title='bbox 1313 3897 1400 3964; x_wconf 91' lang='lat' dir='ltr'><strong>idem</strong></span> <span class='ocrx_word' id='word_1_280' title='bbox 1421 3896 1586 3964; x_wconf 85' lang='lat' dir='ltr'><strong>electus30</strong></span> 
     </span>
     <span class='ocr_line' id='line_1_32' title="bbox 121 3994 1544 4088; baseline -0.004 -22"><span class='ocrx_word' id='word_1_281' title='bbox 121 4002 304 4088; x_wconf 87' lang='lat' dir='ltr'><strong>praefatum</strong></span> <span class='ocrx_word' id='word_1_282' title='bbox 329 3997 549 4086; x_wconf 91' lang='lat' dir='ltr'><strong>quodlibetum</strong></span> <span class='ocrx_word' id='word_1_283' title='bbox 570 4006 645 4082; x_wconf 87' lang='lat' dir='ltr'><strong>post</strong></span> <span class='ocrx_word' id='word_1_284' title='bbox 664 3996 791 4083; x_wconf 89' lang='lat' dir='ltr'><strong>lapsum</strong></span> <span class='ocrx_word' id='word_1_285' title='bbox 815 3994 958 4062; x_wconf 90' lang='lat' dir='ltr'><strong>eiusdem</strong></span> <span class='ocrx_word' id='word_1_286' title='bbox 982 3998 1059 4062; x_wconf 90' lang='lat' dir='ltr'><strong>anni</strong></span> <span class='ocrx_word' id='word_1_287' title='bbox 1084 3998 1175 4062; x_wconf 88' lang='lat' dir='ltr'><strong>circa</strong></span> <span class='ocrx_word' id='word_1_288' title='bbox 1199 3997 1402 4085; x_wconf 90' lang='lat' dir='ltr'><strong>praedictum</strong></span> <span class='ocrx_word' id='word_1_289' title='bbox 1427 3996 1544 4062; x_wconf 86' lang='lat' dir='ltr'><strong>festum</strong></span> 
     </span>
     <span class='ocr_line' id='line_1_33' title="bbox 121 4095 697 4184; baseline -0.007 -20"><span class='ocrx_word' id='word_1_290' title='bbox 121 4099 342 4166; x_wconf 80' lang='lat' dir='ltr'><strong>bartolomaei</strong></span> <span class='ocrx_word' id='word_1_291' title='bbox 363 4097 531 4184; x_wconf 87' lang='lat' dir='ltr'><strong>disputare</strong></span> <span class='ocrx_word' id='word_1_292' title='bbox 551 4095 697 4181; x_wconf 89' lang='lat' dir='ltr'><strong>incipiat.</strong></span> 
     </span>
    </p>
   </div>
   <div class='ocr_carea' id='block_1_10' title="bbox 464 4300 1204 4362">
    <p class='ocr_par' dir='ltr' id='par_1_10' title="bbox 464 4300 1204 4362">
     <span class='ocr_line' id='line_1_34' title="bbox 464 4300 1204 4362; baseline -0.005 0"><span class='ocrx_word' id='word_1_293' title='bbox 464 4300 513 4362; x_wconf 80' lang='lat'><strong>29.</strong></span> <span class='ocrx_word' id='word_1_294' title='bbox 534 4313 581 4360; x_wconf 83' lang='lat' dir='ltr'><strong>nu</strong></span> <span class='ocrx_word' id='word_1_295' title='bbox 602 4309 742 4360; x_wconf 79' lang='lat' dir='ltr'><strong>cacano</strong></span> <span class='ocrx_word' id='word_1_296' title='bbox 763 4311 808 4358; x_wconf 87' lang='lat' dir='ltr'><strong>nr</strong></span> <span class='ocrx_word' id='word_1_297' title='bbox 831 4309 904 4358; x_wconf 80' lang='lat' dir='ltr'><strong>suls</strong></span> <span class='ocrx_word' id='word_1_298' title='bbox 926 4309 1204 4358; x_wconf 82' lang='lat' dir='ltr'><strong>nxucuronmus.</strong></span> 
     </span>
    </p>
   </div>
   <div class='ocr_carea' id='block_1_11' title="bbox 122 4421 1584 4911">
    <p class='ocr_par' dir='ltr' id='par_1_11' title="bbox 122 4421 1584 4911">
     <span class='ocr_line' id='line_1_35' title="bbox 201 4421 1543 4513; baseline -0.003 -21"><span class='ocrx_word' id='word_1_299' title='bbox 201 4427 371 4507; x_wconf 87' lang='lat' dir='ltr'><strong>Volumus,</strong></span> <span class='ocrx_word' id='word_1_300' title='bbox 394 4424 482 4513; x_wconf 93' lang='lat' dir='ltr'><strong>quod</strong></span> <span class='ocrx_word' id='word_1_301' title='bbox 503 4435 692 4491; x_wconf 85' lang='lat' dir='ltr'><strong>executores</strong></span> <span class='ocrx_word' id='word_1_302' title='bbox 716 4433 910 4490; x_wconf 88' lang='lat' dir='ltr'><strong>statutorum</strong></span> <span class='ocrx_word' id='word_1_303' title='bbox 930 4421 1095 4488; x_wconf 87' lang='lat' dir='ltr'><strong>facultatis</strong></span> <span class='ocrx_word' id='word_1_304' title='bbox 1109 4424 1237 4506; x_wconf 84' lang='lat' dir='ltr'><strong>artium,</strong></span> <span class='ocrx_word' id='word_1_305' title='bbox 1262 4423 1543 4509; x_wconf 85' lang='lat' dir='ltr'><strong>quocienscunque</strong></span> 
     </span>
     <span class='ocr_line' id='line_1_36' title="bbox 122 4518 1584 4612; baseline -0.002 -21"><span class='ocrx_word' id='word_1_306' title='bbox 122 4525 258 4612; x_wconf 88' lang='lat' dir='ltr'><strong>aliquem</strong></span> <span class='ocrx_word' id='word_1_307' title='bbox 280 4524 441 4589; x_wconf 89' lang='lat' dir='ltr'><strong>defectum</strong></span> <span class='ocrx_word' id='word_1_308' title='bbox 459 4523 511 4588; x_wconf 88' lang='lat' dir='ltr'><strong>vel</strong></span> <span class='ocrx_word' id='word_1_309' title='bbox 532 4546 711 4605; x_wconf 85' lang='lat' dir='ltr'><strong>excessum,</strong></span> <span class='ocrx_word' id='word_1_310' title='bbox 732 4531 846 4588; x_wconf 87' lang='lat' dir='ltr'><strong>contra</strong></span> <span class='ocrx_word' id='word_1_311' title='bbox 867 4521 988 4586; x_wconf 91' lang='lat' dir='ltr'><strong>bonum</strong></span> <span class='ocrx_word' id='word_1_312' title='bbox 1006 4519 1058 4586; x_wconf 89' lang='lat' dir='ltr'><strong>vel</strong></span> <span class='ocrx_word' id='word_1_313' title='bbox 1078 4520 1281 4586; x_wconf 82' lang='lat' dir='ltr'><strong>honestatem</strong></span> <span class='ocrx_word' id='word_1_314' title='bbox 1300 4518 1464 4608; x_wconf 81' lang='lat' dir='ltr'><strong>facultatis</strong></span> <span class='ocrx_word' id='word_1_315' title='bbox 1487 4529 1584 4588; x_wconf 74' lang='lat' dir='ltr'><strong>auttt</strong></span> 
     </span>
     <span class='ocr_line' id='line_1_37' title="bbox 124 4617 1542 4709; baseline -0.003 -21"><span class='ocrx_word' id='word_1_316' title='bbox 124 4626 188 4689; x_wconf 89' lang='lat' dir='ltr'><strong>eius</strong></span> <span class='ocrx_word' id='word_1_317' title='bbox 210 4631 334 4690; x_wconf 82' lang='lat' dir='ltr'><strong>statuta</strong></span> <span class='ocrx_word' id='word_1_318' title='bbox 353 4631 550 4709; x_wconf 87' lang='lat' dir='ltr'><strong>vergentem,</strong></span> <span class='ocrx_word' id='word_1_319' title='bbox 570 4621 713 4687; x_wconf 84' lang='lat' dir='ltr'><strong>viderint</strong></span> <span class='ocrx_word' id='word_1_320' title='bbox 731 4620 785 4686; x_wconf 87' lang='lat' dir='ltr'><strong>vel</strong></span> <span class='ocrx_word' id='word_1_321' title='bbox 806 4619 1099 4702; x_wconf 88' lang='lat' dir='ltr'><strong>consideraverint,</strong></span> <span class='ocrx_word' id='word_1_322' title='bbox 1122 4617 1181 4684; x_wconf 91' lang='lat' dir='ltr'><strong>sub</strong></span> <span class='ocrx_word' id='word_1_323' title='bbox 1204 4620 1270 4684; x_wconf 89' lang='lat' dir='ltr'><strong>suis</strong></span> <span class='ocrx_word' id='word_1_324' title='bbox 1291 4619 1481 4683; x_wconf 85' lang='lat' dir='ltr'><strong>iuramentis</strong></span> <span class='ocrx_word' id='word_1_325' title='bbox 1502 4641 1542 4684; x_wconf 92' lang='lat' dir='ltr'><strong>ac</strong></span> 
     </span>
     <span class='ocr_line' id='line_1_38' title="bbox 124 4715 1542 4810; baseline -0.006 -22"><span class='ocrx_word' id='word_1_326' title='bbox 124 4745 226 4810; x_wconf 85' lang='lat' dir='ltr'><strong>poena</strong></span> <span class='ocrx_word' id='word_1_327' title='bbox 246 4721 470 4809; x_wconf 90' lang='lat' dir='ltr'><strong>suspensionis</strong></span> <span class='ocrx_word' id='word_1_328' title='bbox 492 4721 534 4786; x_wconf 90' lang='lat' dir='ltr'><strong>ab</strong></span> <span class='ocrx_word' id='word_1_329' title='bbox 563 4719 713 4785; x_wconf 87' lang='lat' dir='ltr'><strong>omnibus</strong></span> <span class='ocrx_word' id='word_1_330' title='bbox 744 4719 956 4785; x_wconf 89' lang='lat' dir='ltr'><strong>emolimentis</strong></span> <span class='ocrx_word' id='word_1_331' title='bbox 986 4715 1149 4782; x_wconf 89' lang='lat' dir='ltr'><strong>facultatis</strong></span> <span class='ocrx_word' id='word_1_332' title='bbox 1176 4719 1295 4782; x_wconf 90' lang='lat' dir='ltr'><strong>artium</strong></span> <span class='ocrx_word' id='word_1_333' title='bbox 1322 4718 1386 4781; x_wconf 91' lang='lat' dir='ltr'><strong>sint</strong></span> <span class='ocrx_word' id='word_1_334' title='bbox 1406 4716 1542 4800; x_wconf 87' lang='lat' dir='ltr'><strong>astricti,</strong></span> 
     </span>
     <span class='ocr_line' id='line_1_39' title="bbox 124 4814 1540 4911; baseline -0.006 -25"><span class='ocrx_word' id='word_1_335' title='bbox 124 4831 154 4886; x_wconf 89' lang='lat' dir='ltr'><strong>et</strong></span> <span class='ocrx_word' id='word_1_336' title='bbox 173 4831 319 4911; x_wconf 88' lang='lat' dir='ltr'><strong>tempore</strong></span> <span class='ocrx_word' id='word_1_337' title='bbox 340 4843 418 4886; x_wconf 89' lang='lat' dir='ltr'><strong>suae</strong></span> <span class='ocrx_word' id='word_1_338' title='bbox 441 4819 606 4886; x_wconf 85' lang='lat' dir='ltr'><strong>electionis</strong></span> <span class='ocrx_word' id='word_1_339' title='bbox 620 4841 678 4906; x_wconf 90' lang='lat' dir='ltr'><strong>per</strong></span> <span class='ocrx_word' id='word_1_340' title='bbox 698 4818 856 4902; x_wconf 88' lang='lat' dir='ltr'><strong>decanum</strong></span> <span class='ocrx_word' id='word_1_341' title='bbox 870 4815 1000 4905; x_wconf 91' lang='lat' dir='ltr'><strong>publice</strong></span> <span class='ocrx_word' id='word_1_342' title='bbox 1018 4836 1058 4880; x_wconf 88' lang='lat' dir='ltr'><strong>ac</strong></span> <span class='ocrx_word' id='word_1_343' title='bbox 1072 4815 1269 4880; x_wconf 89' lang='lat' dir='ltr'><strong>sollemniter</strong></span> <span class='ocrx_word' id='word_1_344' title='bbox 1288 4814 1407 4880; x_wconf 91' lang='lat' dir='ltr'><strong>adhoc</strong></span> <span class='ocrx_word' id='word_1_345' title='bbox 1424 4815 1540 4878; x_wconf 89' lang='lat' dir='ltr'><strong>astrin-</strong></span> 
     </span>
    </p>
   </div>
   <div class='ocr_carea' id='block_1_12' title="bbox 190 5094 1544 5168">
    <p class='ocr_par' dir='ltr' id='par_1_12' title="bbox 190 5094 1544 5168">
     <span class='ocr_line' id='line_1_40' title="bbox 190 5094 1544 5168; baseline -0.001 -11"><span class='ocrx_word' id='word_1_346' title='bbox 190 5107 200 5157; x_wconf 84' lang='lat'>1</span> <span class='ocrx_word' id='word_1_347' title='bbox 222 5103 276 5158; x_wconf 80' lang='lat' dir='ltr'><strong>Istc</strong></span> <span class='ocrx_word' id='word_1_348' title='bbox 289 5101 420 5158; x_wconf 64' lang='lat' dir='ltr'><strong>bedsum</strong></span> <span class='ocrx_word' id='word_1_349' title='bbox 430 5100 460 5156; x_wconf 90' lang='lat' dir='ltr'><strong>in</strong></span> <span class='ocrx_word' id='word_1_350' title='bbox 474 5101 528 5157; x_wconf 89' lang='lat' dir='ltr'><strong>den</strong></span> <span class='ocrx_word' id='word_1_351' title='bbox 538 5099 793 5158; x_wconf 83' lang='lat' dir='ltr'><strong>Statutenbiichern</strong></span> <span class='ocrx_word' id='word_1_352' title='bbox 800 5100 850 5155; x_wconf 86' lang='lat' dir='ltr'><strong>der</strong></span> <span class='ocrx_word' id='word_1_353' title='bbox 860 5097 1032 5156; x_wconf 78' lang='lat' dir='ltr'><strong>Universitttt</strong></span> <span class='ocrx_word' id='word_1_354' title='bbox 1042 5103 1123 5154; x_wconf 81' lang='lat' dir='ltr'><strong>stata:</strong></span> <span class='ocrx_word' id='word_1_355' title='bbox 1135 5096 1232 5168; x_wconf 85' lang='lat' dir='ltr'><strong>dieser,</strong></span> <span class='ocrx_word' id='word_1_356' title='bbox 1244 5097 1294 5152; x_wconf 87' lang='lat' dir='ltr'><strong>der</strong></span> <span class='ocrx_word' id='word_1_357' title='bbox 1304 5094 1417 5168; x_wconf 76' lang='lat' dir='ltr'><strong>laiseigs,</strong></span> <span class='ocrx_word' id='word_1_358' title='bbox 1423 5095 1544 5168; x_wconf 74' lang='lat' dir='ltr'><strong>unrfige.</strong></span> 
     </span>
    </p>
   </div>
   <div class='ocr_carea' id='block_1_13' title="bbox 0 0 1903 6060">
    <p class='ocr_par' dir='ltr' id='par_1_13' title="bbox 0 0 1903 6060">
     <span class='ocr_line' id='line_1_41' title="bbox 0 0 1903 6060; baseline 0 0"><span class='ocrx_word' id='word_1_359' title='bbox 0 0 1903 6060; x_wconf 95' lang='lat' dir='ltr'><strong> </strong></span> 
     </span>
    </p>
   </div>
  </div>
 </body>
</html>
