3762 6074
807 481 857 534 Dic
883 481 1100 546 philosophlsche
1119 483 1245 538 Faculttt.

938 669 1044 734 Caput
1066 671 1115 722 111.

400 775 527 866 [S.136]
552 778 617 861 Qui
639 788 847 848 externorum
869 783 999 850 caedem
1022 795 1078 851 aut
1101 785 1241 874 capitale
1260 783 1386 851 facinus
1409 784 1498 852 aliud
1519 785 1643 868 fecerit,
1665 807 1731 852 eum

316 899 411 943 nemo
435 902 477 944 ex
498 879 663 968 inquilinis
686 882 791 946 sciens
812 883 900 970 apud
929 908 964 951 se
991 885 1173 972 perfugium
1194 882 1315 951 hahere
1341 883 1470 966 iubeat,
1493 909 1587 952 suam
1614 885 1733 951 habita-

317 977 437 1042 tionem
461 977 504 1042 ad
525 979 585 1044 hoo
605 979 652 1046 illi
673 981 837 1048 offerendo
859 983 1086 1070 aperiendove.
1138 985 1202 1066 Qui
1221 985 1350 1068 fecerit,
1370 987 1398 1050 is
1419 986 1589 1073 persolvat
1608 985 1733 1050 multam

276 1083 293 1138 5
322 1075 508 1144 florinorum
530 1097 561 1143 ν.
604 1079 817 1148 Prohibemus
846 1086 959 1166 etiam,
987 1085 1020 1150 in
1049 1084 1285 1151 habitationum
1315 1083 1484 1151 conclavia
1513 1086 1616 1173 recipi
1644 1085 1735 1174 inque

320 1173 384 1240 illis
406 1179 509 1242 lbveri
532 1177 665 1266 opifices
694 1181 939 1270 qualescunque.
982 1183 1047 1268 Qui
1076 1185 1235 1273 receperit
1261 1183 1446 1274 diutiusque
1474 1184 1585 1252 triduo
1614 1186 1735 1266 foverit,

321 1273 436 1346 solvito
458 1277 592 1346 uudtam
613 1279 805 1370 quadrantis
830 1281 945 1350 florini.

935 1455 1044 1518 Caput
1060 1455 1120 1506 1111.

401 1565 465 1647 Qui
487 1565 643 1632 conduxit
666 1567 916 1650 habitationem,
937 1580 974 1635 nt
1001 1593 1040 1636 ea
1061 1577 1170 1635 utatur
1196 1569 1282 1635 ultra
1303 1575 1432 1654 tempus
1453 1565 1638 1650 locationis,
1663 1567 1732 1653 cogi

279 1673 311 1728 10
319 1686 384 1729 non
406 1665 509 1732 debet.
553 1667 624 1732 Nisi
651 1677 759 1734 autem
785 1669 977 1757 inquilinum
1005 1692 1040 1734 se
1068 1669 1224 1756 praebeat
1245 1667 1461 1748 tolerabilem,
1489 1667 1614 1732 locator
1636 1677 1737 1754 potest

319 1775 445 1852 tempus
468 1765 693 1853 praescribere
713 1768 776 1850 illi,
804 1793 867 1856 quo
889 1771 1034 1854 emigret.
1084 1770 1186 1834 Nemo
1215 1791 1294 1834 vero
1322 1791 1417 1832 usum
1444 1765 1737 1854 habitationemque

318 1863 414 1930 ullius
446 1865 609 1932 conclavis
639 1877 773 1954 usurpet
797 1870 898 1932 invito
926 1880 982 1934 aut
1010 1871 1111 1934 inscio
1139 1867 1297 1948 locatore,
1326 1889 1347 1932 a
1375 1889 1438 1952 quo
1467 1876 1500 1930 et
1528 1865 1640 1931 claves
1668 1887 1736 1930 con·

318 1960 444 2029 ductori
465 1965 644 2032 tradendae
664 1978 696 2031 et
716 1989 833 2032 nomen
853 1969 956 2055 ipsius
978 1965 1063 2055 [137]
1086 1965 1353 2056 perscribendum
1374 1976 1441 2049 est,
1462 1987 1568 2052 neque
1586 1964 1664 2029 licet
1684 1964 1737 2030 ulli

319 2084 378 2127 suo
399 2064 554 2147 arbitrio,
583 2069 752 2152 ignorante
780 2066 941 2148 locatore,
970 2066 1130 2154 aliquem,
1158 2069 1212 2156 qui
1239 2089 1348 2132 secum
1376 2063 1520 2144 habitet,
1550 2063 1736 2150 adiungere,

279 2171 310 2226 15
320 2161 421 2229 multo
451 2165 557 2231 minus
588 2165 780 2231 conductum
809 2189 829 2231 a
856 2189 891 2230 se
920 2166 1075 2232 conclave
1099 2167 1193 2232 alteri
1222 2189 1280 2232 sua
1306 2165 1473 2230 voluntate
1503 2163 1683 2229 concedere
1709 2175 1738 2227 et

317 2261 454 2328 tradere.
499 2263 637 2344 Quando
667 2268 808 2330 rationes
837 2265 952 2331 decani
978 2267 1169 2344 referuntur,
1192 2263 1279 2354 qnod
1300 2263 1437 2352 singulis
1458 2263 1496 2328 fit
1519 2262 1737 2344 semestribus,

318 2363 460 2448 exigitur
474 2385 494 2428 a
509 2363 651 2430 locatore
666 2367 857 2451 pensionum
872 2368 1018 2452 pecunia,
1034 2389 1130 2453 quam
1146 2379 1222 2431 tunc
1242 2388 1315 2430 eum
1336 2373 1583 2453 repraesentare
1605 2371 1737 2449 oportet

318 2461 440 2528 Omnes
461 2463 561 2549 igitur
582 2465 651 2529 sine
674 2464 860 2530 discrimine
879 2465 1007 2530 aedium
1029 2465 1124 2531 huius
1152 2465 1279 2552 collegii
1306 2463 1453 2552 inquilini
1475 2461 1645 2528 mercedes
1665 2461 1737 2526 defi·

318 2562 402 2626 nitas
425 2561 544 2627 debent
563 2563 749 2650 persolvere
772 2567 861 2630 exitu
883 2575 1043 2629 mercatus
1067 2565 1252 2652 Lipsensis,
1274 2587 1352 2630 vere
1382 2577 1415 2628 et
1442 2573 1616 2644 autumno,
1638 2585 1738 2652 neque

279 2660 572 2747 20persolutionem
599 2662 720 2728 diutius
748 2676 822 2750 post
850 2663 939 2728 illmn
968 2663 1074 2729 triduo
1102 2663 1240 2729 differre.
1283 2663 1370 2728 Ante
1389 2663 1451 2728 hoc
1470 2673 1598 2750 tempus
1621 2661 1650 2726 si
1672 2663 1739 2750 quis

319 2759 395 2824 hinc
406 2760 574 2826 discedere
596 2761 701 2828 aliove
723 2765 864 2850 migrare
886 2763 1035 2846 voluerit,
1057 2765 1235 2830 conductae
1255 2763 1466 2829 habitationis
1487 2763 1679 2850 pensionem
1697 2763 1740 2826 in·

318 2869 445 2946 tegram
474 2859 660 2948 persolvere
692 2871 747 2927 aut
778 2862 818 2928 de
851 2861 1065 2950 persolvendo
1092 2863 1228 2930 locatori
1255 2885 1373 2928 cavere
1400 2859 1517 2944 debet,
1551 2863 1739 2949 priusquam

319 2960 491 3048 quicquam
515 2985 644 3027 suarum
667 2985 776 3028 rerum
798 2963 873 3028 inde
894 2973 1044 3052 exportet
1065 2975 1161 3050 atque
1182 2964 1366 3029 transferat.
1410 2961 1446 3027 Si
1474 2962 1583 3028 facere
1605 2972 1739 3040 recuset,

319 3061 455 3125 rectoris
468 3059 626 3126 auxilium
637 3061 865 3149 implorabitur
880 3074 912 3128 et
924 3063 1128 3151 hypothecae
1149 3063 1219 3128 loco
1241 3063 1358 3144 omnia,
1381 3083 1466 3150 quae
1487 3063 1520 3126 in
1543 3061 1740 3127 habitatione

276 3159 452 3242 tamenn,
475 3159 713 3227 detinebuntur.
771 3163 879 3228 Debet
908 3165 1006 3230 etiam
1034 3163 1133 3230 talem
1154 3161 1343 3248 emigrando
1364 3159 1549 3248 relinquere
1570 3161 1740 3226 habitatio-

317 3282 400 3342 nem,
424 3257 509 3347 [138]
533 3260 660 3346 qualem
682 3262 752 3350 ipse
774 3264 907 3350 accepit.
953 3263 1115 3351 Tempora
1135 3273 1243 3328 autem
1267 3259 1493 3326 conductionis
1517 3271 1550 3326 et
1569 3260 1739 3326 locationis

318 3357 492 3426 distributa
513 3363 640 3426 suntin
664 3362 728 3426 duo
751 3364 936 3443 semestria,
959 3385 1074 3444 unum,
1105 3363 1195 3431 cuius
1220 3362 1347 3426 initium
1377 3363 1421 3424 sit
1446 3365 1552 3426 exitus
1581 3371 1740 3426 mercatus

319 3458 444 3545 Lipsici
466 3461 568 3544 verni,
589 3470 620 3526 et
640 3461 787 3543 alterum,
807 3462 896 3526 cuius
919 3463 1042 3526 initium
1068 3463 1109 3526 sit
1130 3462 1236 3526 exitus
1258 3471 1420 3527 mercatus
1443 3460 1650 3542 autumnalis,
1672 3470 1742 3524 ante

320 3581 402 3646 quae
428 3567 575 3647 tempora
602 3559 682 3642 duo,
712 3563 766 3647 qni
795 3560 1028 3626 habitationem
1057 3584 1151 3626 suam
1181 3583 1251 3626 esse
1276 3560 1397 3626 diutius
1424 3560 1526 3642 volet,
1547 3581 1660 3624 mense
1682 3581 1741 3622 uno

277 3667 396 3723 soante
418 3661 582 3724 semestris
604 3659 699 3725 finem
723 3659 896 3742 conducat,
929 3661 956 3725 si
984 3683 1048 3726 non
1078 3659 1270 3726 conduxerit
1296 3661 1367 3746 ipse
1388 3669 1422 3724 et
1442 3657 1536 3724 alteri
1562 3657 1619 3724 illa
1640 3657 1743 3724 locata

318 3757 423 3839 buerit,
446 3779 510 3823 non
531 3761 650 3845 poterit
672 3758 712 3823 de
734 3759 795 3824 hoc
817 3757 870 3824 ille
890 3761 1062 3848 conqueri3
1091 3761 1118 3824 si
1140 3757 1245 3824 denuo
1274 3756 1466 3823 conductam
1486 3757 1660 3846 possidere
1680 3780 1740 3822 non

317 3853 413 3937 volet,
433 3856 599 3944 persolvat
620 3860 692 3946 ipse
713 3861 872 3944 integram
894 3858 1076 3924 mercedem
1099 3858 1151 3924 vel
1172 3859 1325 3924 idoneum
1346 3857 1540 3946 inquilinum
1559 3856 1683 3922 indicet
1703 3856 1742 3921 lo·

319 3955 439 4038 catori,
467 3958 575 4042 quiin
596 3956 701 4023 locum
731 3959 833 4045 ipsius
861 3957 1014 4023 succedat
1041 3967 1073 4022 et
1103 3959 1159 4044 qui
1185 3957 1343 4022 mercedis
1374 3955 1627 4044 persolutionem
1657 3958 1742 4022 inse

319 4055 465 4142 recipiat.
509 4054 602 4137 Quae
624 4063 731 4124 omnia
752 4058 822 4124 fieri
846 4068 974 4144 oportet
994 4059 1116 4124 sciente
1137 4067 1169 4122 et
1191 4057 1352 4144 probante
1369 4055 1524 4122 locatore.

278 4247 312 4303 35
953 4243 1059 4307 Caput
1076 4243 1108 4294 V.

407 4353 600 4441 Quicunque
621 4357 654 4420 in
676 4355 876 4422 habitatione
898 4380 918 4422 a
940 4380 975 4422 se
997 4355 1156 4422 conducta
1177 4354 1300 4442 aliquid
1324 4355 1474 4443 fregerit,
1496 4355 1639 4443 ruperit,
1663 4377 1744 4420 amo·

318 4455 405 4520 verit
426 4463 484 4519 aut
505 4452 586 4518 ullas
607 4453 956 4544 partes[139]aedium
975 4455 1100 4542 collegii
1123 4454 1306 4542 polluendo,
1330 4453 1552 4536 deformando,
1573 4451 1744 4518 lacerando

319 4552 465 4636 laeserit,
494 4554 523 4618 is
551 4565 582 4616 et
610 4553 762 4620 damnum
795 4555 906 4620 datum
935 4558 1055 4620 sarciat
1083 4567 1114 4619 et
1135 4554 1269 4619 multam
1293 4555 1399 4620 solvat
1426 4555 1560 4641 insuper
1588 4552 1744 4618 dimidiati

319 4653 442 4736 florini,
472 4675 554 4740 quae
583 4655 701 4740 poterit
728 4658 825 4720 etiam
852 4679 912 4743 pro
940 4654 1049 4720 delicti
1091 4656 1253 4740 gravitate
1282 4655 1441 4720 sententia
1472 4651 1595 4740 publici
1624 4651 1744 4718 consilii

278 4753 445 4841 tdaogeri.
488 4751 591 4818 Nemo
614 4753 710 4817 etiam
732 4756 906 4844 quicquam
928 4757 1005 4820 novi
1027 4753 1137 4840 operis
1159 4754 1192 4817 in
1213 4777 1273 4819 sna
1297 4753 1498 4821 habitatione
1519 4759 1664 4828 exunat,
1684 4753 1743 4816 nisi

321 4855 528 4942 permittente
551 4851 708 4934 locatore,
731 4877 773 4918 ne
792 4853 863 4940 ipse
886 4853 1016 4941 quidem
1038 4852 1177 4935 locator,
1206 4855 1269 4918 nisi
1298 4853 1506 4942 permittente
1535 4851 1671 4916 decano.
1712 4849 1745 4914 Si

321 4955 392 5040 quis
413 4953 526 5018 fecerit
546 4964 578 5018 et
600 4961 764 5018 struchrra
786 4953 997 5040 improbetur,
1021 4961 1175 5040 quantum
1197 4951 1307 5019 damni
1328 4952 1530 5018 damnosae
1550 4949 1675 5016 locator
1694 4948 1744 5014 de

324 5073 467 5118 casusve
487 5052 645 5134 statuerit,
667 5060 792 5117 tantum
813 5052 867 5118 ille
889 5063 1049 5140 praestet3
1071 5052 1122 5114 sin
1144 5051 1309 5137 probetur,
1331 5053 1481 5137 impensa
1503 5051 1643 5137 pecnnia
1663 5047 1745 5114 sedi·

320 5152 435 5219 ficator
455 5155 518 5220 ists
540 5161 657 5218 careto.
707 5152 809 5218 Nemo
838 5174 964 5239 quoque
990 5153 1024 5215 in
1054 5149 1121 5215 ulla
1146 5161 1239 5239 parte
1268 5153 1436 5240 superiore
1463 5149 1595 5215 aedium
1622 5147 1744 5234 collegii
