3794 6060
354 453 395 517 26
806 453 857 502 Die
875 453 1056 504 Reformstion
1074 467 1135 502 vom
1152 451 1235 502 Jahrs
1257 455 1329 502 rtet.

353 639 490 717 gantur,
515 632 558 696 ad
580 633 807 720 requirendum
830 635 988 700 decanum
1009 655 1069 720 pro
1092 643 1238 720 tempore
1261 634 1469 714 existentem,
1499 642 1538 698 ut
1556 631 1616 698 tali
1638 631 1779 700 detmari

354 730 406 795 vel
426 733 575 798 excessui
590 754 648 818 per
662 733 749 820 piam
764 733 1022 798 admonicionem
1042 731 1095 795 vel
1109 752 1234 818 poenae
1247 731 1498 818 impositionem,
1521 734 1549 796 si
1571 755 1653 821 opus
1672 732 1778 818 fuerit,

353 832 609 918 quamprimum
631 842 789 896 occurrat.
834 831 960 912 Quodsi
982 831 1125 896 decanus
1152 831 1327 917 requisitus
1356 829 1454 894 fuerit
1476 840 1511 896 et
1528 833 1713 917 neglexerit
1732 833 1778 896 fa·

353 951 426 996 cere
447 941 504 996 aut
523 932 741 1012 recusaverit,
776 941 887 995 careat
908 933 1011 996 tercia
1039 939 1133 1016 parte
1162 930 1211 994 sui
1240 927 1382 1012 sellarii,
1411 951 1508 1016 quam
1538 939 1779 1017 computatores

328 1030 405 1093 tsui
427 1029 532 1094 eidem
552 1039 697 1116 tempore
718 1031 973 1116 computationis
996 1051 1073 1094 suae
1102 1027 1265 1093 defalcare
1295 1028 1427 1111 debent,
1457 1029 1516 1094 sub
1539 1051 1645 1118 poena
1667 1052 1779 1095 caren-

355 1129 421 1194 tiae
443 1141 517 1194 actu
537 1131 703 1215 regentiae
725 1153 785 1216 per
805 1130 967 1216 integrum
989 1149 1118 1194 annum.

571 1333 620 1395 30.
647 1345 695 1394 ns
716 1345 940 1394 monnone
963 1345 1031 1392 ras
1051 1343 1218 1393 asemon
1240 1341 1341 1391 omos
1360 1341 1558 1392 rsssmsss

437 1475 593 1541 Volumus
615 1483 646 1539 et
667 1473 865 1556 ordinamus,
888 1473 975 1562 quod
996 1473 1137 1540 decanus
1159 1475 1192 1537 in
1212 1472 1360 1538 omnibus
1383 1481 1414 1537 et
1436 1473 1573 1558 singulis
1595 1476 1780 1562 praescrip-

354 1577 396 1640 tis
428 1597 555 1642 necnon
577 1574 650 1640 aliis
683 1574 811 1638 statutis
835 1579 867 1636 et
889 1572 1058 1654 conclusis,
1083 1574 1117 1637 in
1137 1571 1222 1637 libro
1248 1570 1413 1636 facultatis
1435 1573 1553 1636 artium
1574 1576 1780 1660 conscriptis,

314 1685 345 1740 to
356 1673 543 1760 diligentem
564 1674 665 1738 faciat
690 1683 721 1737 et
740 1673 848 1738 facere
869 1672 966 1737 debet
987 1672 1220 1752 executionem,
1242 1669 1302 1735 sub
1324 1692 1431 1757 poena
1443 1671 1637 1758 privationis
1657 1675 1781 1738 terciae

353 1775 456 1862 partis
480 1775 530 1839 sui
552 1771 676 1838 sellarii
682 1821 691 1855 ,
722 1758 818 1857 prc'ut
839 1772 873 1836 iu
894 1771 1045 1860 proximo
1073 1769 1209 1836 articulo
1237 1769 1344 1834 lucide
1372 1771 1555 1836 continetur
1586 1779 1619 1835 et
1645 1780 1696 1836 est
1723 1795 1779 1838 ex-

352 1896 512 1962 pressum.

655 2075 704 2136 31.
725 2087 773 2136 us
794 2087 1019 2136 uxucurrous
1041 2085 1179 2134 osmrun
1199 2083 1481 2134 russmcronun.

436 2220 598 2302 Quoniam
627 2239 744 2305 parum
777 2216 830 2281 vel
871 2217 972 2282 nichil
1006 2216 1187 2282 conducere
1223 2213 1368 2297 videtur,
1401 2216 1430 2280 si
1462 2214 1551 2302 leges
1589 2225 1623 2280 et
1658 2226 1783 2284 statuta

315 2330 344 2386 ts
355 2319 478 2408 absque
500 2318 690 2384 executione
715 2315 908 2397 condantur,
931 2317 1097 2404 cupientes
1118 2315 1218 2399 igitur
1240 2311 1325 2378 hanc
1346 2323 1509 2397 nostram,
1537 2338 1647 2401 ymmo
1668 2321 1780 2384 verius

352 2419 644 2486 illustrissimorum
665 2417 868 2482 dominorum
890 2417 1089 2502 principum,
1118 2412 1271 2478 videlicet
1299 2412 1421 2478 domini
1442 2413 1570 2478 Alberti
1592 2425 1623 2480 et
1641 2417 1691 2482 sni
1714 2419 1781 2504 pri-

352 2519 518 2605 mogeniti,
538 2516 661 2581 domini
685 2515 831 2600 Georgii,
853 2511 970 2578 ducum
993 2513 1156 2578 Saxoniae
1177 2521 1237 2576 etc.
1259 2511 1465 2578 fundatorum
1493 2511 1599 2578 almae
1620 2515 1783 2582 universi-

352 2621 429 2684 tatis
452 2615 552 2682 studii
563 2615 766 2702 Lipzcensis,
789 2615 824 2678 in
837 2612 985 2677 omnibus
1006 2611 1134 2698 punctis
1157 2620 1189 2675 et
1211 2610 1356 2676 articulis
1378 2611 1574 2698 supradictis
1596 2621 1628 2676 et
1641 2612 1726 2696 aliis,
1748 2617 1783 2681 in

353 2717 447 2782 libris
474 2724 668 2780 statutorum
696 2712 918 2778 universitatis
945 2709 1051 2774 dietae
1078 2719 1110 2774 et
1129 2709 1292 2774 facultatis
1322 2711 1441 2776 artium
1469 2713 1646 2797 expressis,
1669 2714 1781 2780 incon-

313 2825 450 2882 tocusse
471 2813 655 2895 observari,
677 2811 864 2877 ordinamus
885 2819 981 2896 atque
1005 2809 1173 2873 statuimus
1200 2809 1234 2872 in
1263 2809 1378 2874 horum
1407 2811 1549 2875 omnium
1576 2820 1608 2875 et
1639 2812 1782 2899 singulo-

353 2937 426 2980 rum
447 2922 636 2979 executores
658 2919 797 2998 quatuor
818 2908 968 2974 doctores
990 2916 1046 2971 aut
1072 2908 1263 2993 magistros,
1291 2907 1332 2974 de
1354 2907 1497 2996 qualibet
1518 2909 1649 2975 natione
1670 2935 1781 2998 unum,

351 3013 533 3102 profectum
565 3010 787 3076 universitatis
823 3007 930 3072 dictae
958 3005 1165 3092 diligentem,
1186 3030 1252 3072 una
1283 3029 1358 3072 cum
1388 3016 1515 3074 rectore
1537 3007 1684 3075 eiusdem
1711 3015 1781 3078 uni·

350 3111 528 3178 versitatis.
577 3109 704 3190 Quibus
733 3108 929 3172 coniunctim
956 3115 988 3169 et
1013 3104 1143 3170 divisim
1171 3107 1205 3170 in
1235 3106 1384 3172 omnibus
1413 3107 1542 3194 punctis
1569 3115 1602 3172 et
1633 3111 1781 3178 articulis

355 3211 451 3278 dictis
471 3208 566 3274 nobis
590 3207 632 3272 ab
653 3206 834 3293 apostolica
855 3206 932 3270 sede
954 3203 1151 3290 exequendi,
1182 3205 1321 3292 cogendi
1343 3227 1382 3270 ac
1402 3207 1438 3270 in
1458 3227 1581 3291 poenas
1603 3208 1781 3277 exedentes

311 3306 535 3398 tirocipiendi
554 3315 748 3394 potestatem
771 3327 959 3371 concessam
981 3303 1161 3392 plenariam
1182 3303 1388 3370 concedimus
1403 3306 1631 3370 auctoritatem
1652 3317 1685 3372 et
1706 3309 1781 3374 sula

352 3408 540 3496 delegamus
566 3427 625 3493 per
657 3413 856 3492 praesentes.
905 3403 965 3486 At,
996 3424 1038 3467 ne
1063 3401 1233 3488 pluralitas
1262 3402 1451 3492 plerumque
1484 3401 1599 3468 horum
1635 3409 1780 3474 omnium

351 3507 534 3574 executioni
554 3504 680 3570 discors
704 3505 747 3568 sit
767 3511 800 3567 et
820 3501 1050 3590 impedimento
1071 3503 1181 3589 sicque
1203 3501 1290 3590 quod
1316 3499 1463 3589 pluribus
1492 3504 1710 3570 committitur
1738 3507 1780 3572 ab

351 3607 499 3674 omuibus
520 3603 659 3670 faciliter
680 3601 865 3688 negligatur
876 3648 885 3682 ,
907 3599 1044 3687 ideoque
1066 3600 1101 3666 in
1123 3601 1281 3687 speciales
1302 3599 1417 3666 horum
1447 3602 1590 3666 omnium
1612 3611 1645 3668 et
1668 3606 1779 3691 singu·

350 3707 456 3772 lorum
479 3713 669 3769 executores
690 3709 722 3764 et
741 3699 909 3785 neglectae
931 3700 1187 3765 conservationis
1208 3700 1416 3787 inquisitores
1438 3699 1627 3766 ordinamus
1650 3712 1683 3767 et
1704 3725 1780 3769 con·

310 3803 533 3870 arsurumne:
567 3801 731 3866 dominum
760 3807 919 3863 rectorem
945 3798 980 3862 in
1009 3797 1157 3862 omnibus
1189 3797 1521 3884 superintendentem,
1554 3800 1588 3864 in
1613 3799 1781 3889 theologia

350 3899 503 3966 videlicet
524 3909 556 3964 et
575 3896 738 3962 medicina
760 3898 903 3960 seniores
925 3894 1100 3960 earundem
1127 3897 1318 3962 facultatum
1345 3897 1529 3962 ordinarios
1553 3897 1712 3984 lectores,
1745 3905 1778 3967 in

354 3999 496 4066 iuridica
527 3998 693 4064 dominum
722 3995 922 4060 ordinarium
947 4017 1014 4059 una
1042 4015 1114 4058 cum
1147 3995 1220 4060 aliis
1248 3995 1436 4062 doctoribus
1463 3995 1573 4062 dictae
1602 3997 1779 4084 facultatis,

352 4109 509 4188 quatenus
531 4097 579 4163 illi
601 4095 807 4182 singulariter
827 4103 860 4158 et
882 4093 1067 4180 specialiter
1088 4094 1148 4159 sub
1180 4095 1391 4160 conscienciis
1418 4117 1529 4163 eorum
1557 4095 1599 4162 de
1627 4099 1778 4165 omnibus

351 4208 383 4263 et
405 4197 556 4283 singulis,
578 4204 730 4283 utquam
752 4193 998 4279 diligentissime
1020 4192 1251 4276 observentur,
1279 4194 1447 4281 requirant
1477 4204 1574 4282 atque
1600 4197 1778 4264 secundum

309 4307 342 4364 tt
354 4305 545 4361 statutorum
567 4294 812 4381 dispositionem
832 4301 982 4357 accurate
1004 4291 1288 4378 superintendant3
1310 4295 1485 4382 praecipue
1504 4293 1706 4362 infacultate
1727 4319 1776 4362 ar·

349 4397 430 4460 tium
455 4392 586 4459 easdem
612 4394 700 4458 vices
731 4402 805 4480 post
825 4399 984 4456 rectorem
1003 4391 1242 4472 universitatis,
1269 4391 1325 4478 qui
1346 4391 1380 4456 in
1402 4391 1550 4458 omnibus
1574 4397 1775 4481 superinten-

353 4492 431 4559 dere
452 4491 566 4574 debet,
587 4490 713 4558 duobus
735 4489 918 4556 senioribus
940 4487 980 4555 de
1002 4488 1138 4555 consilio
1160 4489 1305 4556 eiusdem
1337 4490 1513 4558 sallariatis
1540 4494 1710 4578 magistris
1736 4493 1778 4560 ad

352 4594 456 4658 instar
479 4589 720 4679 praedictorum
754 4591 876 4654 seriose
897 4589 1111 4674 iniungimus,
1143 4599 1178 4654 ut
1204 4597 1413 4674 statutorum,
1435 4590 1624 4656 facultatem
1654 4595 1775 4658 artium

350 4690 569 4776 tangentium,
591 4687 679 4754 nullo
701 4697 796 4776 pacto
819 4687 1014 4753 dissimilent
1033 4685 1105 4751 fieri
1126 4690 1434 4773 transgressionem,
1462 4689 1541 4776 quin
1565 4711 1642 4775 ymo
1666 4692 1778 4778 pocius

309 4789 490 4856 italiorum
513 4787 687 4874 implorata
707 4788 892 4852 assistentia
913 4785 1072 4850 decanum
1092 4785 1256 4852 facultatis
1276 4789 1395 4852 artium
1418 4787 1592 4874 diligenter
1611 4792 1778 4877 requirant

351 4912 391 4954 ac
412 4907 584 4976 proposse
606 4886 649 4950 ad
672 4885 735 4950 hoc
754 4883 960 4972 compellant,
982 4892 1017 4947 ut
1037 4884 1147 4949 omnia
1167 4886 1259 4950 iuxta
1279 4885 1460 4972 praefatam
1481 4886 1728 4974 dispositionem
1747 4899 1778 4953 et

351 4987 588 5053 ordinationem
610 4994 689 5070 agat
714 4984 773 5050 sub
798 5006 903 5071 poena
932 4983 1154 5068 suspensionis
1180 4981 1223 5046 ab
1251 4983 1473 5069 emolimentis,
1496 4987 1776 5075 quocienscunque

352 5085 394 5152 de
414 5083 679 5166 dissimilatione,
705 5082 904 5169 negligentia
925 5090 981 5145 aut
1002 5080 1168 5146 contrmia
1187 5081 1426 5148 machinatione
1452 5105 1512 5170 per
1537 5106 1598 5150 nos
1625 5094 1684 5150 aut
1704 5107 1775 5151 exe-
