3768 6072
593 447 643 498 nu
661 446 779 498 eunucu
798 461 850 498 von
869 423 1042 498 rear-rsa.
1474 449 1534 512 247

124 631 259 700 eiusdem
281 629 423 696 defuncti
444 627 585 694 doctoris
599 625 715 714 Sporn,
737 625 873 714 singulis
895 627 989 692 annis
1008 627 1105 694 tertia
1124 626 1207 691 feria
1225 637 1299 714 post
1312 625 1444 693 Exaudi
1466 650 1539 695 oum

123 731 235 818 vigiliis
258 740 290 795 et
312 729 460 817 sequenti
479 751 551 794 curn
574 728 682 794 missis
711 728 892 792 animarum
918 728 952 792 iu
980 727 1118 794 ecclesia
1143 725 1211 792 divi
1234 726 1360 792 Nicolai
1392 727 1538 814 episcopi

123 830 320 912 celebrando,
343 827 500 894 dederunt
521 837 553 892 et
573 827 822 912 assignaverunt
843 825 978 912 collegio
998 835 1109 892 nostro
1131 825 1272 910 domum,
1293 835 1388 892 extra
1407 826 1539 892 valvam

123 930 365 1018 Grymmensem
385 949 497 993 versus
519 925 669 992 rubetam
692 927 797 1008 sitam,
827 947 848 990 a
875 924 1015 1013 quodam
1043 926 1250 1008 seminatore,
1279 927 1409 990 nomine
1428 925 1538 992 Mathe

121 1029 209 1095 Koch
229 1027 407 1114 vulgariter
434 1035 629 1113 nuncupato,
661 1023 721 1090 sub
747 1022 839 1090 titulo
867 1021 1098 1112 redemptionis
1118 1048 1178 1112 pro
1206 1025 1426 1114 quadraginta
1445 1024 1539 1092 flore-
1563 1035 1579 1090 5

121 1129 167 1194 nis
196 1137 356 1216 emptam3
387 1149 469 1214 quae
503 1125 633 1214 quidem
665 1123 777 1190 domus
808 1123 984 1190 fructificat
1012 1127 1183 1210 quotannis
1210 1149 1308 1190 unam
1338 1147 1538 1211 sexagenum

120 1237 276 1294 novamet
296 1237 433 1314 quatuor
453 1248 594 1313 grossos,
616 1223 657 1289 de
680 1246 744 1311 qua
765 1225 904 1310 pecunia
925 1223 988 1290 duo
1009 1223 1123 1289 floreni
1144 1224 1280 1310 singulis
1302 1226 1395 1290 annis
1419 1223 1539 1292 cedunt

120 1349 175 1414 pro
198 1329 432 1409 anniversario,
459 1329 505 1391 ita
527 1334 563 1390 ut
590 1323 729 1411 plebano
757 1323 872 1388 dentur
900 1323 1083 1412 quindecim
1111 1327 1217 1409 grossi
1245 1334 1277 1390 ct
1306 1323 1470 1390 residuum
1497 1324 1538 1390 de

120 1425 185 1491 istis
207 1426 334 1492 dnobus
359 1425 488 1492 florenis
510 1425 594 1490 inter
614 1425 743 1506 fratres,
770 1432 807 1488 nt
834 1445 942 1511 supra,
971 1421 1147 1506 dividatur,
1175 1423 1258 1486 aliae
1279 1445 1357 1488 vero
1378 1425 1536 1511 pecuniae

120 1548 174 1612 pro
196 1535 359 1592 structura
379 1523 522 1591 eiusdem
545 1521 657 1590 domus
680 1533 712 1588 et
733 1545 832 1588 censu
850 1524 945 1588 unius
967 1523 1081 1610 grossi,
1103 1520 1284 1588 consulatui
1305 1522 1531 1609 persolvendo,
1545 1533 1577 1590 to

121 1625 151 1688 in
171 1627 308 1691 termino
331 1625 465 1692 Martini
485 1632 699 1688 reserventur.

435 1723 507 1789 Deo
527 1721 608 1806 laus,
630 1721 735 1809 gloria
756 1732 788 1787 et
808 1721 918 1788 honor.
954 1727 1032 1789 1506
1055 1730 1089 1785 ut
1110 1743 1219 1808 supra.

196 1887 257 1974 [Bl.
280 1885 351 1976 28¹³]
380 1889 461 1954 Item
488 1890 693 1977 praepositus
721 1887 848 1974 collegii
871 1897 1015 1976 tempore
1036 1887 1331 1952 anniversariorum
1353 1897 1533 1976 praetacto-

116 2013 180 2054 rum
203 1997 331 2054 tenetur
352 2010 470 2053 vocare
492 1989 610 2053 fratres
632 1987 692 2054 sub
714 1987 776 2052 hoo
797 1987 849 2054 vel
871 1985 1030 2052 consimili
1050 1995 1169 2052 tenore.

193 2088 403 2170 „Reverendo
425 2090 590 2174 magister,
618 2089 689 2152 sitis
716 2085 814 2154 hodie
839 2086 920 2151 hora
949 2087 1057 2175 prima
1085 2087 1118 2149 in
1145 2084 1267 2170 vigiliis
1296 2095 1327 2150 et
1353 2108 1426 2154 cras
1453 2087 1575 2154 hora15

117 2196 204 2252 sexta
233 2189 267 2253 in
293 2189 400 2254 missis
429 2189 620 2268 animarum,
649 2209 710 2272 pro
733 2187 954 2252 anniversario
976 2185 1098 2250 domini
1127 2183 1177 2250 .N.
1204 2184 1346 2250 doctoris
1374 2187 1407 2250 in
1436 2185 1534 2252 choro

116 2288 268 2353 ecclesiae
293 2287 397 2352 sancti
418 2285 545 2350 Nicolai
567 2285 787 2370 decantandis,
818 2287 878 2351 sub
901 2307 1005 2374 poena
1026 2284 1201 2350 carenciae.

536 2385 642 2450 Detur
664 2386 812 2452 omnibus
835 2385 1014 2472 collegiatis
1035 2385 1129 2450 huius
1150 2383 1277 2470 collegii
1300 2382 1491 2452 duntaxat.“

193 2523 239 2584 10.
277 2519 373 2582 Item¹
405 2518 440 2582 in
472 2516 621 2584 omnibus
653 2528 685 2582 et
716 2517 851 2606 singulis
883 2517 1113 2584 anniversariis
1144 2518 1356 2605 praescriptis
1389 2515 1533 2582 volentes

114 2619 225 2683 mereri
254 2618 456 2704 praesentias
479 2615 597 2682 debent
620 2617 766 2683 adinstar
792 2619 1087 2684 anniversariorum
1114 2616 1316 2682 dominorum
1345 2639 1388 2682 cx
1416 2617 1575 2682 maioriffl

114 2717 244 2803 collegio
266 2716 490 2782 defunctorum
516 2717 673 2782 interesse
694 2717 816 2804 vigiliis
842 2727 916 2783 ante
943 2718 1038 2784 finem
1067 2717 1164 2803 primi
1188 2718 1337 2782 nocturni
1364 2725 1397 2782 et
1424 2717 1533 2782 missis

113 2819 288 2882 animarum
314 2825 389 2881 autc
413 2814 592 2902 epistolam,
621 2815 818 2882 oblationem
839 2820 936 2882 trium
963 2818 1168 2884 denariorum
1189 2816 1350 2882 usualium
1374 2816 1532 2898 faciendo,

113 2926 141 2982 et
160 2918 337 2981 existentes
358 2917 393 2980 in
413 2914 598 2980 sacerdocio
620 2925 748 3000 extunc,
779 2919 807 2982 si
836 2927 909 2982 sunt
936 2917 979 2982 ad
1005 2919 1066 2983 hoc
1093 2915 1253 3003 dispositi,
1279 2915 1432 3006 alioquin,
1448 2917 1534 2982 infra

113 3027 256 3080 octavam
285 3025 341 3080 aut
363 3013 454 3096 alias,
484 3015 724 3102 quamprimum
746 3038 780 3081 se
804 3015 846 3081 ad
867 3015 1008 3082 officium
1032 3014 1215 3080 huiusmodi
1236 3014 1339 3080 abiles
1361 3017 1529 3098 senserint,

112 3115 151 3179 ad
170 3118 305 3180 missam
327 3136 424 3178 unam
445 3135 504 3200 pro
534 3115 642 3178 anima
666 3113 849 3180 fundatoris
877 3113 1114 3196 celebrandam,
1143 3113 1199 3179 alii
1225 3137 1302 3180 vero
1329 3137 1394 3180 non
1424 3126 1572 3181 sacer-25

113 3213 197 3280 dotes
220 3213 264 3280 ad
285 3212 458 3299 legendum
477 3211 607 3300 vigilias
628 3223 829 3278 mortuorum
850 3213 1011 3279 duntaxat
1031 3214 1156 3279 astricti
1176 3236 1247 3280 esse
1272 3212 1412 3280 debeant
1433 3223 1532 3302 atque

113 3313 252 3399 obligati
293 3311 404 3378 Portio
429 3321 534 3376 autem
557 3312 746 3378 absencium
773 3315 843 3380 sive
870 3313 1016 3401 exequiis
1043 3312 1227 3378 huiusmodi
1254 3313 1409 3380 interesse
1430 3313 1530 3400 negli-

110 3413 249 3498 gentium
277 3411 356 3476 fisco
385 3411 511 3498 collegii
541 3421 721 3494 accrescat,
751 3435 788 3478 eo
815 3421 912 3500 pacto
941 3423 977 3478 ut
1002 3413 1207 3502 praepositus
1230 3436 1289 3501 pro
1311 3422 1456 3501 ternpore
1477 3414 1531 3480 die

110 3507 345 3598 prox[29⁸]ima
367 3512 624 3576 anniversarium
646 3512 860 3598 praecedente
882 3511 1106 3579 ordinaciones
1133 3521 1164 3578 et
1191 3513 1400 3580 fundaciones
1420 3513 1529 3578 huius·

110 3611 191 3676 modi
216 3610 427 3697 exequiarum
453 3609 638 3676 doctoribus
660 3623 692 3676 et
712 3612 877 3697 magistris
908 3611 948 3676 de
977 3611 1112 3699 collegio
1140 3611 1336 3678 denunciare
1363 3623 1396 3678 et
1420 3612 1572 3700 legerett)

110 3719 254 3776 teneatur
281 3719 314 3774 et
335 3731 395 3795 pro
418 3731 454 3774 eo
476 3708 588 3776 labore
609 3720 641 3776 et
671 3709 902 3798 diligenciam
929 3711 991 3778 hiis
1022 3721 1054 3776 et
1081 3712 1169 3776 circa
1196 3735 1235 3777 ea
1262 3711 1422 3778 habendis
1449 3711 1529 3778 duos

108 3831 236 3894 grossm
261 3807 302 3872 de
323 3807 402 3874 fisco
426 3806 554 3894 collegii
575 3809 702 3878 habeat.
1285 3883 1289 3891 ,

189 3909 256 3974 11st
276 3906 372 3972 Anno
393 3906 514 3973 domini
534 3909 703 3976 millesimo
725 3912 982 3998 quingentesimo
1004 3912 1114 3997 quinto
1135 3910 1347 3978 decimanona
1368 3909 1421 3976 die
1441 3932 1528 3975 men-

108 4009 148 4072 sis
176 4007 259 4072 Maii
288 4013 383 4082 (1505
412 4013 440 4069 d.
469 4011 515 4073 19.
537 4013 619 4082 Mai)
647 4011 735 4074 circa
761 4011 880 4074 festum
908 4011 1011 4076 sancti
1038 4011 1184 4076 Servacii
1212 4009 1292 4076 obiit
1320 4011 1458 4076 eximius
1488 4032 1528 4074 ac

108 4106 294 4193 praeclarus
308 4107 369 4188 vir,
384 4105 532 4172 dominus
552 4108 748 4175 Iohannes
769 4108 904 4192 Fabri,
926 4109 1031 4174 alias
1055 4108 1273 4176 Obermair
1294 4108 1569 4193 deWerdeatb

107 4207 222 4272 artium
255 4227 295 4270 ac
325 4207 493 4293 utriusque
520 4208 601 4274 iuris
632 4207 753 4291 doctor,
783 4207 1011 4274 celeberrimus
1042 4208 1137 4273 huius
1168 4207 1295 4294 collegii
1329 4207 1527 4295 collegiatus,

108 4309 193 4372 cuius
215 4306 461 4388 testamentarii,
481 4305 633 4372 videlicet
656 4308 769 4374 Sixtus
789 4307 908 4373 Pfeffor
930 4307 970 4374 de
991 4306 1143 4390 Werdea,
1171 4306 1318 4373 similiter
1339 4309 1463 4374 arcium
1486 4331 1525 4374 ao

107 4408 268 4493 utriusque
296 4405 376 4469 iuris
398 4403 520 4489 doctor,
548 4407 649 4472 frater
670 4405 782 4473 Sixtus
803 4407 898 4493 Lang
919 4407 959 4472 de
977 4406 1121 4472 Werdea
1147 4415 1179 4472 et
1197 4405 1358 4472 Iohannes
1380 4406 1526 4491 Setteler,

107 4505 295 4592 Liptaenses
315 4503 412 4588 cives,
433 4527 498 4570 rma
517 4527 591 4572 oum
613 4505 807 4572 haeredibus
829 4505 908 4572 dicti
929 4506 1071 4572 doctoris
1083 4505 1246 4590 Iohannis,
1265 4505 1525 4601 videlicetAegi-

108 4603 158 4670 dio
178 4601 411 4690 Nurenberger
433 4613 465 4669 et
483 4605 627 4672 Iohanne
650 4605 763 4690 Goeta,
785 4606 910 4672 civibus
928 4605 1165 4688 Werdensium,
1188 4629 1229 4672 ex
1250 4615 1443 4672 testamento
1463 4617 1566 4694 proto

109 4712 262 4791 perpetua
291 4704 447 4770 memoria
474 4707 612 4792 praefati
635 4703 776 4772 doctoris
802 4706 954 4772 Iohannis
982 4704 1070 4792 apud
1098 4715 1245 4770 sanctum
1270 4705 1439 4772 Nicolaum
1467 4703 1523 4769 ob-

108 4801 266 4870 servanda
294 4813 422 4870 centum
449 4803 588 4870 florenos
616 4827 793 4892 reynenscs
823 4807 1072 4892 assignaverunt
1099 4815 1131 4870 et
1159 4805 1360 4872 donaverunt
1389 4803 1523 4890 collegio

189 5041 200 5092 1
219 5035 283 5092 Von
303 5035 419 5090 nudarer
435 5034 526 5092 Hand.

186 5125 202 5178 2
218 5121 287 5194 Dgl
304 5137 358 5176 von
375 5119 491 5177 anderes
506 5121 599 5178 Hand.
