3758 6072
527 473 611 526 Dritte
630 473 895 535 Statutsuredsotlon,
914 489 967 525 von
986 471 1180 528 sarth-1490.
1504 473 1564 538 397

137 653 320 722 domicellis
342 655 436 722 stab
459 654 542 739 aliis,
572 658 627 742 qui
647 655 701 722 bic
728 656 790 722 sub
813 658 956 744 propriis
984 665 1039 721 aut
1069 677 1198 722 suorum
1219 663 1389 741 parentum
1410 653 1462 720 vel
1487 655 1563 720 ami·

137 778 251 820 corum
273 765 331 821 aut
352 755 487 822 aliorum
507 755 678 841 stipendiis
700 766 733 820 et
754 757 906 844 expensis
926 754 1066 820 militant
1086 777 1144 822 seu
1167 753 1311 837 student3
1333 752 1376 818 ab
1391 753 1464 820 aliis
1476 777 1565 836 vero,

136 855 194 941 qui
214 857 250 918 in
270 865 364 942 parte
386 854 438 920 vel
459 857 494 919 in
514 863 582 921 toto
605 877 640 920 se
663 879 793 920 suarum
814 855 983 922 laboribus
1004 876 1158 919 manuum
1180 862 1237 918 aut
1257 853 1399 918 servitiis
1421 856 1566 918 nutriunt

136 963 168 1018 et
195 963 394 1036 sustentant,
422 976 484 1040 pro
516 952 706 1020 lectionibus
734 965 851 1037 totum,
882 954 940 1020 sed
971 977 1029 1042 pro
1060 953 1198 1018 exerciis
1228 954 1360 1040 capiant
1388 953 1566 1019 secundum

136 1053 224 1140 quod
255 1056 303 1118 eis
333 1055 425 1118 iuxta
456 1053 551 1118 deum
581 1063 612 1118 et
642 1055 862 1119 conscienciae
890 1055 998 1120 visum
1028 1053 1127 1118 fuerit
1155 1063 1381 1139 opportunum.
1425 1051 1491 1119 Sed
1522 1053 1565 1118 ab
1590 1063 1607 1118 5

136 1154 268 1218 omnino
291 1150 502 1239 pauperibus,
529 1152 689 1217 redimere
718 1156 878 1240 signatum
905 1153 1020 1218 decani
1046 1175 1112 1218 nou
1133 1151 1326 1236 valentibus,
1358 1161 1390 1216 et
1418 1175 1438 1217 a
1467 1154 1567 1218 servi·

134 1251 264 1318 toribus
295 1253 526 1339 magistrorum
555 1263 587 1316 et
616 1250 800 1336 doctorum,
832 1256 879 1318 ita
908 1253 993 1342 quod
1021 1252 1157 1342 quilibet
1177 1275 1288 1316 eorum
1309 1274 1372 1318 uno
1402 1251 1562 1318 duntaxat

135 1351 259 1416 famulo
282 1375 345 1438 quo
367 1352 410 1417 ad
432 1353 494 1416 hoc
516 1361 684 1418 contentus
706 1353 852 1435 existat,¹
874 1353 972 1418 nichil
998 1355 1127 1419 omnino
1148 1352 1317 1439 recipiant.
1357 1351 1402 1416 Et
1422 1351 1568 1440 quitquid

135 1453 335 1538 receperint,
366 1473 469 1538 usque
499 1450 542 1516 ad
570 1451 667 1516 finem
699 1451 872 1517 lectionum
904 1462 936 1517 et
968 1454 1203 1518 exerciciorum
1234 1450 1372 1516 fideliter
1401 1461 1569 1516 reservent

135 1551 369 1638 magistrisque
397 1549 579 1637 legentibus
606 1563 637 1616 et
667 1551 919 1639 disputantibus,
951 1553 979 1616 si
1008 1551 1213 1638 diligenciam
1241 1551 1274 1614 in
1303 1550 1428 1616 actibus
1456 1572 1568 1616 eorum
1580 1559 1611 1615 ¹0

135 1651 285 1733 iecerint,
309 1660 527 1737 praesentent.
557 1650 601 1715 Et
622 1649 811 1716 collectores
833 1665 865 1716 et
887 1661 1052 1717 taxatores
1074 1660 1187 1738 pastus
1209 1649 1249 1715 de
1269 1649 1415 1738 qualibet
1435 1651 1570 1738 antiqua

138 1771 309 1836 sexagena
329 1771 390 1836 pro
408 1748 521 1813 labore
542 1748 684 1815 babeant
705 1773 802 1814 unum
825 1773 976 1836 grossum
997 1773 1126 1834 novum,
1148 1761 1181 1814 et
1201 1749 1368 1814 audientes
1384 1759 1459 1814 ante
1473 1749 1570 1816 finem

136 1848 288 1913 lectionis
308 1847 361 1914 vel
390 1849 544 1914 exercicii
569 1847 760 1914 solutionem
781 1872 852 1914 cum
875 1851 989 1914 effectu
1011 1873 1070 1937 per
1091 1849 1261 1936 pecuniam
1284 1858 1340 1914 aut
1366 1851 1483 1936 pignus
1507 1849 1569 1914 suf·

136 1947 252 2012 ficiens
280 1947 401 2013 facient
421 1947 455 2012 in
477 1949 615 2013 termino
638 1949 801 2036 praefixo„
816 1945 900 2036 [lob]
944 1949 1017 2014 Non
1047 1949 1207 2014 solventes
1230 1958 1337 2015 autem
1360 1946 1419 2013 sub
1442 1948 1568 2014 actibus

137 2069 196 2134 per
223 2045 379 2112 iudicium
400 2049 536 2113 rectoris
565 2070 586 2112 a
611 2048 815 2113 taxatoribus
844 2048 886 2113 ad
913 2048 1106 2114 solutionem
1134 2049 1295 2134 integram
1327 2045 1611 2134 compellantur,15

137 2148 253 2212 moniti
282 2145 431 2212 omnibus
465 2146 690 2229 citationibus,
724 2145 764 2212 de
792 2149 955 2236 pecunia²
981 2159 1090 2212 tamen
1119 2147 1255 2233 legentis
1284 2157 1341 2212 aut
1374 2146 1570 2234 disputantis

137 2246 293 2333 expensis
324 2244 490 2329 deductis,
520 2269 584 2312 non
614 2249 851 2333 computatione
881 2247 1026 2314 lectionis
1055 2258 1111 2313 aut
1142 2239 1295 2311 exercicii
1324 2245 1411 2311 illius
1438 2249 1571 2312 minime

136 2344 298 2428 obstante,
324 2355 361 2410 ut
385 2344 567 2432 legentibus
590 2369 629 2409 ac
651 2345 902 2433 disputantibus,
927 2347 970 2412 ad
993 2346 1165 2433 diligenter
1184 2344 1358 2432 legendum
1379 2357 1434 2410 aut
1460 2345 1570 2434 dispu-
1594 2381 1599 2388 ·

137 2443 277 2510 tandum
298 2446 451 2530 astrictis,
483 2443 606 2533 aliquid
626 2467 687 2532 pro
709 2467 818 2511 eorum
840 2445 1007 2512 laboribus
1029 2444 1297 2512 certitudinalitcr
1318 2445 1516 2533 respondeat
1540 2456 1572 2511 et

139 2544 188 2608 eis
212 2545 401 2611 satisfaciat
1578 2554 1613 2611 20

589 2701 639 2762 24.
662 2712 922 2773 amanuenses
944 2714 1131 2762 oscsurun.

226 2827 292 2908 Qui
318 2834 426 2893 autem
455 2850 615 2914 pauperes
644 2829 803 2906 dicuntum,
833 2839 908 2894 sunt
934 2830 991 2911 hii,
1020 2851 1154 2914 quorum
1183 2837 1362 2915 paupertas
1385 2827 1518 2914 volgata
1541 2839 1573 2894 et

139 2925 252 2991 multis
273 2935 350 2993 nota
371 2929 499 3012 existit3
527 2927 580 2991 vel
600 2930 627 2992 si
647 2951 712 2993 non
732 2929 866 3014 volgata
887 2941 919 2993 et
940 2928 1048 2993 multis
1069 2937 1155 3011 nota,
1178 2926 1313 3016 probari
1335 2935 1443 3013 potest
1463 2938 1572 2993 tamen

139 3025 245 3092 literis
275 3027 445 3091 autenticis
475 3049 553 3091 suae
584 3029 724 3092 civitatis
753 3027 804 3091 vel
833 3026 984 3108 aliorum,
1015 3037 1073 3092 aut
1102 3049 1161 3113 per
1190 3025 1271 3090 duos
1299 3027 1489 3112 magistros,
1518 3029 1572 3115 qui

140 3124 357 3208 fideiubeant,
385 3138 421 3191 ut
449 3125 561 3191 literas
588 3127 766 3190 autenticas
794 3127 880 3190 infra
906 3125 1047 3190 medium
1076 3147 1195 3189 annum
1226 3124 1287 3190 sub
1309 3147 1415 3211 poena
1436 3127 1613 3211 periuriizt

141 3223 317 3311 disponere
343 3224 423 3288 velit
451 3235 507 3288 aut
536 3234 760 3311 paupertatem
791 3247 882 3288 suam
912 3227 1072 3289 veraciter
1102 3222 1252 3311 probare,
1279 3223 1332 3288 vel
1360 3245 1419 3310 per
1446 3223 1572 3311 aliquos

141 3345 301 3411 personas
327 3322 512 3409 fidedignas
540 3335 571 3388 et
599 3323 767 3405 honestas,
796 3323 912 3408 quibus
944 3333 1030 3388 certe
1059 3333 1186 3388 constat
1214 3322 1254 3387 de
1284 3345 1342 3386 sua
1369 3333 1572 3410 paupertate,

141 3422 206 3488 boc
225 3423 341 3488 docere
360 3432 484 3511 potest3
514 3433 637 3487 etcum
661 3422 759 3488 semel
787 3421 904 3509 aliquis
927 3443 1019 3486 suam
1045 3431 1273 3509 paupertatem
1296 3421 1486 3510 probaverit
1507 3423 1571 3486 suf-

141 3522 298 3605 ficienter,
326 3521 527 3610 peramplius
549 3525 592 3588 ad
619 3545 691 3589 eam
713 3520 917 3609 probandam
940 3522 1012 3606 cogi
1033 3543 1098 3586 non
1119 3519 1225 3604 debet,
1255 3520 1428 3588 dummodo
1449 3521 1489 3587 de
1510 3521 1572 3588 hoo

142 3644 204 3708 per
224 3619 364 3710 aliquem
386 3631 535 3688 constare
557 3623 686 3710 poterit,
708 3621 795 3710 quod
816 3643 876 3710 pro
898 3643 1044 3709 paupere
1065 3621 1287 3708 reputabatur.
1579 3631 1614 3687 30

579 3795 629 3856 25.
651 3807 699 3854 nn
720 3805 924 3856 masunuro
946 3806 1144 3856 rauranum

227 3919 369 4004 Placuit,
396 3921 484 4008 quod
510 3944 636 4009 pauper
657 3920 769 3986 volens
797 3931 907 4008 petere
931 3921 1148 3986 dimissionem
1168 3923 1252 3987 iuret
1259 3971 1267 4004 ,
1297 3920 1383 4009 quod
1404 3920 1491 3986 ultra
1520 3945 1572 3986 res

142 4031 176 4084 et
204 4019 304 4086 libros
331 4043 395 4086 non
424 4020 543 4085 babeat
569 4021 679 4086 decem
708 4019 846 4085 florenos
875 4019 917 4083 de
945 4020 1038 4086 bonis
1064 4019 1269 4086 hereditariis
1296 4021 1349 4086 vel
1378 4020 1571 4109 quibuscun-

142 4141 221 4204 que3
243 4130 275 4185 et
295 4119 336 4186 de
352 4119 415 4186 hoc
435 4119 556 4185 habeat
576 4121 700 4208 aliquos
719 4119 911 4206 fidedignos,
935 4123 990 4208 qui
1012 4119 1071 4186 sub
1092 4121 1296 4186 consciencia
1317 4143 1427 4186 eorum
1450 4121 1569 4205 dicant,

233 4391 243 4440 1
264 4385 318 4441 Die
335 4386 433 4442 Worte
455 4394 481 4442 et
498 4405 517 4440 a
534 4403 602 4440 seo.
626 4385 669 4441 bis
693 4387 792 4441 mactat
814 4383 874 4440 siud
896 4384 996 4441 wieder
1013 4383 1265 4458 durchgestrichen.
1302 4385 1431 4462 Anfangs
1449 4407 1505 4446 war
1522 4390 1573 4444 mit

145 4468 239 4524 sother
256 4468 339 4524 Tinte
361 4487 399 4524 an
420 4469 474 4525 den
491 4469 572 4524 Rand
595 4469 788 4542 gescbriebeu:
825 4471 889 4523 Hoc
912 4480 1079 4543 assumptam
1098 4479 1138 4526 est
1161 4474 1202 4526 ad
1220 4474 1339 4543 probam
1353 4491 1408 4544 per
1428 4475 1574 4530 dimidium

145 4571 253 4608 camon.
281 4553 366 4609 Danu
382 4554 420 4608 ist
435 4554 486 4608 mit
504 4552 657 4609 schwarzer
673 4554 758 4609 Tinte
777 4551 973 4624 binzugefdgt:
1007 4559 1044 4610 Et
1059 4555 1212 4626 depositum
1229 4559 1279 4610 sub
1296 4559 1431 4612 ἀοοαηαιιι
1446 4559 1574 4629 machoi

146 4637 395 4708 [omnisapiens
418 4638 534 4708 (14721‘).
569 4637 657 4693 Sollte
684 4638 809 4694 wirlrlicb
832 4639 883 4694 das
907 4637 991 4694 hslbe
1012 4639 1167 4710 Probejshr
1189 4644 1297 4712 geniigt
1321 4641 1419 4712 baben,
1442 4660 1487 4697 um
1513 4642 1572 4697 siob

146 4737 201 4774 von
226 4721 275 4775 der
298 4721 582 4794 Unangemessenheit
603 4724 682 4792 Jeuer
704 4723 878 4792 Auordnung
902 4739 937 4776 au
962 4722 1149 4796 iberaeugen,
1173 4742 1204 4779 so
1228 4727 1320 4782 wtirde
1345 4725 1446 4780 durans
1471 4725 1573 4798 folgeu,

146 4804 210 4860 dass
234 4805 278 4858 die
301 4806 476 4876 vorliegends
500 4805 775 4862 Ststuteursdaction
797 4806 840 4862 ius
863 4805 935 4861 Jshr
962 4812 1045 4864 laub
1069 4805 1139 4864 fiale.
1173 4807 1206 4862 In
1233 4809 1282 4865 der
1305 4810 1381 4864 Thet
1403 4811 1506 4881 glaube
1528 4811 1574 4865 ich

147 4887 219 4944 auch
235 4889 266 4942 in
282 4889 332 4944 der
346 4889 531 4946 Handschrift
547 4891 598 4944 mit
615 4889 772 4946 Sicherheit
789 4891 834 4946 die
850 4890 898 4944 des
914 4891 1073 4962 dumaligen
1089 4892 1210 4964 Decans,
1228 4893 1276 4950 des
1288 4893 1346 4950 Ioh.
1358 4893 1574 4968 Hertemberger

147 4971 181 5028 de
198 4971 331 5044 Elbogen,
348 4992 383 5028 zu
402 4974 553 5044 erkennen,
577 4991 606 5029 so
624 4974 689 5028 dass
705 4973 752 5028 ich
769 4973 842 5029 mich
859 4973 956 5046 befugt
972 4974 1102 5048 gebaltau
1120 4975 1200 5048 habs,
1216 4977 1276 5034 dies
1294 4977 1366 5033 Jebr
1382 4977 1424 5033 als
1440 4977 1491 5034 das
1507 4979 1573 5035 Ent-

148 5055 345 5127 stehungsjsbr
361 5057 391 5112 in
407 5058 457 5114 der
474 5057 667 5114 Ueberschrift
685 5059 853 5130 anaugeben.

232 5146 249 5197 2
266 5140 350 5198 Nicht
366 5159 438 5214 gana
456 5141 579 5198 deutlich
596 5141 785 5216 geschriebeu.
