3748 6070
312 481 371 547 340
816 475 866 530 Dis
884 477 1103 544 philosophiscbe
1116 477 1243 532 Faculttt

396 699 446 759 72.
468 711 515 758 ns
538 711 669 761 uuarru
691 711 925 764 cominiano
948 713 1015 761 rna
1036 709 1342 760 saccmsnmunos
1363 710 1400 758 m
1420 707 1568 758 surmus
1587 709 1655 758 vm

883 811 1162 862 marsrmunoa

888 933 950 997 vu.
968 948 994 986 ι.
1013 933 1050 984 ει.
1069 931 1112 997 aa,
1128 932 1151 982 r.

394 1045 476 1110 Item
498 1041 633 1130 quilibet
653 1043 881 1128 admittendus,
910 1047 965 1133 qui
986 1047 1153 1110 annuatim
1177 1043 1263 1108 ultra
1291 1061 1366 1108 xxx
1391 1041 1529 1108 florenos
1556 1042 1610 1106 hic
1637 1040 1731 1106 habet

271 1155 287 1210 5
316 1165 513 1226 consumere,
540 1153 685 1229 tempore
708 1165 785 1209 suae
807 1145 1013 1210 admissionis
1039 1144 1200 1210 tenebitur
1222 1145 1410 1230 promittere
1430 1141 1564 1223 decano,
1593 1150 1629 1205 ut
1654 1141 1736 1204 infra

313 1243 454 1309 medium
483 1265 602 1308 annum
625 1242 704 1307 velit
731 1243 795 1308 sibi
816 1247 985 1331 proprium
1004 1243 1151 1310 habitum
1180 1263 1366 1330 procurare,
1397 1241 1456 1306 sub
1477 1263 1584 1328 poena
1603 1259 1627 1305 x
1649 1263 1735 1326 gros·

313 1367 431 1424 sorum,
456 1365 537 1430 quos
560 1342 701 1410 decanus
721 1343 882 1408 tenebitur
904 1341 988 1431 [aab]
1016 1367 1088 1410 cum
1117 1343 1233 1408 effectu
1259 1342 1302 1407 ab
1330 1363 1368 1406 eo
1391 1341 1522 1426 exigere
1552 1349 1585 1406 et
1610 1340 1735 1406 eosdem

314 1442 378 1508 sibi
399 1464 576 1511 reservare.

809 1599 856 1662 73.
878 1611 925 1658 ns
946 1610 1036 1660 ncru
1057 1608 1240 1658 massora.

275 1754 307 1808 10
892 1749 953 1812 Vgl.
972 1763 996 1799 a.
1017 1746 1054 1798 St.
1072 1745 1114 1809 22,
1132 1747 1156 1796 'l.

396 1875 478 1939 Item
504 1875 640 1963 quilibet
660 1877 772 1943 volens
800 1901 870 1944 esse
892 1888 968 1945 actu
988 1899 1105 1963 regens
1127 1874 1224 1941 debet
1250 1876 1396 1962 incipere
1421 1873 1623 1940 ordinarium
1649 1895 1737 1937 suum

315 1983 390 2039 ante
409 1974 527 2039 festum
548 1977 690 2042 omnium
710 1987 906 2063 sanctorum,
936 1980 963 2043 si
985 1998 1141 2065 praesens
1163 1975 1279 2059 fuerit3
1309 1977 1338 2040 si
1363 1984 1471 2042 autem
1491 1973 1611 2039 absens
1637 1974 1738 2054 fuerit,

316 2083 392 2138 turm
413 2075 514 2138 currit
535 2073 598 2140 sibi
617 2085 746 2163 tempus
767 2078 945 2166 incipiendi
965 2087 998 2142 et
1019 2075 1199 2164 recipiendi
1222 2087 1297 2142 ante
1317 2075 1433 2140 festum
1453 2075 1634 2139 nativitatis
1651 2072 1737 2138 Obri-

317 2173 369 2238 sti.
412 2173 456 2238 Et
482 2173 644 2239 tenebitur
673 2177 808 2264 quilibet
836 2177 1037 2244 ordinarium
1067 2198 1160 2240 suum
1187 2175 1296 2264 legere
1325 2173 1454 2261 publice
1483 2175 1517 2238 in
1545 2172 1652 2255 scolis,
1679 2172 1739 2236 nisi

276 2272 438 2340 ludecano
459 2275 650 2357 constiterit,
672 2275 759 2363 quod
782 2299 847 2342 non
868 2279 988 2364 poterit
1009 2275 1130 2342 habere
1151 2274 1321 2341 lectorium
1341 2285 1400 2340 etc.

400 2464 448 2523 74.
470 2473 542 2523 cust
561 2475 657 2536 Quor
678 2477 792 2526 cussus
812 2479 857 2526 nr
880 2475 1119 2526 rascrnrmss
1140 2474 1422 2524 ursessssroass
1444 2473 1661 2522 rscunmms

829 2576 986 2626 rossuur
1008 2575 1231 2624 nrsrnssans.

892 2713 952 2776 vgl.
973 2727 998 2762 a.
1018 2711 1055 2762 St.
1074 2710 1115 2774 22,
1133 2713 1157 2762 4.

401 2839 493 2922 Item,
522 2839 549 2904 si
573 2839 691 2927 aliquis
718 2839 761 2905 ad
788 2840 927 2928 gradum
952 2840 1191 2906 baccalariatus
1216 2839 1455 2928 promovendus
1476 2839 1654 2928 indiguerit
1679 2837 1740 2902 dis-

276 2939 528 3026 20peusacione,
555 2961 620 3004 non
645 2949 797 3026 poterunt
819 2941 1060 3027 dispensatores
1089 2940 1193 3006 lacius
1213 2963 1286 3005 cum
1314 2964 1351 3006 eo
1378 2941 1569 3027 dispensare
1590 2941 1652 3004 nisi
1672 2961 1739 3002 cum

318 3060 381 3102 uno
413 3036 496 3102 libro
523 3038 663 3124 porcioli
689 3038 851 3104 attribue
877 3040 1079 3106 tractatibus.
1119 3040 1212 3106 Idem
1237 3039 1426 3126 intelligitur
1454 3039 1495 3105 de
1516 3037 1738 3127 promovendo

320 3136 362 3202 ad
384 3138 618 3222 magisterium,
640 3140 703 3204 nisi
725 3138 810 3222 talis,
833 3140 1005 3206 sufficienti
1026 3136 1198 3225 diligentia
1219 3138 1374 3223 adhibita,
1400 3163 1465 3204 non
1486 3141 1630 3228 potuerit
1649 3138 1739 3204 lecto

318 3259 370 3300 ras
398 3236 562 3319 habuisse,
592 3236 632 3302 de
660 3261 723 3324 quo
753 3238 814 3304 sub
844 3241 1048 3306 consciencia
1078 3260 1137 3304 sua
1166 3239 1407 3326 dispensatores
1434 3238 1640 3322 informabit3
1669 3247 1739 3302 tunc

318 3346 471 3423 poterunt
493 3359 564 3402 cum
586 3336 713 3404 duobus
734 3336 827 3404 libris
847 3339 1002 3405 totalibus
1024 3361 1099 3404 cum
1121 3340 1193 3426 ipso
1215 3337 1413 3426 dispensare.

273 3527 308 3584 25
391 3526 439 3587 75.
461 3539 509 3586 us
531 3538 858 3589 nrsrsrssncroumus
881 3541 1063 3589 sacramus
1084 3540 1155 3589 cuu
1176 3538 1472 3588 sssrousroumus
1491 3539 1559 3586 vm.
1580 3538 1662 3588 sou.

906 3675 967 3738 vgl.
983 3690 1007 3725 a.
1026 3675 1063 3725 St.
1081 3674 1122 3735 22,
1140 3674 1164 3726 6.

399 3803 481 3867 Item
514 3801 755 3889 dispensatores
784 3804 825 3870 de
854 3805 1119 3892 responsionibus
1149 3805 1323 3872 ordinariis
1351 3803 1509 3870 faciendis
1542 3829 1602 3893 per
1628 3805 1737 3872 bacca·

318 3899 483 3966 lariandos
504 3900 554 3966 vel
577 3903 816 3989 magistrandos
836 3928 900 3970 non
922 3904 1043 3970 habent
1065 3906 1257 3994 dispensare
1278 3915 1391 3971 contra
1418 3915 1587 3989 statutum,
1619 3905 1676 3971 aad
1701 3905 1737 3969 de

320 4000 590 4066 extraordinariis
623 4015 759 4089 possunt
785 4005 877 4069 iuxta
909 4006 1112 4089 exigenciam
1140 4029 1297 4092 personae
1325 4006 1472 4093 petentis.
1514 4004 1607 4072 Idem
1630 4003 1737 4072 intelli·

277 4099 409 4185 30gitur
431 4097 472 4164 de
497 4099 690 4168 baccalariis
711 4103 939 4190 promovendis
961 4103 1004 4168 ad
1025 4105 1259 4190 magisterium.

348 4289 396 4350 76.
419 4301 590 4362 Quououo
612 4304 684 4354 cuu
704 4305 841 4352 ausura
863 4304 998 4354 rorssr
1021 4305 1233 4353 Diseussisse
1256 4305 1433 4355 sacunrss
1453 4307 1498 4354 ss
1521 4305 1593 4355 cust
1613 4307 1715 4355 sxss·

852 4403 943 4453 crcro
964 4407 1009 4454 ss
1033 4403 1215 4454 nsccrous.

400 4517 483 4583 Item
504 4540 577 4584 cum
602 4519 691 4585 nullo
720 4520 777 4585 fiat
805 4519 1004 4607 dispensatio
1035 4543 1092 4606 per
1121 4519 1307 4586 facultatem
1334 4522 1399 4585 nisi
1427 4520 1470 4585 ad
1498 4523 1676 4588 maximum
1700 4519 1737 4586 ad

318 4617 465 4707 quartale
486 4619 580 4683 unius
603 4620 689 4702 anni,
719 4630 750 4684 et
772 4619 857 4703 talis,
887 4621 942 4707 qui
964 4621 1046 4706 petit
1073 4619 1364 4705 dispensacionem,
1386 4619 1483 4686 debet
1503 4619 1626 4686 habere
1647 4642 1737 4687 unum

276 4719 512 4804 &magistrum
534 4718 568 4781 in
589 4717 750 4803 facultate,
781 4721 836 4808 qui
864 4718 943 4782 dicit
968 4720 1002 4783 in
1030 4719 1232 4783 consciencia
1259 4743 1327 4804 sua,
1353 4719 1502 4786 omnibus
1527 4719 1737 4802 audientibus,

319 4818 404 4905 quod
427 4817 530 4883 credit
552 4816 642 4882 illum
665 4817 774 4883 valere
796 4818 839 4883 ad
859 4817 949 4882 illum
970 4815 1119 4904 gradum,
1140 4841 1235 4906 quem
1260 4843 1320 4906 pro
1342 4819 1400 4886 illa
1418 4821 1490 4884 vioe
1511 4819 1651 4886 intendit
1671 4842 1737 4885 con·

319 4920 426 5002 sequi3
457 4929 489 4983 et
518 4918 545 4983 si
574 4917 656 5002 petit
684 4916 963 5005 dispensacionem
991 4940 1089 5002 super
1114 4915 1223 5003 aliquo
1248 4921 1422 5002 exercicio,
1450 4921 1493 4984 sit
1521 4919 1737 5007 quodcunque,

319 5017 424 5081 solvat
452 5040 511 5103 pro
540 5015 595 5080 illo
619 5015 767 5081 facultati
799 5025 810 5082 1
842 5017 1016 5096 florenum3
1046 5017 1074 5081 si
1101 5039 1178 5081 vero
1207 5017 1304 5083 fuerit
1330 5019 1440 5100 leccio,
1468 5019 1575 5085 solvat
1600 5017 1736 5085 facultati

317 5127 445 5202 pastum
470 5114 603 5201 duplum
627 5115 720 5180 istius
741 5116 901 5181 leccionis.
