3794 6066
693 471 811 524 Libellus
827 425 986 523 lormularia
1533 481 1588 542 141

125 655 189 740 qud
205 649 308 716 modo
328 661 517 736 provocent,
539 659 571 714 et
591 660 627 715 nt
646 653 782 739 quisque
798 675 858 740 pro
877 676 912 718 se
927 654 1016 718 eirca
1035 652 1148 718 horam
1171 649 1256 740 [63⁵]
1279 676 1398 720 nonam
1420 655 1549 721 domurn

125 763 175 816 eat
194 760 227 815 et
248 749 295 814 ad
315 748 550 815 habitationem
571 771 663 815 suam
687 773 722 816 se
744 751 899 835 conferat,
919 774 981 818 uec
1002 761 1077 816 ante
1099 751 1236 838 collegia
1256 754 1303 816 sic
1323 755 1488 836 consistat,
1516 767 1549 820 ut
1670 765 1673 775 ⁴

126 848 411 938 praetereuntibus
431 848 484 913 vel
509 849 645 914 iniurius
669 851 711 914 sit
731 849 783 915 vel
806 851 969 932 molestus,
996 851 1054 916 sub
1077 873 1100 918 x
1125 873 1297 917 aureorum
1323 851 1454 936 mulcta,
1482 856 1548 918 uni·

125 949 273 1014 versitati
296 947 515 1036 persolvenda
535 957 595 1013 etc

754 1105 819 1165 121.
846 1117 938 1164 snm.
1577 1113 1593 1168 5

208 1231 377 1312 Quoniam
399 1230 550 1296 hesterna
571 1229 624 1295 die
646 1232 726 1296 satis
747 1239 797 1296 est
817 1242 1024 1318 prospectum
1045 1253 1065 1296 s
1086 1231 1271 1297 consulibus
1292 1242 1325 1297 et
1350 1235 1552 1300 senatoribus

126 1331 215 1396 urbis
241 1331 340 1395 huius
372 1328 598 1417 tranquillitati
626 1329 840 1418 publicasse
866 1353 935 1416 pax
961 1341 993 1394 et
1020 1331 1194 1396 concordia
1222 1332 1416 1417 gravissimo
1446 1333 1552 1398 edicto

127 1433 204 1496 satis
225 1430 361 1494 firmata
380 1451 452 1494 esse
471 1427 632 1512 videatur,
660 1452 731 1494 cum
754 1439 885 1494 senatus
907 1430 1122 1512 interdixerit,
1150 1452 1215 1494 non
1239 1429 1299 1494 sub
1322 1429 1432 1518 aliqua
1452 1455 1551 1519 pecn-

124 1531 230 1594 niaria
252 1527 385 1612 mulcta,
414 1526 472 1592 sed
502 1527 562 1593 snb
585 1551 691 1614 poena
711 1527 858 1615 capitali,
887 1551 928 1592 ne
956 1531 1028 1617 quis
1056 1552 1097 1594 ex
1125 1528 1317 1615 pellionibus
1347 1538 1378 1593 et
1406 1531 1552 1617 ipsorum

122 1629 283 1694 ministris
318 1624 403 1715 [64⁸]
435 1637 491 1692 aut
523 1649 565 1690 cx
598 1627 721 1716 reliquo
752 1627 926 1692 cerdonum
959 1651 1078 1714 genere
1111 1629 1211 1694 ullum
1238 1627 1408 1693 tumultum
1438 1639 1595 1696 contrait]

123 1739 253 1794 nostros
276 1727 392 1813 quovis
413 1737 586 1812 praetextu
607 1725 660 1791 vel
682 1727 716 1790 in
737 1726 799 1792 hac
818 1728 953 1812 regione
973 1726 1024 1791 vel
1047 1728 1179 1792 inaliis
1207 1730 1328 1793 excitet
1354 1739 1410 1792 aut
1439 1727 1551 1794 turbas

124 1827 206 1892 ullas
239 1824 457 1914 quovismodo
485 1826 638 1911 incipiat,
670 1848 808 1912 acquum
837 1837 902 1911 est,
932 1837 967 1890 ut
997 1849 1057 1891 nos
1087 1848 1214 1913 quoque
1243 1849 1358 1914 pacem
1388 1825 1552 1914 publicam

123 1927 244 1992 uostris
269 1925 385 1989 studiis
408 1924 664 2011 comprobemus.
705 1924 773 1991 Nos
794 1927 914 2014 itaque,
936 1925 1101 1990 Arnoldus
1114 1926 1322 1993 Woestefelts
1345 1935 1414 2007 etc,
1435 1936 1553 2008 rector,

123 2025 319 2090 mandamus
351 2022 499 2089 omnibus
530 2037 562 2088 st
593 2023 729 2110 singulis
761 2026 978 2111 cuiuscunque
1009 2024 1131 2089 ordinis
1163 2025 1380 2107 scholasticis,
1412 2047 1452 2089 ne
1482 2028 1554 2112 quis

125 2125 300 2190 temerario
321 2145 403 2187 ausu
423 2121 508 2187 hanc
529 2123 735 2188 concordiam
758 2122 954 2188 interturbet
983 2134 1040 2189 aut
1066 2123 1227 2190 artificum
1248 2124 1405 2188 ministris
1438 2127 1553 2211 quovis
1565 2134 1595 2189 15

126 2234 221 2310 pacto
249 2224 293 2286 sit
318 2222 465 2303 iniurius,
493 2220 553 2285 sub
582 2243 689 2307 poena
715 2221 924 2308 relegationis
946 2222 997 2288 vel
1023 2221 1220 2288 exclusionis
1242 2245 1302 2309 pro
1326 2222 1462 2287 arbitrio
1485 2225 1553 2288 uni·

123 2322 291 2387 versitatis
307 2319 467 2386 dictanda.
488 2321 570 2385 Item
585 2320 751 2404 edicimus,
773 2344 814 2386 ne
836 2323 883 2386 sic
902 2323 1091 2386 catervatim
1111 2324 1215 2389 nostri
1236 2331 1310 2386 ante
1325 2319 1463 2407 collegia
1479 2344 1552 2385 con-

126 2420 175 2506 [ot
183 2420 209 2508 ¹²]
232 2419 463 2506 glomerentur,
491 2429 526 2483 ut
556 2419 779 2484 conventicula
808 2432 840 2484 et
868 2424 1123 2506 conspirationes
1156 2421 1279 2486 faciant
1307 2430 1339 2484 et
1370 2418 1554 2484 discordiae

125 2519 306 2606 praebeant
327 2519 545 2601 seminarium,
568 2517 627 2582 sub
650 2541 756 2606 poena
776 2521 810 2585 in
832 2520 960 2584 statutis
982 2542 1155 2607 expressa:
1184 2543 1256 2584 cum
1278 2541 1388 2584 omnes
1411 2518 1552 2583 debeant

125 2641 194 2684 esse
215 2641 387 2700 memores,
418 2616 481 2682 hue
507 2639 541 2682 se
567 2641 587 2681 a
614 2618 804 2705 parentibus
831 2641 895 2683 non
923 2617 966 2682 ad
992 2617 1211 2704 gladiaturam
1237 2617 1295 2684 sed
1321 2617 1365 2682 ad
1391 2617 1596 2684 bonarnmttl

127 2720 244 2783 artium
264 2726 483 2782 mercaturam
505 2717 632 2782 missos.
656 2716 702 2782 VI
725 2717 819 2784 Iunii.

624 2905 691 2967 122.
717 2917 870 2966 amanen
890 2917 1102 2966 meormnrn

208 3034 298 3115 Quia
324 3034 561 3100 illustrissimus
588 3034 742 3121 princeps
765 3033 937 3116 Georgius,
968 3032 1035 3098 dux
1058 3032 1221 3098 Senoniae
1251 3043 1284 3098 et
1311 3035 1457 3102 marchio
1477 3035 1555 3102 Mis-

128 3135 210 3218 niae,
233 3133 383 3199 dominus
406 3143 439 3198 et
458 3132 631 3198 Maecenas
654 3132 832 3196 studiorum
853 3140 1037 3196 nostrorum
1061 3131 1340 3218 clementissimus,
1363 3134 1406 3198 ad
1426 3137 1555 3200 univer·

127 3235 231 3299 sitatis
267 3233 519 3321 postulationem
554 3235 601 3297 sic
630 3233 764 3318 scripsit
796 3229 898 3296 nobili
931 3252 970 3295 ac
998 3240 1128 3296 strenuo
1159 3241 1190 3296 et
1221 3255 1294 3297 cum
1322 3235 1436 3320 primis
1466 3234 1597 3299 clareto

126 3335 211 3398 arcis
241 3332 337 3398 huius
366 3333 530 3420 praefecto
551 3355 590 3396 ao
616 3329 739 3417 inclyto
768 3329 893 3394 senatui
918 3327 1092 3416 Lypseusi,
1119 3340 1155 3395 ut
1180 3327 1263 3417 [65⁵]
1286 3332 1382 3397 nobis
1406 3332 1487 3396 nihil
1514 3335 1557 3397 sit

127 3432 167 3496 de
188 3434 223 3496 vi
244 3431 453 3497 metuendum
474 3431 624 3519 amplius,
652 3453 725 3494 cum
746 3430 793 3494 sic
815 3429 975 3514 rescripto
999 3452 1056 3494 suo
1076 3451 1174 3494 verus
1195 3439 1289 3516 pater
1309 3433 1436 3517 patriae
1457 3431 1555 3496 rebus

126 3533 247 3596 nostris
276 3531 493 3618 prospexerit,
519 3541 555 3595 ut
576 3554 644 3618 pax
665 3537 823 3616 perpetua
843 3526 937 3592 uobis
959 3526 1090 3593 reddita
1109 3527 1269 3612 videatur,
1296 3553 1366 3612 nos,
1391 3529 1556 3596 Arnoldus

125 3629 345 3713 Woesteselts,
365 3639 482 3713 rector,
503 3641 539 3695 ut
558 3640 702 3696 nostrum
718 3650 844 3715 quoque
861 3626 1003 3692 officium
1021 3626 1065 3692 ad
1083 3629 1325 3716 requisitionem
1347 3627 1556 3694 illustrissimi

128 3731 287 3817 principis
308 3731 413 3795 nostri
432 3729 599 3812 faciamus,
626 3751 667 3793 ne
692 3729 726 3792 in
747 3727 842 3794 nobis
864 3726 931 3794 ulla
951 3729 1035 3792 ratio
1058 3727 1252 3793 concordiae
1273 3728 1325 3794 vel
1347 3728 1482 3794 alendae
1504 3727 1598 3794 vel³0

132 3828 348 3894 stabiliendae
375 3828 491 3893 merito
518 3828 711 3916 desyderari
742 3837 854 3915 queat,
883 3827 1039 3893 edicimus
1069 3850 1110 3892 ex
1138 3827 1302 3914 superfluo
1339 3833 1427 3906 (nam
1459 3851 1557 3916 saepe

130 3929 214 3994 idem
237 3929 372 3993 lecimus
393 3935 513 4011 autea),
544 3951 584 3992 ne
607 3929 679 4015 quis
705 3949 747 3992 ex
767 3928 897 4010 nostris,
920 3929 1138 4013 cuiuscunque
1165 3926 1289 3992 ordinis
1311 3938 1367 3993 aut
1386 3926 1557 4014 dignitatis

131 4029 239 4111 fuerit,
266 4049 382 4115 pacem
412 4027 576 4114 publicam
605 4037 637 4092 et
665 4048 865 4091 communem
894 4026 1100 4091 concordiam
1127 4026 1334 4108 interturbet,
1363 4027 1422 4092 sub
1452 4050 1559 4115 poena

129 4127 181 4192 vel
213 4126 422 4214 relegationis
450 4127 502 4192 vel
539 4127 736 4194 exclusionis
765 4149 825 4213 pro
855 4124 990 4190 arbitrio
1018 4127 1240 4190 universitatis
1275 4125 1438 4192 dictanda
1479 4127 1558 4193 Dat.

130 4237 190 4292 etc.
214 4232 303 4296 1533.
1564 4235 1597 4292 35

341 4382 407 4445 123.
430 4375 489 4464 [Bl.
510 4381 549 4444 65
557 4374 583 4465 b]
604 4395 652 4442 nu
674 4391 893 4443 cnsnonmns
914 4391 987 4439 non
1008 4391 1217 4440 sxcrmrms
1239 4391 1393 4444 vassum

210 4511 314 4576 Vetus
337 4519 491 4575 statutum
513 4518 571 4593 est,
598 4533 660 4598 quo
689 4531 709 4574 a
735 4509 913 4574 maioribus
942 4509 1163 4573 universitatis
1192 4517 1323 4572 nostrae
1350 4519 1559 4596 prospectum

130 4620 195 4694 est,
224 4611 360 4697 nequis
383 4609 541 4674 clamores
563 4607 733 4675 horribiles
754 4609 890 4690 excitet,
919 4607 1034 4694 quibus
1054 4606 1106 4672 vel
1135 4607 1338 4693 privatorum
1359 4606 1468 4672 studia
1492 4607 1557 4672 lae

131 4709 250 4774 dautur
279 4709 330 4773 vel
364 4707 596 4774 interturbatur
625 4706 757 4795 pubhcs
785 4705 1015 4796 tranquillitas.
1059 4706 1269 4792 Quapropter
1295 4729 1365 4790 nos,
1394 4706 1558 4771 Aruoldus

133 4807 195 4890 W,
217 4817 335 4890 rector,
357 4807 549 4874 mandamus
570 4806 718 4873 omnibus
743 4828 782 4871 ac
804 4805 940 4892 singulis
962 4807 1181 4891 cuiuscunque
1203 4804 1326 4870 ordinis
1348 4805 1602 4888 scholasticis,40

131 4917 167 4972 ut
197 4907 239 4972 ab
274 4907 434 4974 eiusmodi
466 4905 660 4974 clamoribus
692 4905 872 4972 inhonestis
904 4909 1116 4992 imposterum
1148 4927 1283 4990 prorsus
1315 4903 1500 4968 abstineant
1530 4913 1563 4967 et

131 5029 235 5092 neque
254 5007 290 5070 in
311 5006 428 5092 plateis
447 5029 551 5094 neque
572 5007 606 5070 in
627 5001 882 5070 habitationibus
912 5006 989 5087 suis,
1011 5003 1045 5067 in
1067 5001 1211 5087 collegiis
1232 5003 1286 5068 vel
1306 5011 1401 5067 extra
1421 5000 1576 5096 collegia¹

131 5116 198 5172 tom
218 5108 413 5192 impotenter
432 5103 719 5171 vociferationibus
738 5103 984 5186 tumultuentur,
1007 5125 1080 5170 cum
1103 5104 1146 5167 sit
1165 5103 1398 5188 turpissimum,
1427 5103 1473 5165 sio
1496 5111 1561 5168 stu-
