3768 6072
324 457 383 524 198
897 457 952 508 Das
970 469 1064 522 grosse
1081 455 1186 520 consa.

325 647 422 727 petua
444 661 465 704 a
486 638 622 726 collegio
643 639 684 704 sit
704 638 866 704 exclusus.
895 637 931 704 Si
951 659 1030 704 vero
1052 638 1234 704 convicium
1254 637 1308 703 vel
1332 639 1453 703 crimen
1474 637 1632 724 magistro
1649 636 1750 724 impo

322 747 432 924 21:2qu
427 739 514 903 1:1th
541 748 609 804 tres
640 736 711 802 dies
742 738 922 805 satisfaciat
953 739 1046 804 iuxta
1078 737 1242 803 dictamen
1271 733 1416 823 collegi,
1447 735 1531 802 alias
1563 757 1584 801 a
1616 734 1751 820 mllegio

573 1007 621 1070 48.
644 1020 691 1066 os
711 1019 828 1068 sonus
846 1019 1059 1070 uurmssrrs
1080 1017 1237 1080 sameas
1257 1017 1294 1066 ns
1316 1015 1501 1066 concusso.
1576 1094 1578 1102 Α

280 1147 297 1200 5
405 1130 466 1221 [ΒΙ.
482 1133 534 1220 9·]
557 1135 640 1200 Item
661 1136 845 1223 quicunque
864 1134 1005 1223 aliquem
1024 1136 1058 1200 in
1079 1132 1214 1220 collegio
1235 1131 1446 1215 mutilaverit,
1470 1139 1628 1220 perpetue
1648 1152 1670 1196 a
1691 1130 1753 1196 col·

322 1233 407 1319 legio
430 1233 473 1298 sit
494 1233 654 1300 exclusus.
696 1233 733 1299 Si
754 1257 832 1301 vero
854 1235 948 1302 aliter
967 1234 1181 1320 percusserit,
1207 1241 1338 1320 praeter
1358 1231 1481 1298 scilieet
1502 1229 1753 1312 mutilacionem,

323 1330 428 1399 donec
448 1333 536 1418 parti
556 1331 666 1398 laesae
689 1343 721 1398 et
742 1332 877 1420 collegio
900 1333 1111 1416 satisfecerit,
1137 1334 1179 1396 sit
1201 1330 1361 1414 exclrssus,
1390 1341 1422 1398 et
1444 1329 1635 1416 collegiatus
1656 1327 1754 1394 talem

321 1432 435 1496 fovens
462 1453 522 1496 sua
548 1441 660 1496 careat
687 1435 853 1520 porcione,
880 1432 984 1498 donec
1014 1434 1062 1497 sic
1090 1431 1281 1518 percuciens
1310 1452 1331 1495 a
1360 1431 1496 1516 collegio
1525 1430 1568 1495 sit
1594 1427 1754 1515 repulsus.

323 1530 367 1596 Et
390 1528 425 1594 id
455 1537 609 1596 statutum
631 1553 704 1599 cum
730 1530 917 1597 immediate
943 1529 1152 1620 praecedenu’
1174 1531 1279 1595 eciem
1300 1531 1463 1617 respicere
1485 1527 1583 1595 debet
1604 1526 1754 1596 combur-

283 1625 419 1695 locales.

427 1844 485 1910 VI.
513 1842 676 1909 Statuta
697 1844 976 1931 respiciencia
997 1855 1269 1910 conventores
1290 1852 1329 1908 et
1349 1841 1649 1909 combursales

653 2013 701 2076 49.
722 2026 768 2074 nr
789 2021 897 2074 samo
918 2028 964 2075 os
985 2026 1087 2077 rsonc
1107 2026 1263 2078 uocsunr
1281 2025 1421 2074 russas.

405 2140 533 2206 Placuit
550 2138 695 2226 collegio,
723 2140 811 2228 quod
831 2141 981 2208 decatero
1002 2140 1092 2208 nulla
1112 2141 1285 2208 bursarum
1307 2139 1437 2226 collegii
1458 2139 1556 2205 alicui
1577 2138 1680 2204 locari
1703 2137 1755 2202 de

324 2237 400 2304 beat
421 2239 490 2304 sine
510 2237 715 2304 fideiussoris
734 2241 896 2307 caucione.

283 2429 314 2484 15
347 2425 396 2484 50.
416 2436 463 2484 ΒΕ
484 2435 655 2486 ruomsso
676 2436 919 2488 convuuroms
940 2439 1072 2488 FIENDO
1095 2438 1313 2489 PRAEI’OSI'I'O
1335 2437 1499 2485 'ramme
1519 2436 1730 2486 pectorosus

941 2539 1134 2588 sensnum

404 2649 486 2716 Item
507 2650 643 2740 quilibet
661 2662 838 2718 conventor
858 2662 1006 2739 tempore
1026 2654 1257 2719 convencionis
1277 2649 1398 2717 bursae
1418 2661 1546 2717 tenetur
1566 2653 1756 2739 promittere

322 2750 509 2836 praeposito
530 2748 669 2835 collegii,
692 2749 789 2836 quod,
820 2753 848 2816 si
870 2753 1052 2837 contingat,
1083 2753 1191 2840 ipsum
1212 2749 1353 2838 aliquem
1373 2773 1544 2816 excessum
1564 2752 1598 2814 in
1621 2749 1756 2836 collegio

323 2857 521 2935 perpetrare,
543 2848 631 2935 quod
651 2871 748 2935 super
766 2849 821 2915 illo
843 2849 922 2914 velit
943 2860 1030 2916 stare
1051 2853 1086 2916 in
1106 2850 1284 2916 dictamine
1301 2848 1446 2936 collegii,
1474 2859 1506 2914 et
1527 2848 1616 2936 quod
1634 2847 1756 2914 nullum

281 2945 401 3012 lovelit
421 2946 463 3012 ad
484 2946 619 3012 bursam
640 2945 819 3028 admittere,
848 2950 913 3013 nisi
933 2951 1025 3037 prius
1053 2949 1117 3016 sibi
1141 2949 1342 3036 promiserit,
1371 2947 1468 3035 quod,
1499 2949 1528 3012 si
1550 2969 1624 3012 eum
1645 2957 1758 3014 contra

323 3053 444 3111 statrta
464 3044 593 3131 collegii
614 3044 772 3110 excedere
794 3049 975 3134 contingat,
1007 3071 1147 3135 poenam
1168 3050 1203 3112 in
1226 3047 1349 3112 eisdem
1376 3068 1568 3133 expressam
1589 3057 1708 3134 sponte
1727 3057 1758 3110 et

205 3177 211 3182 ·
322 3143 504 3210 voluntarie
526 3143 605 3209 velit
632 3143 750 3227 subire,
779 3154 813 3209 et
840 3146 925 3233 quod
952 3147 986 3211 in
1014 3145 1088 3212 aliis
1115 3145 1305 3212 excessibus
1331 3147 1367 3211 in
1395 3143 1532 3230 collegio
1561 3146 1757 3236 perpetratis

323 3245 357 3309 in
379 3242 555 3310 dictamine
576 3244 705 3332 collegii
726 3244 804 3311 velit
827 3254 923 3310 stare.

376 3431 426 3491 51.
450 3443 497 3490 on
517 3443 635 3492 rossa
655 3443 840 3492 musanus
864 3443 1068 3493 conessum
1088 3445 1243 3496 sumnus
1266 3443 1362 3506 Quas
1383 3443 1452 3491 sss
1472 3443 1615 3491 vanvas
1637 3443 1708 3491 aur

282 3535 316 3590 25
871 3543 1016 3592 rossan
1036 3543 1212 3593 conuusu.

406 3657 489 3722 Item
509 3655 617 3722 nullus
637 3658 738 3722 intret
761 3656 932 3742 collegium
953 3659 1006 3725 vel
1036 3669 1133 3726 exeat
1154 3655 1286 3726 aliunde
1310 3659 1374 3723 nisi
1396 3679 1456 3743 per
1476 3655 1608 3722 valvam
1628 3655 1755 3742 collegii

323 3753 375 3820 vel
396 3777 456 3842 per
477 3764 606 3842 portam
628 3755 781 3840 eiusdem,
810 3755 870 3820 sub
894 3777 999 3842 poena
1020 3757 1216 3824 exclusionis
1239 3780 1260 3823 a
1281 3755 1416 3842 collegio
1439 3754 1492 3820 vel
1512 3757 1609 3820 unius
1631 3755 1756 3836 floreni,

327 3851 538 3918 effectualiter
560 3875 620 3939 pro
639 3861 802 3918 structura
823 3853 952 3942 collegii
973 3857 1194 3924 convertendi.

394 4037 442 4098 52.
464 4051 512 4097 os
533 4049 649 4098 rosus
669 4051 951 4133 mrsonucusms
973 4055 1020 4104 sn
1043 4035 1108 4126 [9¹³]
1133 4053 1335 4105 ccuuscruu
1356 4051 1583 4102 smssrmcuu
1605 4053 1677 4102 sur

283 4141 317 4194 30
915 4140 1161 4203 nsommurrs.¹

406 4261 489 4326 Item
513 4263 619 4328 nullus
642 4263 685 4328 ad
709 4263 879 4351 collegium
905 4267 1091 4336 introducet
1112 4269 1166 4334 vel
1192 4269 1226 4332 in
1254 4289 1291 4334 eo
1318 4269 1457 4354 recipiat
1484 4265 1528 4331 ad
1554 4266 1756 4332 commodum

325 4382 419 4426 suum
439 4364 640 4428 meretricem
662 4362 714 4428 vel
742 4373 848 4430 actum
869 4387 1043 4432 venereum
1069 4367 1152 4432 inibi
1173 4377 1341 4450 exerceat,
1371 4366 1431 4432 sub
1454 4387 1561 4452 poena
1582 4375 1757 4454 perpetuae

324 4458 520 4524 exclusionis
549 4482 569 4524 a
591 4461 728 4547 collegio
750 4462 802 4528 vel
829 4487 887 4528 sex
909 4465 1107 4532 florenorum
1127 4467 1322 4549 renensium,
1353 4487 1412 4552 pro
1442 4473 1605 4530 structura
1633 4464 1755 4550 collegii

324 4557 562 4626 solvendorum.
604 4559 648 4624 Et
679 4560 714 4626 id
746 4571 900 4628 statutum
933 4587 1007 4629 cum
1038 4563 1255 4649 praecedente
1285 4565 1389 4630 eciam
1422 4563 1590 4628 concernit
1618 4563 1756 4628 scolares

283 4657 566 4744 timagistrorum.
959 4681 966 4698 =

403 4929 415 4979 1
435 4923 520 4980 Dicae
539 4922 733 4982 Ueberschrift
754 4925 821 4996 geht
838 4925 891 4982 aut
903 4925 970 4981 rwei
988 4923 1082 4980 Saites
1099 4925 1157 4980 und
1181 4943 1211 4981 so
1229 4925 1267 4980 ist
1283 4926 1333 4982 der
1350 4923 1451 4980 Fehler
1469 4924 1624 4980 veranlasst
1642 4927 1758 4994 worden,

324 5007 604 5158 ddoesuzleisrffim
626 5007 709 5064 dabei
731 5014 839 5080 gesetat
861 5009 932 5064 sind.
967 5009 1075 5063 For-tan
1098 5007 1157 5063 also
1179 5007 1254 5063 sibit
1272 5007 1324 5064 das
1342 5008 1467 5080 original
1485 5008 1547 5063 eine
1565 5009 1651 5066 Ziffer
1667 5009 1756 5076 hiber,
