3768 6072
618 476 670 526 Die
688 477 807 528 Statntcn
825 491 878 526 son
898 475 1073 528 ttae-1511.
1505 479 1563 541 193

181 691 230 754 22·
250 705 354 754 nem
375 705 543 765 Quemne
565 705 702 753 renus
723 707 909 755 rumaren
930 705 1166 756 Paseeoemus
1188 706 1346 754 STATUTA
1365 706 1529 754 conhiben

744 805 965 854 renonemse.

221 920 304 984 Item
325 921 531 1007 praepositus
553 919 640 983 infra
660 922 798 1006 primum
820 943 962 985 mensem
984 942 1061 984 suae
1083 921 1330 1006 praepositurae
1351 929 1478 984 tenetur
1499 943 1563 986 om-

141 1020 195 1083 nia
227 1029 350 1084 statuta
376 1016 569 1104 perlegisse,
600 1017 660 1083 sub
689 1039 794 1104 poena
819 1020 914 1082 unius
942 1039 1133 1104 sexagenas.
1174 1017 1218 1084 Et
1248 1018 1384 1106 quilibet
1410 1018 1451 1083 de
1480 1041 1565 1082 novo

141 1120 264 1182 intrans
285 1115 454 1202 collegium
476 1116 639 1181 tenebitur
659 1116 702 1181 ad
728 1116 813 1181 idem
840 1117 926 1182 infra
947 1116 1147 1182 consimilem
1164 1118 1346 1200 terminum,
1369 1117 1429 1184 sub
1452 1117 1564 1182 eadem
1590 1127 1606 1181 ⁵

141 1237 255 1303 poena

232 1385 282 1448 23.
305 1396 351 1445 DE
372 1397 591 1445 marmoree
614 1396 862 1446 cononem
883 1399 950 1446 Pae
971 1399 1214 1448 Peseeosmmt
1235 1400 1280 1447 ΕΤ
1299 1400 1482 1448 melanos

222 1530 303 1594 Item
327 1531 533 1617 praepositus
556 1528 700 1616 quolibet
719 1529 826 1595 medio
848 1553 932 1596 anno
955 1553 1033 1596 suae
1054 1532 1302 1618 praepositurae
1322 1530 1366 1595 ad
1387 1534 1493 1596 minue
1515 1530 1566 1597 bis

142 1627 192 1692 vel
212 1627 344 1714 pluries,
366 1629 395 1694 si
415 1651 498 1715 opus
518 1629 625 1710 fuerit,
647 1651 712 1692 una
733 1649 806 1692 eum
826 1629 965 1694 aedituis
988 1639 1114 1694 tenebar
1136 1632 1270 1695 visitare
1290 1629 1459 1696 commoda
1481 1652 1566 1696 com·

141 1726 330 1809 borealium,
360 1736 392 1791 et
413 1729 526 1808 eciam,
557 1729 584 1792 si
605 1749 739 1792 necesse
761 1728 867 1810 fuerit,
891 1724 954 1816 [5⁸]
978 1727 1148 1794 commoda
1167 1729 1411 1816 collegiatarum
1431 1731 1610 1796 visitarem

140 1837 288 1890 tenentur
321 1838 455 1912 propter
487 1825 689 1890 honestatem
721 1824 862 1911 collegii·
880 1827 1140 1892 conservandam
1171 1838 1204 1892 et
1234 1827 1414 1914 periculum
1442 1829 1567 1914 ignim

142 1923 410 2010 praecavendum.
452 1923 497 1988 Et
518 1923 560 1988 ad
583 1923 830 2011 requisicionem
853 1925 1072 2012 cuiuscunque
1093 1927 1243 2012 magistri
1264 1926 1305 1992 de
1325 1925 1471 2013 collegio,
1490 1951 1567 2016 quo·

141 2024 355 2109 oisnscunque
376 2025 549 2110 requisitus
571 2022 682 2105 fuerit,
707 2025 913 2110 praepositus
933 2023 968 2087 id
990 2025 1106 2111 exequi
1127 2034 1276 2090 teneatur
1297 2047 1362 2090 una
1384 2047 1457 2090 cum
1480 2025 1567 2090 aedi-

142 2123 202 2186 tuis
225 2121 289 2186 sibi
310 2122 546 2209 condeputatis,
568 2121 628 2186 sub
651 2145 756 2208 poena
773 2123 871 2186 trium
892 2121 1097 2186 florenorum.

180 2311 229 2370 24.
254 2322 302 2368 nn
324 2321 487 2382 nxaouns
508 2321 672 2370 conneen
693 2323 762 2371 rso
784 2321 1053 2371 runnsronrsue
1074 2322 1336 2372 uswsnsrrerrs
1353 2326 1399 2372 nr
1419 2325 1524 2372 annn-
1578 2317 1608 2371 ¹⁵

264 2419 482 2468 recreemus
502 2420 667 2470 connnsn
686 2421 826 2469 merome
849 2420 915 2468 rea
937 2421 1180 2470 rnsnrosrruu
1200 2423 1440 2471 nrsronnsnrs.

221 2551 303 2616 Item
332 2555 538 2639 praepositus
566 2563 690 2619 tenebar
716 2554 767 2620 bis
794 2555 828 2618 in
855 2576 939 2619 anno
967 2553 1141 2640 disponere
1166 2557 1320 2642 exequias
1349 2554 1392 2620 ad
1421 2567 1568 2622 sanetum

141 2651 276 2716 Paulum
307 2673 368 2737 pro
402 2651 628 2717 fimdatoribus
658 2654 879 2718 universitatis
912 2663 943 2716 et
972 2651 1234 2718 benefactoribus
1266 2652 1394 2740 collegii
1424 2657 1567 2736 maioris,

142 2751 262 2815 scilicet
290 2749 390 2814 semel
420 2752 508 2815 circa
535 2751 650 2815 festum
679 2753 933 2817 circumcisionis
968 2750 1092 2816 domini
1120 2765 1152 2816 et
1179 2752 1278 2816 semel
1313 2754 1347 2816 in
1384 2752 1566 2820 ebdomada

142 2861 214 2914 ante
234 2851 352 2914 festum
372 2847 564 2936 palmarum,
594 2849 770 2914 secundum
792 2849 1043 2937 disposicionem
1066 2859 1097 2915 et
1116 2849 1358 2916 ordinacionem
1378 2851 1610 2918 bonnensem

142 2952 262 3015 moriae
281 2948 326 3012 M.
346 2948 513 3033 Henningi
534 2947 575 3012 de
594 2947 795 3031 Hildeneem,
823 2959 920 3036 prout
940 2951 1027 3014 canit
1049 2957 1214 3031 statutum,
1238 2971 1337 3037 super
1357 2951 1453 3016 modo
1475 2975 1567 3039 pera·

143 3046 239 3134 gendi
269 3048 481 3132 exequiarum
506 3049 578 3126 (sic)
604 3046 732 3134 collegii
758 3049 947 3128 confectum,
979 3046 1064 3134 quod
1091 3046 1229 3112 habetur
1257 3049 1342 3114 infra
1369 3062 1443 3136 poet
1471 3050 1567 3116 linem

144 3145 280 3213 aliorum
301 3155 501 3210 statutorum.

194 3335 242 3397 25.
264 3345 438 3407 QUOCIENS
458 3345 643 3393 remoram
664 3343 898 3392 PRAEPOSI'I'US
920 3341 1057 3392 LEGERE
1083 3342 1241 3392 erarem
1262 3345 1446 3395 momulus
1465 3347 1510 3394 ΕΤ

745 3441 964 3492 secedamus.
1575 3440 1608 3496 25

221 3561 313 3642 item,
341 3581 382 3624 ne
408 3559 481 3644 quis
509 3560 641 3624 racione
668 3559 877 3644 ignoranciac
907 3566 1097 3622 statutorum
1127 3568 1260 3644 propter
1287 3559 1481 3627 oblivionem
1510 3562 1566 3629 ali-

143 3682 237 3748 quam
259 3658 473 3745 praetendere
495 3657 603 3723 vuleat
623 3660 882 3739 excusacionem,
907 3657 1029 3744 placuit
1049 3653 1195 3742 collegio,
1223 3658 1309 3744 quod
1336 3661 1467 3726 inantea
1496 3665 1566 3749 qui·

143 3757 218 3823 libet
240 3759 445 3845 praepositus
474 3756 524 3822 bis
549 3759 582 3821 in
609 3779 695 3821 anno
720 3767 869 3822 teneatur
893 3777 1074 3821 convocare
1096 3757 1270 3841 magistros
1294 3768 1326 3823 ct
1351 3759 1431 3845 ipsis
1459 3760 1567 3846 legere

144 3869 260 3922 stamta
280 3880 336 3922 eos
358 3857 599 3938 concernencia,
629 3855 751 3920 seilicet
778 3854 876 3920 semel
904 3863 980 3940 post
1001 3855 1196 3940 principium
1219 3877 1297 3920 suae
1319 3862 1567 3946 praepositurae

143 3957 224 4020 infra
246 3958 387 4043 primurn
409 3977 562 4037 mensem,
583 3967 615 4018 et
637 3953 734 4018 semel
756 3963 830 4041 post
850 3953 1044 4038 principium
1069 3951 1201 4017 secundi
1228 3955 1325 4020 medii
1349 3959 1435 4041 anni,
1464 3960 1609 4024 eciambb

144 4055 225 4119 infra
256 4075 409 4119 mensem.
449 4052 540 4118 Idem
565 4055 665 4118 faeiat
691 4051 871 4118 scolaribus
900 4053 1131 4138 magistrorum
1160 4075 1222 4138 quo
1250 4053 1292 4117 ad
1325 4065 1447 4122 statuta
1478 4059 1568 4144 ipeos

143 4176 383 4220 concernendam

323 4369 382 4436 ΠΙ.
404 4370 571 4436 Statuta
595 4369 820 4458 sequencia
840 4366 1072 4453 respiciunt
1092 4366 1390 4434 cervisiarium.

222 4557 273 4620 26·
295 4570 340 4618 ET
363 4567 471 4616 PRIMO
489 4569 537 4614 De·
559 4568 722 4617 TEMPORE
744 4565 953 4615 DURAGIONIS
973 4565 1246 4614 caevlsleruaan
1271 4568 1484 4618 CUIUSLIBET.

225 4698 286 4788 [Bl
296 4699 348 4786 5¹³]
361 4699 508 4780 Quilibet
521 4699 729 4765 cervisiarius
741 4721 801 4786 pro
811 4707 956 4784 tempore
965 4698 1107 4762 existens
1116 4697 1213 4763 debet
1224 4703 1388 4788 respicere
1396 4701 1566 4766 cervisiam
1575 4709 1608 4765 ³5

146 4821 202 4886 per
230 4798 380 4889 quartale
409 4800 486 4864 anni
514 4801 548 4864 in
578 4799 692 4865 ordine
720 4821 788 4880 suo,
818 4795 878 4862 sub
906 4817 1011 4883 poena
1039 4819 1095 4860 sex
1124 4795 1329 4864 florenorum.
1371 4799 1466 4864 Etsi
1493 4799 1566 4885 quis

146 4897 240 4964 talem
261 4899 428 4982 inciderit,
457 4909 584 4964 tenetur
606 4921 743 4985 sequens
766 4896 827 4962 sub
849 4895 961 4961 eadem
990 4917 1095 4982 poene
1118 4899 1361 4963 cervisiaturam
1391 4919 1565 4980 assumere,

145 5001 421 5084 quocienscunque
444 4999 624 5084 contigerit.

219 5213 439 5254 srsrurasnuce
457 5214 514 5250 aaa
532 5214 606 5252 carr.
624 5213 743 5251 umero.
1361 5202 1397 5264 13
