3758 6072
489 485 574 538 Drttte
591 487 857 550 Statnteursdsotioa,
877 503 931 540 ron
951 481 1142 542 tunt-1490.
1464 493 1524 555 415

102 692 166 735 non
189 667 395 757 protenditur
418 667 505 734 ultra
526 692 642 754 genua.
685 669 749 750 Qui
773 671 802 734 si
824 671 1021 736 contrarium
1043 671 1170 750 fecerit,
1199 671 1233 733 in
1255 669 1389 735 dimidio
1409 668 1531 736 floreno

104 791 165 856 per
185 768 345 834 decanum
367 766 531 835 facultatis
553 769 676 834 arcium
698 770 859 857 puniatur.
893 769 957 852 Qui
979 773 1006 835 si
1029 792 1063 836 sc
1084 771 1282 857 opposuerit,
1303 767 1346 834 ad
1363 769 1532 835 ulteriores

103 868 325 955 promotiones
345 867 380 932 in
401 867 526 933 artibus
546 891 613 934 non
633 867 829 935 admittatur.

119 1011 121 1015 ⁸
187 1018 272 1084 Item
292 1017 399 1083 nullus
422 1017 680 1084 baccalariorum
701 1041 761 1083 nec
782 1018 914 1105 aliquod
937 1021 1139 1106 suppositum
1161 1017 1323 1084 facultatis
1346 1019 1469 1083 arcium
1496 1018 1536 1083 de

103 1126 213 1182 cetero
235 1140 309 1182 cum
329 1118 481 1183 rostratis
504 1117 632 1201 calceis,
660 1116 800 1182 colleriis
829 1116 1026 1201 cancellatis,
1053 1119 1189 1184 manicis
1210 1117 1347 1206 depictis
1370 1139 1426 1183 seu
1447 1117 1533 1184 flori·
1559 1127 1576 1184 5

105 1219 190 1281 natis
213 1225 272 1281 aut
293 1217 424 1298 strictis,
452 1240 554 1305 usque
573 1217 617 1282 ad
637 1215 786 1283 cubitum
804 1219 1017 1304 semiapertis,
1045 1227 1100 1282 aut
1125 1217 1198 1283 aliis
1216 1216 1362 1283 vestibus
1387 1217 1537 1283 indecen-

103 1314 191 1380 tibus
221 1315 361 1380 ineedat
404 1315 502 1396 Quod
531 1318 559 1382 si
587 1319 657 1405 quis
688 1319 885 1382 contrarium
913 1317 1027 1382 fecerit
1052 1326 1109 1381 aut
1132 1317 1240 1382 faeere
1267 1319 1534 1404 praesumpserit,

105 1413 242 1502 quilibet
265 1416 498 1501 magistrorum
519 1428 675 1504 tempore,
706 1439 769 1504 quo
791 1415 865 1480 talis
888 1415 1027 1501 aliquem
1049 1416 1187 1502 gradum
1209 1417 1242 1480 in
1262 1407 1387 1481 artibus
1409 1438 1536 1481 sumere

104 1513 260 1596 voluerit,
289 1514 506 1581 denuneciare
528 1527 560 1581 et
580 1515 740 1603 impedire
761 1525 887 1602 potest,
916 1524 949 1578 et
968 1517 1032 1579 nisi
1055 1537 1089 1580 se
1110 1514 1347 1597 emendaverit,
1375 1516 1422 1579 ita
1450 1515 1538 1603 quod

104 1615 227 1679 vestitu
247 1612 385 1697 decenti,
407 1616 478 1698 ¹vita
498 1625 531 1680 et
550 1614 693 1681 moribus
711 1615 830 1678 existat
851 1612 1135 1696 commendandus,
1157 1613 1200 1679 ad
1217 1636 1354 1679 examen
1367 1613 1419 1678 vel
1433 1623 1535 1702 temp·
1548 1624 1580 1681 to

107 1723 218 1778 umen
239 1735 305 1778 non
325 1711 523 1780 admittatur.

361 1900 409 1962 16.
430 1914 477 1962 nn
498 1913 754 1963 nrsrurscrona
777 1913 1069 1963 asocunumonnu
1093 1915 1290 1966 naumann.

672 2049 730 2114 ugr.
749 2050 796 2114 v1,
815 2051 854 2101 n.
873 2050 934 2110 vu,
952 2053 976 2103 4.

192 2179 276 2246 Item
297 2179 421 2266 placet,
449 2178 537 2268 quod
559 2179 695 2269 quilibet
714 2179 918 2246 baccalarius
945 2183 978 2246 in
1000 2181 1125 2246 artibus
1146 2191 1272 2247 tenetur
1291 2183 1325 2246 in
1346 2181 1460 2248 ordine
1483 2206 1540 2248 suo

108 2277 160 2344 die
183 2278 345 2344 dominico
375 2277 555 2365 disputare,
587 2302 660 2345 cum
680 2281 888 2346 intimatione
908 2279 1042 2367 publica
1061 2303 1127 2346 uon
1149 2280 1252 2346 solum
1276 2282 1319 2347 ad
1340 2281 1454 2346 valvas
1476 2281 1538 2348 ool·
1550 2292 1580 2346 15

106 2377 268 2466 legiorum
290 2377 348 2442 sed
370 2379 475 2442 eciam
498 2378 540 2444 ad
564 2379 697 2445 bursam
718 2378 893 2461 facultatis,
917 2401 1000 2464 quae
1022 2390 1071 2446 est
1092 2378 1180 2446 locus
1203 2380 1414 2467 paedagogii3
1442 2403 1539 2468 quam

108 2476 364 2564 disputationem
386 2477 529 2544 decanus
551 2487 678 2544 tenetur
700 2478 762 2543 sibi
784 2477 827 2544 ad
850 2488 922 2544 octo
945 2479 1013 2544 dies
1042 2489 1117 2545 ante
1143 2502 1202 2567 per
1229 2479 1387 2546 famulum
1413 2481 1541 2546 univer·

110 2578 217 2642 sitatis
238 2578 399 2644 intimare.
440 2577 485 2642 Et
503 2579 538 2642 in
557 2576 753 2665 disputando
777 2577 942 2644 ordinarie
962 2601 1027 2644 uon
1050 2579 1160 2665 capiat
1180 2580 1396 2666 quaestiones,
1421 2581 1486 2644 nisi
1507 2579 1542 2644 in

108 2674 206 2762 loyca
225 2686 257 2742 et
277 2679 312 2741 in
328 2676 534 2764 philosophia
549 2675 701 2758 naturali,
721 2700 780 2742 nec
798 2677 1001 2764 sophismata
1018 2679 1081 2743 nisi
1101 2680 1134 2742 in
1150 2679 1364 2764 grammatica
1385 2689 1418 2743 et
1437 2678 1543 2765 loyca,

109 2779 157 2840 sie
185 2774 274 2863 quod
303 2776 465 2842 rethorica
492 2787 622 2844 maneat
655 2798 714 2863 pro
744 2779 911 2864 magistris
941 2788 1075 2864 propter
1101 2779 1236 2842 tercium
1264 2776 1450 2864 zophisma,
1480 2777 1584 2842 sub20

110 2897 215 2962 poena
237 2874 349 2940 decem
369 2899 567 2962 grossorum,
598 2899 679 2964 quos
706 2876 849 2942 decanus
878 2876 938 2942 sub
966 2900 1023 2942 suo
1049 2878 1229 2943 iuramento
1250 2885 1377 2942 tenetur
1398 2879 1544 2963 rigorose

112 2985 308 3062 extorquere
328 2973 370 3040 ab
393 2975 516 3040 eodem.

308 3162 356 3224 17.
378 3176 425 3223 Du
446 3175 703 3224 DISPUTAGIONII
725 3174 1035 3224 EXTBAORDINABIA
1054 3175 1354 3224 Bsccsuaulouuu.

736 3311 796 3374 νει.
818 3309 878 3372 vn,
896 3313 920 3361 5.

195 3441 279 3507 Item
300 3442 432 3529 placuit,
453 3440 541 3531 quod
562 3439 667 3507 nullus
688 3440 945 3507 baccalariorum
969 3441 1042 3527 plus
1065 3464 1164 3530 quam
1185 3441 1284 3507 semel
1304 3443 1338 3506 in
1360 3439 1413 3506 die
1432 3451 1583 3509 extra-25

113 3541 279 3606 ordinarie
301 3542 445 3628 disputet
465 3543 498 3606 in
526 3541 635 3629 aliquo
662 3541 877 3622 lectoriorum,
906 3563 979 3606 cum
1000 3542 1203 3606 intimatione
1224 3541 1357 3629 publica
1379 3549 1410 3607 et
1431 3540 1545 3607 habitu

112 3639 312 3728 magistrali,
341 3650 374 3706 et
393 3640 514 3706 habeat
535 3643 616 3707 duas
639 3643 843 3729 quaestiones
866 3651 897 3704 et
920 3640 983 3705 duo
1006 3641 1212 3728 zopbismata
1233 3645 1266 3706 in
1287 3641 1424 3706 materia
1452 3663 1545 3728 prac-

114 3743 246 3828 scripta,
270 3739 467 3826 disputando
495 3741 538 3805 ad
567 3742 690 3823 horam,
716 3739 776 3806 sub
798 3762 904 3826 poena
929 3763 993 3805 non
1016 3741 1265 3828 computationis
1286 3741 1380 3805 istius
1402 3739 1544 3828 disputa-

114 3841 212 3904 tionis
239 3841 624 3928 utrisque,scilicetta1n
647 3839 919 3927 respondentibus
940 3863 1039 3928 quarn
1060 3840 1251 3928 disputanti.

251 4043 298 4106 18·
321 4055 368 4102 DE
390 4056 621 4107 nuculonmus
641 4055 933 4106 BACCALARIORUM
956 4057 1120 4104 TEMPORE
1144 4056 1413 4106 CANICULARIUII.
1552 4049 1587 4104 30

735 4191 913 4256 Vgl.V11‚6.

197 4325 280 4390 Item
302 4323 441 4410 placuit,
470 4334 505 4389 ut
533 4323 711 4389 baccalarii
732 4333 878 4408 tempore
907 4322 1129 4408 suspensionis
1155 4321 1293 4388 aliarum
1321 4323 1493 4389 lectionum
1513 4324 1547 4388 in

116 4422 230 4489 diebus
255 4423 493 4488 canicularibus
516 4423 653 4509 legendo
677 4422 800 4510 aliquid
821 4423 855 4486 in
881 4425 1072 4508 gramatice,
1101 4422 1263 4487 rethorica
1284 4425 1395 4489 autin
1417 4446 1545 4509 compu-

114 4521 259 4588 tualibus
281 4532 313 4587 et
334 4521 509 4608 algorismo
531 4521 672 4587 debeant
693 4545 727 4588 se
749 4521 920 4608 diligenter
943 4521 1132 4586 exercitare.

693 4677 740 4740 19.
765 4690 825 4752 vgt.
844 4689 904 4750 vll,
929 4691 952 4739 t.
1554 4699 1587 4755 35

199 4807 283 4872 Item
311 4805 432 4894 placet,
462 4806 549 4894 quod
580 4805 763 4894 quindecim
792 4804 969 4870 baccalarii
996 4803 1150 4886 seniores,
1179 4803 1293 4872 diebus
1320 4805 1491 4871 domiuIcis
1512 4807 1546 4870 in

118 4906 339 4994 disputatione
370 4905 630 4971 baccalariorum
659 4915 862 4992 praesentes,
891 4904 1032 4969 habeant
1063 4902 1200 4988 quilibet
1227 4905 1369 4971 medium
1398 4927 1548 4992 grossum

118 5027 253 5089 norum,
285 5026 365 5091 quos
396 5005 602 5070 baccalarius
636 5003 805 5090 disputans
839 5000 1063 5090 praesentabit
1093 5003 1215 5068 eisdem
1247 5005 1357 5069 eodem
1387 5004 1455 5088 die,
1487 5005 1546 5070 sub

118 5126 223 5191 poena
245 5113 318 5170 octo
340 5128 538 5192 grossorum,
560 5127 641 5191 quos
661 5103 804 5168 decanus
827 5113 1020 5190 extorquere
1041 5113 1175 5172 tenetur.
