3762 6074
348 495 409 565 510
841 493 892 544 Die
916 489 1134 558 philosophiscbe
1152 491 1280 548 Facultit

347 688 533 760 cernuntur,
555 679 601 742 sic
623 690 655 742 et
675 675 871 758 muneribus,
894 675 1020 741 actibus
1042 677 1253 764 doctrinaque
1274 679 1358 741 inter
1379 675 1453 742 illos
1474 678 1566 764 ipsos
1587 677 1762 743 differenda

349 790 380 844 et
402 779 560 842 discrecio
583 771 667 862 [44²]
690 777 759 838 iure
781 776 959 861 meritoque
981 799 1052 840 esse
1073 775 1177 842 debet
1221 780 1294 857 Quo
1316 777 1369 858 fit,
1392 798 1466 840 cum
1495 775 1701 842 baccalaurei
1720 801 1761 843 ce

346 880 471 964 torique
494 875 678 941 scholastici
698 885 730 938 et
752 873 807 938 alii
826 873 972 938 advenae
994 887 1089 960 atque
1111 879 1276 960 extranei,
1307 898 1372 940 non
1398 877 1557 962 promoti,
1581 878 1651 942 sive
1672 879 1763 942 eciam

352 978 493 1064 promoti
516 974 573 1038 sed
602 997 660 1060 per
689 972 874 1036 facultatem
903 975 1027 1038 arcium
1060 976 1192 1040 minime
1221 976 1379 1062 assumpti
1410 997 1470 1039 nec
1502 973 1656 1040 admissi:
1697 981 1762 1063 quia

312 1089 327 1142 5
355 1097 460 1163 neque
483 1075 632 1161 magistri
653 1095 757 1160 neque
778 1072 926 1137 doctores
946 1074 1050 1137 nostri
1072 1073 1171 1138 studii
1194 1087 1269 1141 suut
1282 1079 1308 1158 ¹,
1336 1074 1459 1161 placuit
1479 1061 1629 1139 facudtati
1652 1081 1762 1141 areium

353 1173 571 1256 concorditer,
608 1171 694 1236 nullo
721 1171 977 1253 contradicente,
1019 1185 1055 1235 ut
1082 1171 1188 1238 nullus
1211 1196 1322 1238 eorum
1343 1173 1472 1260 publice
1493 1175 1528 1237 in
1547 1172 1622 1239 loco
1644 1175 1762 1261 pnbbco

351 1279 420 1339 sive
440 1277 474 1338 in
493 1275 564 1338 loco
583 1275 713 1359 privato
742 1293 814 1335 eum
836 1272 1047 1336 invitamento
1070 1271 1219 1356 publico,
1253 1277 1321 1338 sive
1344 1276 1447 1338 eciam
1469 1275 1540 1338 sine
1560 1275 1763 1339 invitamento

350 1377 384 1439 in
404 1373 476 1438 loco
498 1373 628 1459 privato
650 1369 791 1456 publice,
814 1369 847 1433 id
871 1379 929 1452 est,
959 1379 994 1432 ut
1014 1392 1125 1434 omnes
1154 1371 1375 1437 indifferenter
1401 1372 1568 1454 admittat,
1599 1373 1641 1438 de
1667 1385 1762 1439 cetero

348 1475 528 1557 futurisque
550 1469 752 1556 temporibus
774 1471 807 1534 in
829 1479 898 1532 arte
918 1469 1128 1534 humanitatis
1150 1473 1219 1535 sive
1247 1473 1280 1535 in
1304 1471 1414 1556 aliqua
1442 1473 1568 1536 arcium
1589 1471 1762 1538 liberalium

310 1573 400 1639 ttvel
420 1569 629 1660 philosophia
650 1568 768 1632 docere
788 1566 841 1632 vel
862 1566 971 1653 legere
994 1568 1113 1634 audeat
1125 1579 1181 1634 aut
1195 1579 1341 1652 attentet,
1366 1571 1427 1636 sub
1440 1593 1549 1659 poena
1561 1593 1669 1636 novae
1680 1595 1762 1637 sexa·

344 1694 447 1758 genae
468 1673 569 1736 tocies
591 1671 732 1756 quocies.
775 1665 881 1746 Quam
905 1669 933 1732 si
952 1669 1084 1732 minime
1114 1672 1293 1752 curaverit,
1337 1671 1380 1734 ad
1416 1673 1485 1736 eius
1512 1673 1760 1756 suspensionem,

348 1770 400 1836 vel
421 1771 525 1834 eciam
547 1769 767 1834 exclusionem
788 1767 930 1831 decanus
951 1789 1011 1854 pro
1033 1781 1180 1854 tempore
1197 1771 1340 1834 existens
1355 1770 1522 1856 procedet,
1543 1773 1708 1856 magistris
1726 1771 1761 1835 de

352 1869 487 1935 consilio
511 1869 617 1934 dictae
637 1866 802 1933 facultatis
825 1863 888 1930 sibi
910 1867 1137 1931 assistentibus
1158 1879 1190 1932 et
1210 1870 1315 1934 eciam
1336 1869 1503 1956 magnifici
1525 1869 1650 1936 domini
1671 1883 1761 1937 recte

346 1971 393 2034 ris
415 1969 556 2034 officium
578 1964 664 2054 [w]
688 1965 910 2050 auxiliumque
930 1965 1195 2052 implorantibus,
1219 1973 1247 2032 si
1269 1967 1411 2034 viderint
1432 1970 1502 2034 lore
1522 1991 1668 2035 necesse.
1707 1970 1760 2036 Cui

306 2081 337 2135 ts
350 2071 481 2146 decreto
503 2077 599 2155 atque
621 2076 741 2131 statuto
763 2085 873 2130 omnes
895 2073 928 2127 et
960 2065 1079 2149 singuli
1109 2069 1339 2132 antenominati
1368 2089 1486 2156 parere
1513 2079 1613 2156 atque
1642 2067 1762 2134 obedire

341 2168 462 2233 debent
482 2179 514 2233 et
534 2177 692 2248 tenentur,
715 2167 787 2246 nisi,
810 2175 944 2249 urgente
964 2187 1062 2228 causa
1082 2165 1201 2230 idonea
1222 2177 1253 2230 et
1272 2167 1476 2250 racionabili,
1497 2167 1642 2232 decanus
1665 2177 1696 2232 et
1715 2169 1757 2231 sui

345 2269 490 2333 seniores
510 2265 600 2332 aliud
619 2287 681 2352 pro
699 2274 846 2350 tempore
868 2262 1119 2329 diiudicaverint
1141 2266 1342 2352 reipublicae
1363 2266 1530 2354 expedire,
1554 2265 1647 2332 salvo
1664 2269 1757 2331 eciam

341 2391 390 2451 eo,
409 2366 497 2455 quod
518 2364 724 2431 baecalaurei
747 2365 870 2426 arcium
891 2372 1037 2449 tempore
1058 2365 1289 2430 canicularium
1310 2368 1343 2430 in
1366 2369 1596 2452 grammatica,
1618 2366 1760 2431 arithme-

340 2471 426 2532 trica
445 2477 543 2554 atque
565 2461 824 2551 computualibus
848 2483 907 2549 pro
930 2484 990 2526 sua
1010 2463 1231 2550 complecione
1253 2467 1350 2529 certis
1372 2477 1405 2530 et
1422 2467 1552 2531 stabitis
1566 2465 1659 2531 boris
1670 2488 1761 2550 usque

302 2565 387 2632 mad
419 2567 535 2630 festum
568 2563 805 2650 assumpcionis
825 2559 951 2626 Mariae
979 2571 1035 2626 aut
1055 2561 1299 2628 Bartholomaei
1334 2564 1506 2630 dumtaxat
1530 2564 1642 2653 legere
1666 2565 1758 2630 libere

348 2667 484 2753 possint,
506 2662 680 2730 dummodo
702 2685 722 2727 a
743 2661 866 2726 decano
889 2662 936 2725 eis
957 2662 1054 2726 merit
1073 2661 1250 2728 admissum

993 2784 1082 2844 1512.
1093 2779 1105 2820 ²

437 3117 506 3193 das
522 3120 576 3177 der
595 3116 753 3176 Ritclcseite
771 3116 822 3174 des
843 3115 947 3172 letales
969 3115 1024 3174 der
1045 3118 1064 3176 4
1087 3117 1288 3191 corpsculum
1318 3115 1440 3174 Bld'tter
1469 3108 1551 3198 (also
1573 3118 1595 3174 1
1601 3112 1682 3199 Vb),
1713 3135 1761 3174 ooo

345 3219 439 3278 ἀοποη
460 3217 495 3276 Il
517 3216 654 3276 C'lsristas
676 3235 724 3274 um
743 3216 845 3274 Kreas
867 3215 930 3272 end
951 3216 1099 3274 doruater
1118 3217 1175 3274 deu
1195 3217 1321 3292 Ansam
1341 3217 1393 3274 des
1415 3216 1631 3292 Evangeliama
1656 3217 1761 3274 Jotaa-

306 3319 407 3390 aare,
427 3315 485 3376 11b
508 3315 551 3374 ee
572 3317 643 3374 ιν·
663 3315 727 3372 aas
752 3293 1011 3374 ostreselae
1032 3315 1079 3372 aas
1104 3318 1140 3376 ιι
1165 3315 1283 3390 tapsar
1315 3317 1370 3374 aa
1391 3315 1531 3376 aarum
1559 3336 1618 3374 m
1644 3317 1719 3378 isse
1739 3335 1762 3372 u.

343 3419 390 3476 ein
414 3415 648 3492 abrbwetiscbes
668 3413 807 3490 Reqieter
828 3416 987 3486 catholiea,
1009 3413 1047 3472 ist
1069 3433 1124 3474 aas
1146 3416 1210 3474 dem
1230 3416 1328 3474 Jatre
1351 3417 1431 3478 1520
1452 3417 1693 3494 caeleate-egen:

402 3612 590 3662 STATUTUM
614 3612 661 3660 DE
684 3609 861 3660 DOMORUM
886 3607 1056 3658 Novsauu
1077 3609 1276 3660 marmorea
1298 3611 1343 3659 ET
1364 3613 1613 3662 Faesulanus
1634 3615 1709 3664 ETC.

423 3743 577 3810 Factdtas
605 3745 744 3826 arcium,
787 3765 864 3808 suae
892 3740 1092 3828 reipublicae
1120 3745 1240 3830 optime
1268 3743 1448 3809 consultum
1470 3767 1542 3810 esse
1563 3769 1693 3834 semper
1713 3769 1760 3810 cn·

341 3847 445 3933 piens,
468 3843 544 3908 olim
567 3841 648 3907 duas
670 3865 825 3929 proceras
846 3843 881 3906 in
901 3843 1006 3906 saneti
1034 3841 1124 3906 Petri
1152 3841 1261 3928 platea
1294 3843 1408 3909 domos
1440 3845 1587 3932 propriis
1618 3848 1762 3911 maximis

302 3945 487 4010 30l'unditus
510 3943 692 4007 construxit
713 3943 881 4029 impensis,
902 3963 983 4028 quus
1005 3943 1065 4006 etsi
1087 3941 1222 4006 haberet
1244 3941 1469 4024 charissimas,
1496 3945 1690 4011 succedente
1719 3957 1761 4010 ta·

344 4067 418 4109 men
439 4054 593 4129 tempore,
613 4041 899 4108 intervenientibus
922 4043 1026 4106 eciam
1048 4042 1149 4104 variis
1178 4041 1352 4107 multorum
1373 4043 1587 4127 caccabus,
1619 4045 1680 4110 has
1708 4068 1761 4132 pro

348 4165 436 4208 nova
459 4143 562 4224 dome,
583 4145 617 4208 in
637 4143 739 4208 latere
761 4141 888 4226 collegii
909 4143 1043 4206 maioris
1064 4163 1179 4204 versus
1201 4143 1453 4228 septentrionem
1475 4145 1548 4226 sita,
1573 4167 1647 4209 cum
1672 4147 1761 4210 omni·

342 4243 403 4308 bus
422 4245 615 4325 attinenciis,
637 4245 671 4307 in
692 4241 929 4330 principalibus
951 4242 1057 4306 literis
1078 4240 1176 4304 latius
1197 4243 1373 4326 expressis,
1395 4251 1566 4307 contractu
1588 4243 1761 4310 inviolabili

340 4341 424 4406 etin
445 4355 637 4428 perpetuum
660 4343 816 4407 duraturo
838 4340 1057 4422 commutavit,
1081 4340 1318 4427 complevitque
1341 4339 1477 4404 eandem
1499 4350 1597 4429 atque
1619 4345 1655 4410 in
1677 4357 1761 4432 parts

297 4443 491 4508 asanteriori
513 4462 631 4506 novam
652 4443 783 4506 omnino
803 4443 946 4528 propriis
972 4439 1194 4527 compluribus
1216 4445 1397 4504 construxit
1419 4441 1585 4528 impensis.
1627 4443 1761 4528 ideoque

340 4541 470 4608 ordinat
490 4551 522 4606 et
550 4541 677 4624 statrdt,
720 4551 756 4605 ut
783 4551 921 4604 nuncet
947 4541 982 4604 in
1009 4551 1200 4627 perpetuum
1222 4539 1329 4604 dictae
1351 4539 1481 4623 domus,
1523 4564 1599 4606 cum
1621 4543 1761 4609 omnibus

336 4641 522 4706 attinenciis
542 4640 578 4704 in
598 4639 699 4704 latere
722 4639 850 4726 collegii
883 4641 1030 4721 maioris,
1060 4651 1096 4704 ut
1122 4640 1319 4725 praefertur,
1353 4641 1452 4722 sitae,
1484 4641 1549 4705 sint
1570 4655 1602 4706 et
1631 4642 1761 4709 debeant

342 4765 413 4806 esse
446 4739 631 4807 antedictae
660 4739 807 4804 facultati
837 4739 960 4804 arcium
991 4741 1242 4826 appropriatae,
1284 4749 1321 4804 ut
1345 4739 1420 4826 ipsa
1446 4741 1481 4805 in
1506 4743 1554 4806 eis
1576 4755 1759 4830 perpetuam

427 5011 436 5060 1
457 5004 540 5060 Feblt
554 5004 599 5060 eiu
617 5003 759 5060 Verbum?

429 5096 443 5144 ²
462 5091 603 5144 Darunter
621 5087 695 5143 steht
714 5106 767 5142 von
785 5093 907 5159 spitterer
931 5088 1014 5142 lland
1038 5085 1232 5158 gesehrieben:
1269 5087 1495 5160 Qrmndoqnidem
1512 5099 1577 5146 teste
1593 5091 1756 5164 mendo

344 5173 519 5229 bsmeioeris'
535 5177 592 5229 iem
608 5191 680 5228 eune
696 5174 776 5246 lenge
792 5175 939 5245 madores
957 5173 1019 5227 sint.
