3788 6078
365 485 425 550 548
876 475 925 529 Die
944 477 1128 543 theologische
1146 471 1273 528 arodus

364 661 522 748 Magister
542 685 619 727 vero
641 662 675 725 in
696 661 830 742 artibus,
859 663 913 747 qui
942 661 1042 748 prius,
1074 681 1133 746 pcr
1158 661 1299 748 quinque
1329 680 1431 724 annos
1458 655 1567 724 scolas
1593 657 1779 746 theologicas
1869 701 1870 704 =

366 783 439 826 cum
462 771 553 826 textu
573 759 745 842 visitando,
773 761 898 826 audivit
918 781 1092 840 cursorem,
1115 759 1381 823 sentenciarium¹
1404 767 1437 823 et
1457 759 1650 844 magistrum
1678 758 1780 823 diebus

365 859 559 946 legibilibus,
587 859 630 924 ad
660 859 831 946 legendum
859 881 988 924 cursum
1019 857 1224 940 admittatur3
1255 855 1313 922 sed
1341 857 1369 920 si
1396 859 1488 944 prius
1514 856 1614 922 nichil
1642 859 1677 921 in
1704 858 1780 922 theo·
1869 879 1870 944 J

365 959 454 1045 logia
476 959 611 1041 audivit,
637 969 713 1023 tunc
734 967 859 1023 tenetur
887 981 945 1045 per
969 958 1108 1044 quinque
1134 977 1236 1020 annos
1264 955 1377 1021 audire
1406 978 1582 1038 cursorem,
1613 959 1780 1020 sentencia·
1869 991 1870 996 κ

325 1069 341 1122 5
368 1060 452 1122 rium
482 1069 513 1122 et
541 1059 730 1143 magistrum
764 1056 861 1123 modo
890 1055 1085 1142 supradicto.
1125 1053 1304 1120 Lieenciati
1336 1063 1444 1120 autam
1473 1056 1506 1119 in
1536 1057 1607 1119 iure
1636 1059 1781 1120 canonico

366 1156 417 1220 vel
446 1159 478 1221 in
505 1156 680 1239 medicina,
708 1159 763 1242 qui
791 1158 881 1242 prius
907 1179 966 1242 per
988 1156 1242 1241 quinquennium
1269 1155 1303 1218 in
1329 1152 1493 1240 theologia
1520 1154 1726 1238 studuersmt,
1750 1179 1781 1220 eo

365 1255 460 1320 modo
488 1259 571 1320 sicut
597 1255 745 1341 magistri
773 1255 897 1342 antiqui
924 1256 957 1318 iu
985 1253 1110 1318 artibus
1139 1252 1182 1318 ad
1209 1275 1340 1318 cursum
1368 1251 1598 1334 admittantur3
1628 1255 1657 1317 si
1685 1267 1780 1318 auteur

365 1379 429 1420 non
457 1354 648 1420 studuerunt
670 1355 759 1440 prius
781 1354 815 1418 in
835 1352 1008 1440 theologia,
1034 1362 1206 1440 expectent
1227 1351 1269 1417 ad
1291 1353 1431 1441 quinque
1451 1375 1563 1420 annos.
1606 1351 1675 1416 Sed
1696 1353 1782 1418 licen·

366 1456 440 1520 ciati
468 1455 502 1518 in
526 1450 588 1540 [3²]
613 1451 754 1533 artibus,
785 1453 840 1540 qui
869 1461 944 1516 ante
973 1451 1214 1516 licenciaturam
1242 1452 1276 1516 iu
1304 1450 1429 1516 artibus
1455 1449 1668 1534 audiverunt,
1698 1452 1783 1516 modo

328 1566 430 1641 loquo
453 1575 563 1641 supra,
590 1563 665 1638 post
684 1551 929 1640 quadriennium
954 1552 996 1616 ad
1021 1573 1150 1615 cursum
1179 1550 1406 1632 admittentiu3
1436 1551 1464 1614 si
1484 1561 1593 1615 autem
1615 1573 1681 1617 uon
1704 1552 1784 1637 prius

367 1653 561 1718 audiverunt
582 1653 616 1715 in
637 1649 893 1736 theologicam,
921 1659 1093 1736 expectent
1120 1671 1179 1736 por
1207 1650 1419 1736 septennium,
1447 1657 1622 1736 autequam
1652 1649 1696 1713 ad
1724 1673 1783 1714 cur-

367 1775 437 1816 sum
460 1751 714 1816 adsummantur.
754 1748 937 1836 Religiosus
959 1747 1000 1812 dc
1021 1747 1134 1814 ordine
1155 1747 1422 1830 mendicancium,
1445 1771 1504 1836 per
1529 1771 1624 1814 suum
1647 1749 1783 1814 ordinem

365 1858 601 1939 praesentatus,
630 1847 673 1913 ad
696 1847 831 1913 eundem
854 1870 983 1912 cursum
1005 1847 1197 1912 admittatur
1218 1857 1250 1912 et
1271 1857 1503 1935 consequenter
1529 1847 1572 1911 ad
1601 1851 1783 1928 sentencias,

365 1972 490 2014 necnon
513 1947 556 2013 ad
577 1947 732 2012 ulteriora
755 1945 929 2010 secundum
958 1956 1078 2012 statuta
1107 1945 1280 2010 facultatis.
1322 1945 1403 2010 Item
1432 1945 1616 2032 religiosus,
1646 1951 1703 2035 qui
1729 1970 1784 2011 non

327 2061 357 2115 15
368 2059 417 2114 cst
438 2047 479 2112 de
502 2047 615 2112 ordine
635 2045 903 2128 mendicancium,
932 2046 959 2110 si
985 2045 1082 2110 fuerit
1107 2047 1263 2131 magister
1285 2046 1416 2129 arcium,
1444 2045 1636 2110 admittamur
1660 2046 1703 2110 ad
1724 2069 1783 2110 cur·

366 2171 436 2212 sum
460 2145 635 2211 secundum
664 2146 802 2210 formam
825 2143 1056 2232 supradictam,
1086 2145 1173 2209 circa
1195 2143 1276 2210 alios
1297 2145 1472 2230 magistros
1495 2146 1618 2208 arcium
1640 2167 1783 2231 praesen·

364 2245 481 2311 tandos
504 2243 547 2310 ad
567 2267 696 2309 cursum
715 2244 961 2310 observandam.
1001 2243 1135 2308 sivero
1161 2267 1225 2308 non
1254 2243 1351 2308 fucrit
1380 2243 1545 2329 magister,
1576 2254 1656 2308 tunc
1683 2243 1785 2308 audiat

366 2356 397 2410 et
419 2343 547 2411 studeat
566 2345 600 2408 iu
620 2343 783 2430 theologia
804 2367 862 2430 per
882 2343 1142 2431 quinquennium,
1165 2352 1336 2428 antequam
1357 2339 1400 2406 ad
1419 2363 1550 2407 cursum
1573 2343 1768 2408 admittatur.

585 2532 611 2591 2.
635 2543 783 2591 ausuros
808 2544 853 2590 ns
876 2543 1039 2590 rnusous
1063 2542 1327 2590 rsssssnrsnnr
1349 2544 1396 2590 sn
1419 2542 1566 2590 cussus.

324 2688 358 2743 20
450 2676 571 2742 Volens
594 2675 778 2761 promoveri
801 2673 1035 2760 adlegandum
1057 2698 1187 2740 cursum
1208 2675 1260 2740 vel
1283 2677 1326 2740 ad
1348 2675 1470 2741 alciora
1491 2671 1689 2760 tel3blnetnr
1711 2676 1785 2738 iufra
1869 2757 1870 2760 Ἴ

366 2797 507 2841 mensem
528 2774 612 2838 Iunii
635 2783 755 2858 petere,
778 2796 812 2836 sc
835 2773 877 2838 ad
899 2772 1067 2860 praedicta
1088 2777 1190 2861 recipi
1213 2783 1244 2839 et
1264 2774 1401 2840 admitti.
1869 2767 1870 2792 ¹

400 2982 429 3042 3.
452 2991 602 3039 ausuros
623 2991 669 3038 nn
693 2989 878 3054 numeres,
901 2991 1056 3051 saronas
1079 2992 1125 3038 sn
1149 2991 1287 3040 cussus
1308 2990 1556 3039 rnsnsnnrsna
1579 2989 1750 3038 vonnsrn.
1869 2959 1870 2992 ³

448 3123 615 3208 Magister,
637 3121 750 3187 volens
772 3121 912 3209 aliquem
936 3135 1147 3209 praesentare
1169 3122 1211 3188 ad
1235 3145 1364 3188 cursum
1386 3121 1569 3210 legendum,
1596 3125 1691 3209 prius
1712 3121 1785 3185 benc

365 3224 556 3288 informatus
588 3221 628 3286 de
661 3219 880 3306 complecione
911 3221 1168 3308 praedictorum,
1205 3223 1349 3310 requirat
1378 3221 1537 3288 decanum
1568 3221 1611 3286 de
1644 3219 1785 3287 facienda

321 3321 622 3408 &congregacione
643 3321 784 3385 omnium
804 3321 1034 3407 magistrorum
1056 3321 1243 3409 regencium
1264 3321 1308 3385 ad
1327 3319 1550 3409 recipiendum
1571 3321 1672 3386 talem
1693 3319 1785 3385 nomi·

366 3433 475 3486 natum
504 3422 637 3506 proprio
661 3441 717 3484 sno
737 3421 866 3484 nomine
896 3419 939 3485 ad
962 3443 1092 3486 cursum
1120 3419 1301 3506 legendum.
1342 3419 1449 3501 Quam
1478 3420 1609 3510 quidem
1637 3441 1785 3486 convoca·

365 3523 489 3586 cionem
511 3518 653 3584 decanus
673 3528 800 3583 tenetur
822 3520 930 3584 facere
951 3520 1032 3584 hora
1053 3530 1084 3584 ct
1104 3517 1173 3584 loco
1195 3519 1461 3586 convenientibus
1483 3519 1643 3584 facultati.
1673 3520 1711 3586 In
1729 3541 1785 3606 qua

365 3619 600 3685 convocacione
627 3617 702 3682 talis
729 3618 885 3702 magister
912 3630 1089 3706 proponat,
1120 3641 1155 3682 se
1181 3619 1272 3683 illum
1299 3617 1382 3684 velle
1408 3628 1630 3705 praesentare,
1660 3629 1693 3683 et
1716 3629 1785 3682 tunc

364 3719 514 3803 magistri
535 3727 685 3802 regentes
706 3718 739 3780 in
761 3717 909 3802 magistri
931 3727 1140 3804 praesentare
1154 3717 1292 3782 volentis
1313 3717 1468 3783 absencia
1488 3716 1530 3782 de
1551 3717 1785 3804 praesentando

323 3829 358 3884 ³0
367 3815 607 3897 deliberabunt,
637 3824 669 3878 et
700 3815 728 3879 si
750 3837 862 3880 omnes
891 3817 924 3880 in
946 3840 1020 3882 eum
1048 3818 1283 3898 consenserint,
1313 3815 1522 3900 admittatnr3
1552 3817 1636 3882 alias
1663 3840 1738 3900 non,
1758 3825 1785 3880 ot

365 3917 556 4003 praesertim
577 3917 605 3978 si
626 3913 851 3978 contradicens
872 3913 960 3980 dicat
981 3938 1113 3980 causam
1135 3914 1216 3981 adeo
1232 3913 1474 3998 racionabilem,
1496 3916 1584 4003 qnod
1604 3927 1675 3982 tota
1694 3915 1785 3982 facul·

364 4015 488 4081 tesval
516 4017 620 4080 maior
642 4013 711 4078 eius
739 4035 817 4100 pars
839 4014 999 4101 approbet
1019 4015 1163 4080 eandem.
1185 4009 1217 4102 [4
1225 4011 1252 4101 ⁸]
1280 4013 1398 4079 Modus
1426 4025 1533 4082 autem
1561 4014 1785 4103 praesentandi

364 4116 426 4180 erit
454 4113 538 4197 talis,
567 4112 653 4200 quod
681 4115 837 4199 magister
863 4123 1076 4200 praesentans
1102 4113 1204 4179 dicat:
1244 4112 1407 4196 „Domine
1434 4113 1557 4180 decane
1586 4123 1619 4180 et
1646 4115 1786 4201 magistri

363 4213 550 4294 reverendi,
581 4223 753 4299 praesento
776 4211 870 4278 vobis
900 4214 949 4278 ,tt
979 4213 1022 4279 ad
1050 4213 1220 4300 legendum
1249 4235 1392 4296 cursum,
1419 4237 1515 4301 quem
1543 4235 1603 4300 per
1627 4219 1785 4280 conscien-

321 4316 448 4380 sstciam
479 4335 584 4376 meam
616 4310 659 4376 ad
690 4310 752 4376 hoc
782 4309 879 4376 credo
907 4334 978 4377 esse
1007 4312 1171 4399 ydoneum
1200 4313 1234 4377 in
1264 4313 1408 4377 scientiis
1437 4322 1470 4377 ct
1495 4313 1676 4380 moribus.“
1716 4313 1786 4379 Post

363 4415 444 4478 hacc
468 4410 608 4475 decanus
631 4409 733 4474 dicat:
775 4409 943 4494 „Admitto
965 4433 1024 4476 vos
1052 4412 1181 4476 nornine
1207 4410 1382 4494 facultatis,
1412 4409 1503 4477 salvo
1532 4410 1621 4498 quod
1648 4414 1784 4478 inretis“

363 4513 408 4578 Et
430 4512 540 4576 statim
563 4511 609 4574 sic
631 4509 792 4575 admissus
815 4511 899 4574 iuret
921 4509 1097 4574 secuudum
1119 4510 1256 4575 formam
1278 4512 1462 4594 iuramenti,
1488 4533 1572 4597 quae
1600 4513 1635 4576 in
1661 4513 1784 4577 rubrica

362 4608 537 4676 inmediate
568 4611 714 4694 sequenti
746 4609 937 4674 continetur.
979 4608 1023 4674 Et
1053 4609 1245 4693 notandum,
1277 4607 1364 4696 quod
1394 4608 1528 4697 quilibet
1559 4613 1783 4698 magistrorum

364 4713 432 4776 sine
462 4706 724 4774 contradiccione
753 4709 971 4797 cuiuscunque
1001 4711 1121 4795 poterit
1147 4707 1335 4794 religiosum
1363 4707 1417 4774 vel
1443 4730 1509 4774 non
1534 4709 1722 4797 religiosum
1747 4707 1784 4771 de

320 4821 556 4896 loquacunque
576 4807 712 4872 nacione
735 4805 965 4889 indifferenter,
995 4807 1167 4874 dummodo
1190 4807 1272 4874 alias
1297 4808 1395 4873 fuerit
1415 4807 1572 4895 ydoneus,
1594 4810 1639 4875 ad
1660 4831 1783 4876 cursum

362 4921 394 4975 et
414 4909 517 4974 eciam
539 4907 582 4972 ad
604 4907 784 4971 sentencias
806 4917 1024 4994 praesentare.

450 5147 459 5198 l
484 5138 670 5198 Gescbrieben
688 5136 762 5192 steht
778 5140 980 5194 sentencias-um.
