3748 6070
603 439 654 492 Die
673 437 792 492 sunm
810 453 872 494 rom
890 439 972 493 Jabre
992 439 1067 494 1⁵4³.
1484 441 1545 504 297

129 622 161 687 in
184 617 430 688 contuberniam
452 618 620 688 mulierem
640 646 681 690 ne
709 624 781 713 quis
806 622 989 691 introducat
1014 625 1078 692 nisi
1105 624 1266 712 permissu
1288 622 1423 689 duorum
1445 623 1546 710 magi-

129 731 269 789 strorum
290 718 331 784 de
353 729 499 806 quatuor.
542 720 607 803 Qui
628 724 751 808 iecerit,
772 723 926 790 mulctam
949 725 1046 790 trium
1073 745 1260 812 grossorum
1281 721 1412 805 solvito3
1442 722 1546 787 siite
1584 778 1586 784 .

129 845 199 887 rum
222 829 320 908 atque
339 819 456 886 iterum
477 821 598 905 fecerit,
620 823 740 890 mulcta
760 822 941 912 duplicetur
961 847 1000 890 ac
1020 824 1211 912 triplicetur,
1233 822 1330 908 idque
1343 844 1444 910 usque
1465 820 1547 888 adeo

128 921 255 988 servari
277 917 395 1008 placet,
421 928 457 985 nt
482 921 579 987 etiam
601 925 775 1010 magistros
797 934 830 990 et
855 923 937 990 alios
958 943 1068 989 omnes
1095 922 1217 988 incolas
1240 920 1365 1008 collegii
1387 920 1450 986 hac
1475 921 1546 1007 lege

128 1021 229 1086 teneri
260 1017 407 1084 velimus.
448 1019 557 1107 Atque
586 1021 622 1087 in
653 1045 771 1109 genere
799 1023 842 1089 ad
871 1025 968 1090 istum
996 1023 1127 1088 modum
1155 1021 1329 1087 decernere
1356 1019 1474 1086 multas
1504 1020 1545 1086 ob
1570 1029 1586 1083 5

127 1142 243 1186 causas
264 1119 371 1183 visum
397 1126 455 1184 est.
495 1119 610 1209 Itaque
635 1122 784 1208 inquilini
810 1121 1012 1188 conclavium
1037 1124 1072 1188 in
1095 1121 1156 1187 hoc
1183 1121 1318 1207 collegio
1345 1142 1455 1186 omnes
1482 1121 1545 1186 isto

130 1227 249 1286 statuto
269 1219 375 1284 teneri
393 1240 428 1283 se
440 1219 560 1295 ‚scient
586 1220 682 1303 Quod
705 1223 734 1286 si
755 1220 832 1307 quid
852 1223 1070 1287 committatur
1090 1222 1238 1308 turpiter,
1259 1218 1432 1307 impudice,
1454 1221 1545 1306 flagi·

123 1419 296 1508 impuritas
328 1419 494 1506 omnisque
525 1419 682 1487 scelerata
712 1419 853 1486 audacia
880 1422 1039 1487 sententia
1067 1430 1098 1486 et
1127 1419 1249 1486 iudicio
1278 1427 1415 1505 quatuor
1443 1421 1545 1506 magi-

124 1529 274 1600 strorum,
305 1519 397 1606 sique
423 1539 506 1606 opus
533 1520 576 1585 sit
601 1519 747 1587 adhibito
771 1522 868 1586 etiarn
896 1522 1051 1609 primario
1079 1519 1240 1607 praeside,
1269 1539 1382 1584 severe
1403 1518 1545 1583 coerceri
1557 1527 1588 1584 tc

125 1619 236 1702 debet,
265 1627 297 1684 et
318 1617 374 1704 qui
394 1616 597 1704 deliquerint,
624 1622 735 1708 puniri
756 1644 816 1708 pro
836 1621 989 1686 facinoris
1015 1621 1151 1686 ratione.
1193 1620 1265 1686 Non
1287 1625 1393 1684 autem
1414 1639 1547 1683 necesse

124 1727 171 1784 est
191 1739 298 1808 neque
319 1716 421 1798 decet,
449 1717 650 1804 singulorum
672 1721 825 1788 vitiorum
848 1742 970 1808 genera
997 1731 1028 1785 et
1049 1743 1133 1809 quae
1158 1740 1261 1806 prave
1283 1725 1458 1802 contraque
1478 1719 1545 1805 pie-

123 1827 231 1901 tatem,
263 1815 473 1899 honestatem,
496 1817 647 1902 officium,
675 1819 777 1887 bonos
800 1842 906 1887 mores
926 1819 996 1885 fieri
1018 1820 1130 1900 solent,
1158 1816 1348 1884 nominatim
1369 1814 1544 1903 prohiberi,

125 1941 195 1984 cum
216 1938 324 2005 neque
351 1917 519 2004 ignoretur
540 1916 652 1984 divina
672 1919 821 1986 voluntas
849 1928 881 1986 et
905 1942 965 1985 sua
989 1921 1106 2006 cuique
1126 1918 1323 1984 conscientia
1345 1913 1546 1998 subiiciatur,

123 2015 287 2106 aquibus
314 2017 479 2084 continere
507 2015 733 2107 abstinercquc
762 2021 797 2086 in
823 2019 882 2085 tali
910 2020 1103 2108 praesertim
1128 2019 1198 2084 vita
1227 2025 1259 2082 et
1289 2016 1545 2104 congregacione
1556 2025 1587 2082 15
1624 2069 1627 2074 .

124 2125 281 2204 oportent

751 2221 819 2270 tax
838 2220 925 2272 vm

205 2333 315 2399 Lusus
345 2332 497 2399 scurriles
525 2332 707 2422 prohibitos
737 2335 772 2400 in
797 2333 1006 2400 contubernio
1035 2333 1183 2401 omnibus
1210 2331 1465 2414 essevolumus,
1494 2335 1544 2399 iti·

125 2433 261 2523 demque
291 2433 545 2521 compotationes
580 2432 896 2522 crapulationesque;
928 2435 983 2521 qui
1015 2433 1197 2500 exercuerit
1228 2432 1326 2521 quive
1356 2441 1545 2498 exercentes

122 2533 248 2616 texerit,
271 2530 313 2597 ob
334 2530 486 2621 quodque
507 2531 659 2599 delictum
681 2533 797 2601 solvito
819 2533 975 2600 mulctam
995 2535 1095 2600 trium
1114 2553 1313 2620 grossorum.
1553 2539 1588 2596 2⁰

768 2704 840 2755 Lex
856 2703 906 2756 IX.

203 2815 243 2884 in
265 2811 436 2900 collegium
457 2812 599 2882 ullamve
626 2827 753 2905 partem
779 2815 866 2883 illius
892 2819 1026 2905 nequis
1054 2817 1159 2884 alieno
1179 2825 1325 2903 tempore
1346 2835 1386 2880 ac
1405 2812 1478 2880 loco
1499 2815 1545 2880 in·

122 2915 279 3003 proditor,
305 2936 347 2979 ne
369 2935 459 2979 seras
479 2913 596 2981 fraude
617 2925 674 2982 ant
693 2918 727 2981 vi
747 2916 914 3002 recludite,
939 2940 981 2984 ne
1002 2941 1061 3005 per
1082 2918 1240 2983 fenestras
1260 2935 1324 2980 neu
1345 2935 1426 3001 quas
1447 2912 1547 2980 rimas

125 3038 196 3082 sesa
217 3013 348 3080 inferat
390 3012 456 3095 Qui
476 3013 601 3099 fecerit,
622 3038 687 3082 uno
707 3015 822 3083 horim
843 3016 1026 3084 mulctetur.

781 3187 853 3238 Lex
870 3187 903 3237 X.
1552 3187 1585 3245 25

206 3295 338 3366 Cleusis
359 3295 451 3382 hora,
472 3319 537 3385 qua
557 3297 612 3364 lex
631 3297 730 3381 iubet,
752 3273 1024 3385 foribuscollegii
1048 3299 1076 3364 si
1096 3299 1169 3385 quis
1188 3298 1274 3365 intra
1292 3297 1355 3364 hcc
1375 3319 1438 3364 non
1454 3319 1544 3384 repe-

123 3399 206 3464 ritur
228 3398 299 3463 sive
311 3405 395 3485 post
413 3395 495 3463 illud
514 3407 643 3486 tempus
662 3397 846 3486 pulsatione
866 3398 910 3464 ad
927 3399 1014 3466 fores
1034 3397 1256 3481 tumultuetur,
1277 3398 1306 3464 is
1328 3397 1443 3466 solvito
1465 3395 1545 3462 rnul-

124 3507 210 3565 ctam
231 3519 422 3584 grossorum
442 3498 552 3566 trium.

765 3617 836 3668 Lex
852 3615 904 3668 x1.

204 3731 260 3798 De
285 3729 496 3799 contubernio
522 3731 736 3821 undecunque
764 3755 806 3798 ne
835 3731 916 3820 quid
946 3731 1128 3817 effunditur,
1157 3729 1336 3821 proiicitor,
1365 3728 1587 3796 detruditorto

125 3840 263 3922 aspectu
282 3829 413 3897 foedum
436 3839 469 3897 et
490 3833 600 3898 sensui
621 3833 818 3899 contrarium
839 3854 879 3898 ac
899 3833 1118 3899 inamoenum.
1158 3832 1227 3914 Qui
1248 3830 1375 3914 feccrit,
1402 3831 1436 3895 in
1455 3827 1546 3894 illum

122 3929 365 3998 animadversio
391 3931 623 4016 magistrorum
652 3943 790 4020 quatuor
817 3930 924 3998 libera
949 3940 1028 3998 esto.
1068 3931 1204 4021 Siquis
1232 3940 1405 3996 extranem
1431 3928 1544 3996 horum

124 4029 205 4120 qnid
234 4029 356 4113 fecerit,
386 4027 570 4116 plectantur
595 4029 828 4098 inhabitatores
850 4029 1082 4115 cubiculorum,
1110 4031 1289 4122 dequibus
1317 4028 1442 4119 aliquid
1469 4027 1545 4095 effu·

122 4153 205 4214 sum,
227 4129 417 4216 proiectum,
437 4127 603 4196 detnmum
623 4129 730 4215 fuerit,
752 4132 780 4196 si
801 4128 931 4217 quidem
950 4129 1072 4196 sactum
1088 4131 1272 4198 celaverint
1295 4129 1332 4197 si
1345 4152 1423 4196 vero
1443 4129 1544 4216 magi·

122 4241 269 4298 atrorum
295 4229 353 4294 uni
376 4228 417 4295 dc
442 4237 581 4317 quatuor
600 4229 831 4312 indicaverint,
860 4239 1033 4296 extraneus
1061 4230 1151 4297 illam
1176 4230 1329 4297 mulctam
1359 4227 1586 4318 persolverctt

122 4338 269 4418 cogatur.
307 4326 401 4393 Idem
426 4327 627 4414 intelligatur
647 4328 688 4395 de
714 4327 873 4411 omnibus,
899 4349 983 4415 quae
1009 4326 1177 4396 inhoneste
1201 4331 1402 4418 turpiterque
1428 4339 1460 4396 et
1486 4329 1544 4394 im-

125 4427 231 4518 probe
252 4425 424 4514 designata
444 4428 679 4516 commissaque
705 4427 826 4494 fuerint
845 4428 880 4494 in
900 4427 967 4493 ulla
993 4437 1087 4515 parte
1111 4427 1238 4516 collegii
1260 4439 1315 4496 aut
1336 4453 1357 4496 a
1377 4431 1544 4496 cuiuscun-

123 4550 188 4618 que
208 4525 420 4594 habitationis
441 4525 599 4613 inqnilino
620 4527 789 4615 hospiteve
811 4536 867 4593 aut
886 4525 991 4592 sodali
1011 4527 1064 4594 vel
1084 4526 1132 4594 ibi
1153 4550 1345 4618 quocunque
1365 4538 1544 4618 praesente

759 4697 831 4748 Lex
850 4697 919 4748 ΧΗ.

208 4807 309 4877 Omni
329 4815 484 4898 tempore,
512 4809 674 4898 imprimis
700 4819 807 4876 antan
833 4811 997 4898 petitionis
1024 4818 1056 4876 et
1076 4807 1203 4877 exordii
1223 4809 1390 4894 honorum,
1419 4817 1585 4878 summare

122 4907 281 4999 discipnh
303 4907 581 4976 extraordinarios
601 4919 633 4976 et
654 4931 914 4998 supervacaneos
934 4932 975 4976 ne
994 4909 1125 4976 faciant.
1164 4909 1201 4976 Si
1219 4910 1363 4992 iecerint,
1385 4907 1543 4995 castigen-

120 5021 177 5078 tur
198 5032 221 5076 a
238 5009 404 5096 magistris
426 5019 574 5098 quatuor.
608 5007 645 5074 si
666 5011 783 5076 iterum
802 5010 937 5077 fecerint
969 5009 1038 5076 sive
1058 5017 1183 5077 sumtus
1202 5010 1282 5076 facti
1300 5007 1392 5073 nimii
1412 5007 1541 5094 fuerint,

122 5110 250 5180 carceri
271 5131 338 5176 una
357 5107 410 5176 die
430 5117 463 5176 et
482 5117 577 5176 nocte
596 5107 813 5176 includantur.
