3748 6070
341 510 402 577 308
831 507 885 558 Dia
902 507 1122 572 philosophiscba
1141 506 1271 557 I'aanltit

342 687 537 776 quindenam
566 711 587 754 a
616 689 680 754 line
714 690 874 754 examinis
902 687 981 754 velit
1011 687 1047 753 xl
1080 710 1182 754 novos
1211 707 1343 774 grossos
1375 683 1502 750 solvere
1534 682 1684 752 facultab'
1714 683 1763 750 val

342 807 367 853 11
389 787 526 853 florenos
556 811 707 854 recenses
735 799 776 870 et,
804 791 915 854 intrim
944 786 1031 876 quod
1058 789 1165 874 grossi
1195 799 1269 852 sunt
1296 783 1445 850 meliores
1467 784 1610 868 florenis,
1638 809 1764 872 grosam

343 887 468 954 solvere
487 886 575 970 velit,
604 889 667 952 nisi
695 911 716 952 a
742 887 896 953 facultate
919 889 1095 976 optinuerit
1124 909 1234 952 eorum
1257 883 1479 950 dimissionem
1501 883 1554 950 val
1577 883 1764 952 dilacionem

343 985 387 1052 ad
407 987 577 1051 terminum
597 987 783 1074 longiorem.

301 1147 318 1202 5
467 1141 623 1200 Hiernaclr
646 1141 685 1200 iat
706 1161 752 1200 um
777 1143 886 1202 Rauda
907 1142 1127 1218 nuelyetroqaa
1149 1137 1216 1217 (die
1236 1139 1377 1216 Anfiiage
1398 1139 1453 1198 der
1471 1139 1575 1198 Zaiiea
1595 1139 1667 1198 sind
1685 1140 1765 1216 abqe

402 1239 532 1299 canitae
560 1260 569 1296 r

385 1261 400 1298 ⁸
468 1237 571 1422 [lteri]
593 1334 681 1420 quod
702 1335 781 1400 velit
803 1336 928 1402 solvere
952 1341 963 1400 1
991 1334 1146 1400 florenum
1168 1334 1255 1400 ultra
1275 1329 1380 1422 [istola
1402 1335 1483 1400 duos
1510 1335 1542 1400 u
1568 1333 1656 1399 infra
1680 1333 1764 1400 idem

383 1443 510 1598 Ἐπ’
544 1456 605 1520 pro
638 1429 747 1523 [bono]
781 1436 1017 1520 universitatis,
1050 1435 1115 1499 nisi
1147 1435 1249 1522 ipsius
1283 1435 1459 1521 optinuerit
1490 1433 1686 1500 dilacionem
1716 1432 1766 1498 vel

467 1554 617 1598 seronem.

304 1694 337 1748 10
427 1682 509 1748 Item
535 1680 621 1768 quod
642 1705 708 1747 non
728 1684 807 1748 velit
827 1684 971 1772 incipere
990 1684 1054 1748 nisi
1082 1685 1207 1770 signeto
1228 1680 1338 1749 habito
1361 1705 1381 1746 a
1402 1681 1541 1766 decano,
1577 1685 1656 1750 item
1685 1683 1767 1772 quod

344 1805 409 1849 non
429 1782 508 1848 velit
531 1805 552 1847 a
571 1781 892 1848 recommendacione
917 1783 1161 1849 licenciatorum
1187 1783 1369 1864 absentare,
1396 1783 1430 1845 ni
1450 1782 1679 1848 rationabilem
1698 1805 1767 1848 cau·

345 1904 414 1948 sam
440 1880 606 1966 babuerit,
636 1904 733 1969 quam
760 1881 905 1948 facultati
931 1891 1094 1972 proponat
1122 1891 1154 1948 et
1180 1883 1325 1948 favorem
1355 1879 1528 1947 absenciae
1556 1883 1703 1970 optineat
1728 1880 1767 1946 ab

345 1981 467 2048 eadem.

773 2105 820 2167 14.
840 2117 888 2163 nn
910 2116 1110 2165 nrcnurmrr
1130 2113 1342 2163 marimum.

307 2241 337 2298 15
428 2231 497 2296 Ista
518 2230 640 2296 iurabit
660 2230 907 2318 magistrandus
922 2243 1069 2320 tempore
1090 2232 1290 2319 incepcionis
1312 2239 1345 2294 et
1363 2239 1520 2317 tempore,
1542 2251 1607 2318 quo
1628 2230 1770 2297 favorem

346 2330 524 2416 incipiendi
551 2333 586 2396 in
615 2331 739 2396 artibus
767 2355 788 2396 a
812 2331 966 2398 facultate
992 2331 1163 2418 optinebit:
1194 2329 1337 2413 „Primo,
1363 2327 1449 2414 quod
1477 2350 1536 2415 per
1563 2328 1646 2395 duos
1672 2353 1770 2396 annos

346 2430 380 2493 in
402 2431 465 2494 ista
484 2431 696 2496 universitate
717 2429 804 2516 leget
823 2441 855 2496 et
876 2429 1065 2516 disputabit,
1090 2431 1154 2494 nisi
1176 2451 1284 2494 seeum
1305 2450 1402 2515 super
1423 2426 1486 2493 boe
1506 2450 1565 2515 per
1585 2429 1771 2496 facultatem

346 2529 443 2594 fuerit
471 2529 710 2616 dispensatum
739 2531 833 2594 item¹
863 2528 950 2617 quod
978 2537 1100 2593 statuta
1125 2538 1157 2591 et
1185 2527 1365 2608 statuenda,
1394 2549 1479 2615 quae
1505 2537 1580 2592 sunt
1605 2551 1667 2616 pro
1690 2527 1771 2594 bono

346 2629 568 2694 universitatis
590 2651 629 2694 ac
650 2628 814 2693 facultatis
836 2629 970 2710 arcium,
991 2627 1127 2692 firmiter
1149 2625 1228 2690 velit
1249 2625 1440 2710 observare;
1468 2629 1545 2691 item
1569 2627 1658 2714 quod
1677 2629 1771 2692 istum

305 2726 484 2812 20gradum
507 2729 541 2792 in
562 2727 652 2793 nulla
674 2727 740 2793 alia
765 2729 976 2792 universitate
1000 2737 1161 2809 resumat3
1190 2728 1267 2790 item
1296 2725 1383 2812 quod
1410 2725 1531 2792 bonnm
1551 2728 1771 2792 universitatis

347 2834 381 2889 et
410 2825 574 2892 facultatis
605 2828 744 2910 arcium,
775 2825 819 2892 ad
849 2847 1072 2913 quemcunque
1100 2835 1219 2890 statum
1247 2824 1428 2908 devenerit,
1458 2823 1537 2891 velit
1566 2826 1771 2913 procurara“

348 2924 392 2989 Et
420 2924 542 3012 placuit
563 2925 684 2992 ibidem
704 2935 782 2992 tunc
805 2925 982 3012 magistris,
1011 2923 1099 3010 quod
1126 2924 1189 2989 ista
1215 2922 1329 2990 ultima
1356 2922 1420 2990 duo
1449 2923 1491 2990 ad
1519 2927 1698 3012 periurium
1719 2925 1771 2990 ob·

346 3024 457 3112 ligant

526 3181 570 3242 l5.
592 3193 639 3240 DE
661 3191 976 3241 DISPU'I'A'I'IONIBUS
997 3191 1315 3241 EXTRAORDINARIIS
1338 3191 1596 3241 uumsruoauu.

306 3334 339 3392 25
429 3325 511 3392 Item
531 3327 592 3392 fnit
612 3335 775 3408 statutum,
797 3324 885 3412 quod
905 3322 1040 3412 quilibet
1061 3336 1226 3411 promotus
1247 3326 1291 3392 ad
1310 3324 1448 3412 gradum
1460 3327 1641 3412 magisterii
1663 3327 1766 3392 occies

349 3426 610 3492 extraordinarie
637 3426 723 3490 infra
750 3427 890 3512 primum
919 3447 1039 3490 annum
1067 3446 1145 3490 suae
1173 3426 1373 3512 incepcionis
1401 3423 1598 3511 disputabit;
1626 3435 1659 3490 et
1685 3435 1771 3492 ante

349 3547 446 3612 quam
467 3524 653 3592 huiusmodi
673 3524 913 3612 disputaciones
934 3522 1154 3610 compleverit,
1181 3523 1224 3588 ad
1246 3523 1413 3592 consilium
1441 3523 1606 3590 facultatis
1626 3547 1692 3591 uon
1713 3523 1766 3590 ad-

347 3625 504 3690 mittatur.
1617 3647 1624 3652 ·

426 3796 474 3857 16.
501 3809 537 3858 m
559 3807 684 3870 oureus
704 3807 850 3856 surmus
872 3805 1036 3854 marsum
1057 3808 1093 3854 ru
1113 3808 1297 3856 mammos
1318 3809 1694 3890 permanserimus.

310 3950 345 4007 ³0
435 3941 518 4006 Item
547 3941 609 4006 fuit
636 3950 799 4022 statutum,
828 3939 916 4004 nullo
941 3938 1189 4024 contradicente,
1217 3941 1303 4028 quod
1328 3943 1362 4006 in
1391 3941 1551 4008 eleccione
1579 3939 1712 4026 decani,
1739 3943 1771 4007 iu

351 4040 666 4106 recommendatione
693 4039 945 4122 licentiatorum,
972 4041 1007 4105 in
1036 4041 1225 4127 incepcioue
1254 4040 1492 4108 licentiatorum
1521 4062 1577 4106 seu
1606 4040 1771 4124 licentiati,

351 4141 385 4204 iu
419 4137 638 4227 disputatione
665 4138 847 4220 ordinaria,
880 4139 915 4202 in
944 4140 1213 4206 extraordinariis
1241 4139 1513 4227 disputationibus
1542 4143 1772 4228 magistrorum

353 4241 503 4325 magistri
522 4242 557 4304 in
577 4237 741 4304 habitibus
764 4237 902 4302 debeant
921 4259 1090 4326 apparere.

438 4339 519 4404 Item
540 4339 602 4403 fuit
622 4337 808 4404 conclusum
830 4346 861 4404 et
880 4347 1045 4422 statutum,
1067 4338 1151 4426 quod
1173 4337 1280 4404 nullus
1300 4339 1371 4404 sine
1390 4338 1504 4406 babitu
1527 4339 1637 4428 legere
1659 4341 1774 4408 debeat

312 4449 416 4506 tanco
437 4439 507 4504 sine
527 4437 641 4504 babitu
661 4437 790 4526 publice
810 4436 988 4525 disputare.

410 4611 458 4674 17.
484 4623 520 4670 m
541 4623 667 4684 oureus
688 4623 835 4672 scurrus
855 4621 1061 4672 siccamen
1081 4621 1117 4668 m
1136 4622 1321 4671 nsarrrnus
1340 4623 1503 4672 nnaanur
1523 4625 1715 4674 aremus.

435 4739 518 4804 Item
547 4739 609 4803 fuit
630 4738 826 4824 conclusum,
855 4737 943 4826 quod
969 4759 1080 4804 omnes
1100 4737 1278 4803 baccalarii
1296 4739 1331 4801 in
1352 4738 1625 4826 disputationibus
1646 4740 1774 4806 ordina·

351 4839 410 4904 riis
431 4840 661 4926 magistrorum
680 4839 714 4902 in
734 4837 902 4904 habitibus
923 4840 957 4903 in
978 4837 1141 4923 scampnis
1163 4834 1421 4904 baccalariorum
1443 4839 1583 4906 debeant
1603 4862 1775 4928 apparere,

351 4942 385 5005 in
409 4937 679 5005 extraordinariis
699 4960 776 5004 vero
801 4933 1074 5024 disputationibus
1099 4935 1276 5002 bacoalarii
1303 4937 1534 5026 respondentes
1555 4941 1590 5003 in
1610 4938 1775 5006 habitibus

427 5181 439 5232 l
462 5170 647 5235 Gewhneben
664 5169 738 5229 steht
754 5172 802 5228 ira.
