3748 6070
338 468 400 534 286
915 465 969 518 uu
986 464 1199 570 ltrsnerreolless.x

339 673 412 716 rum
434 647 612 714 communis
633 667 775 728 mensae,
801 643 924 712 ideirco
947 647 1151 712 severissime
1173 644 1463 734 prohibensque
1488 647 1701 734 imposterum
1720 649 1765 713 in·

340 748 453 838 quilini
483 745 663 812 concedant
689 744 873 810 huiusmodi
903 747 1157 830 compotationes
1190 747 1412 810 convictorum
1439 743 1578 812 alicmm
1597 769 1767 812 mensaee

338 842 548 936 pu[17]blico
574 845 782 910 convictorio.
825 843 953 924 Quodsi
976 845 1048 928 quis
1077 854 1190 910 contra
1218 843 1360 910 edictum
1386 843 1449 912 hoc
1475 854 1625 912 nostrum
1656 847 1769 912 fecerit

339 955 371 1010 et
399 944 464 1010 tale
492 941 570 1030 quid
597 943 631 1006 in
657 964 715 1008 suo
744 964 854 1006 museo
883 944 1094 1024 concesserit,
1125 943 1154 1008 is
1183 943 1308 1030 absque
1336 943 1424 1011 omni
1452 947 1645 1031 exceptione
1672 947 1767 1010 trium

296 1057 313 1111 5
339 1041 555 1132 imperialium
584 1040 739 1106 mulctam
771 1041 940 1107 exsolvito.
979 1039 1124 1106 Maxime
1145 1063 1223 1106 vero
1251 1050 1388 1125 noctem,
1415 1040 1574 1108 divinitus
1596 1043 1769 1110 clementer

338 1144 381 1210 ad
409 1144 515 1231 quiete
544 1138 736 1205 reficiendas
765 1161 939 1226 corporum
963 1140 1051 1204 vires
1082 1161 1279 1222 concessam,
1305 1139 1456 1206 volumus
1485 1163 1612 1208 summo
1642 1141 1769 1208 silentio

338 1241 485 1326 transigi.
519 1238 614 1302 Hanc
633 1239 733 1323 igitur
757 1239 868 1323 quiin
890 1239 1032 1303 omnium
1052 1248 1201 1303 nostrum
1222 1239 1372 1304 inimism
1396 1239 1642 1327 quibuscunque
1663 1239 1767 1306 modis

339 1343 405 1406 iem
433 1337 527 1404 dictis
550 1337 671 1402 furiose
697 1336 887 1421 turbaverit,
916 1335 1053 1402 duorum
1074 1336 1340 1402 ioachimicorum
1369 1338 1522 1404 mulctam
1543 1336 1770 1428 vel[18]am·

339 1438 424 1526 plius
448 1459 510 1524 pro
535 1434 645 1500 delicti
671 1435 894 1520 magnitudine
920 1435 1110 1522 dependit03
1142 1437 1197 1523 qui
1226 1435 1379 1520 secundo,
1410 1435 1560 1524 daplmn3
1588 1440 1646 1526 qui
1666 1440 1770 1520 tertio,

302 1549 333 1605 to
344 1539 451 1604 statim
476 1559 518 1601 ex
538 1534 675 1618 collegio
697 1533 899 1616 excludatur,
929 1537 1111 1622 quicunque
1140 1534 1194 1599 ille
1222 1535 1329 1599 suerit
1372 1536 1484 1622 Neque
1506 1536 1697 1602 admittetur
1718 1560 1770 1602 ex·

340 1639 463 1702 cusatio
491 1644 699 1698 externorum
728 1641 783 1696 aut
810 1632 982 1718 hospitum,
1010 1633 1068 1697 sed
1093 1633 1250 1721 cuiusque
1271 1631 1492 1717 habitationis,
1520 1634 1577 1700 nbi
1597 1633 1770 1724 deliquisse

339 1735 464 1820 aliquos
492 1742 692 1819 compertum
723 1731 834 1812 fuerit,
863 1731 1013 1818 inquilini
1039 1729 1290 1796 mulctabuntur.
1330 1732 1474 1799 Musicos
1503 1744 1617 1799 cantus
1648 1733 1770 1824 quales-

339 1855 465 1918 cunque
485 1831 606 1896 nemini
634 1828 867 1910 interdicimus,
896 1829 1070 1894 dummodo
1092 1831 1207 1894 musici
1229 1829 1276 1894 illi
1299 1833 1370 1913 sint,
1393 1833 1412 1896 i.
1434 1854 1459 1896 e.
1483 1830 1590 1898 studio
1612 1831 1770 1898 bonarum

340 1933 459 1998 artium
481 1940 512 1995 et
533 1924 810 2015 humani[t9]tatis
838 1927 938 2014 digni,
967 1951 1124 2014 suumque
1148 1941 1179 1993 et
1200 1928 1331 1995 modum
1355 1941 1387 1994 et
1407 1939 1534 2018 tempus
1562 1930 1717 2016 habeant,
1745 1934 1770 1996 si

300 2031 465 2097 ttscilicet
488 2037 582 2094 extra
601 2026 782 2092 studiorum
806 2036 838 2092 et
863 2038 1041 2093 nocturnae
1070 2027 1187 2114 quietis
1217 2027 1315 2094 horas
1344 2031 1426 2095 citra
1454 2052 1546 2094 suum
1574 2039 1607 2095 et
1636 2030 1771 2096 aliorum

337 2127 603 2217 impedimentum
621 2125 711 2191 fiant.

926 2293 973 2340 DE
995 2291 1178 2340 stunmcnr.

935 2410 1102 2460 statutum
1124 2409 1170 2458 Vl.

424 2527 469 2592 Et
498 2549 557 2614 per
587 2549 621 2591 se
650 2522 824 2613 praeclara
852 2521 1004 2608 utilisque
1033 2545 1085 2586 res
1119 2533 1167 2587 est
1196 2522 1361 2588 mundicia
1394 2533 1426 2588 et
1454 2532 1599 2589 nostrum
1627 2525 1772 2592 ordinem

298 2625 435 2692 20dccet
464 2626 638 2711 imprimis,
668 2635 700 2688 et
728 2623 860 2687 minime
889 2621 1055 2685 ferendum
1084 2633 1147 2703 est,
1171 2629 1211 2686 'ut
1240 2621 1460 2707 ingredientes
1489 2622 1550 2688 has
1580 2623 1680 2690 aedes
1710 2649 1772 2692 non

342 2721 631 2810 scho[20]lasticos
656 2724 690 2786 in
712 2721 762 2786 his
791 2719 849 2784 sed
871 2741 943 2783 sues
968 2718 1143 2784 secundum
1165 2719 1316 2784 Plautum
1344 2719 1494 2786 habitare
1529 2725 1658 2808 possint
1688 2724 1771 2789 arbi·

341 2825 431 2888 trari.
461 2822 607 2886 Primum
632 2821 732 2906 igitur
759 2841 836 2884 suae
858 2819 994 2906 quisque
1015 2817 1210 2882 valetudinis
1232 2842 1332 2883 causa
1352 2843 1417 2886 non
1439 2819 1541 2884 solum
1561 2822 1695 2908 ingrata
1717 2823 1773 2888 sed

343 2925 440 2987 etiam
463 2921 613 2986 nocentia
635 2917 776 3007 undique
796 2919 957 2981 removeri
980 2916 1117 2999 studeat,
1140 2915 1295 3004 dabitque
1323 2941 1467 3006 operam,
1489 2929 1524 2985 ut
1545 2921 1587 2984 sit
1608 2923 1772 3008 purgatis-

345 3023 427 3085 sima
450 3041 508 3084 sua
530 3019 686 3104 cuiusque
707 3015 874 3081 habitatio.
906 3016 1103 3100 Assignatus
1125 3025 1231 3080 autern
1254 3015 1343 3082 locus
1365 3030 1424 3101 est,
1445 3021 1478 3084 in
1501 3041 1597 3107 quem
1619 3043 1669 3102 ea,
1691 3043 1773 3108 quae

300 3128 579 3185 2tconverruntur
606 3112 831 3203 expurgando,
858 3114 978 3179 det'erri
1001 3112 1128 3179 debent.
1170 3115 1259 3180 Inter
1286 3113 1495 3183 deferendum
1519 3117 1666 3205 nequid
1693 3129 1772 3184 stra·

341 3226 522 3284 mentorum
544 3215 730 3282 cordiumve
751 3213 884 3278 excidat
904 3222 935 3277 et
957 3211 1025 3277 ulla
1046 3213 1079 3276 in
1101 3223 1195 3299 parte
1219 3209 1282 3299 [21]
1307 3214 1435 3279 aedium
1456 3214 1669 3304 relinquatur,
1701 3217 1771 3283 dili·

342 3328 455 3404 genter
486 3317 596 3381 caveri
626 3314 783 3380 volumus.
827 3311 927 3378 Cuius
956 3311 1018 3376 hac
1047 3313 1082 3376 in
1119 3321 1213 3398 parte
1241 3313 1439 3399 negligentia
1468 3313 1674 3401 deprehensa
1703 3319 1772 3400 erit,

340 3416 382 3482 ab
405 3437 442 3482 eo
465 3415 637 3500 exigentur
657 3411 796 3478 mulctae
824 3411 895 3476 loco
924 3413 1032 3498 grossi
1062 3410 1201 3498 angelici
1228 3410 1300 3476 duo.
1343 3411 1434 3478 Idem
1462 3426 1676 3500 praeceptum
1705 3425 1771 3480 esto

340 3515 381 3580 de
402 3513 602 3600 segminibus
623 3512 796 3598 lignorum,
819 3520 855 3574 ut
873 3509 960 3576 illico
981 3515 1158 3598 asportatis
1179 3511 1219 3574 iis
1240 3508 1330 3575 locus
1352 3512 1513 3578 verrendo
1535 3512 1578 3578 ad
1599 3515 1772 3600 pristinam

298 3612 539 3680 30mundiciem
560 3610 737 3696 redigatur.
777 3609 844 3674 Par
868 3621 917 3673 est
943 3622 976 3674 et
1000 3610 1127 3675 illorum
1157 3609 1284 3692 levitas,
1312 3611 1368 3698 qui
1389 3633 1407 3674 e
1428 3612 1578 3678 fenestris
1599 3612 1653 3678 vel
1675 3615 1772 3680 unde-

341 3733 466 3798 cunque
500 3732 542 3776 ex
575 3708 776 3774 habitatione
809 3711 961 3794 quapiam
991 3708 1122 3774 chartas
1151 3721 1183 3774 et
1211 3731 1374 3796 papyrum
1401 3711 1586 3796 proiiciunt
1628 3711 1715 3778 Nam
1745 3714 1772 3778 si

343 3809 506 3897 simplices
539 3806 615 3874 illae
645 3807 766 3873 fuerint
792 3803 856 3894 [22]
885 3807 1032 3889 chartae,
1065 3808 1184 3874 eiector
1213 3831 1277 3873 uno
1309 3807 1457 3894 angelico
1484 3807 1713 3894 mulctabitur;
1745 3814 1772 3876 si

342 3910 483 3975 lusoriae
510 3905 586 3972 illae
611 3907 746 3988 fuerint,
774 3905 895 3987 tribus3
923 3907 950 3970 si
977 3906 1093 3972 toedae
1119 3915 1151 3971 et
1179 3905 1364 3972 immundae
1391 3907 1512 3972 fuerim
1538 3907 1673 3975 chartae
1702 3933 1771 3997 pro

343 4009 456 4089 iactae,
485 4007 634 4092 exigetur
658 4004 699 4070 ob
721 4003 782 4069 hoc
811 4003 941 4070 foedum
969 4006 1095 4070 lacinus
1117 4027 1137 4070 a
1158 4004 1414 4090 designantibus,
1440 4017 1472 4070 ct
1496 4029 1602 4094 neque
1630 4009 1696 4076 sibi
1720 4033 1771 4075 ne·

304 4115 410 4192 35que
439 4103 511 4170 aliis
541 4105 605 4170 imo
627 4126 731 4191 neque
758 4104 917 4168 honestati
946 4103 1167 4191 parcentibus,
1196 4105 1336 4192 primum
1365 4103 1518 4170 dimidius
1545 4107 1772 4190 ioachimicus3

346 4207 374 4268 si
395 4205 520 4286 iterum,
540 4202 662 4268 mulcta
684 4201 884 4288 duplicetur3
912 4205 939 4268 si
961 4204 1066 4284 tertio,
1095 4201 1276 4290 triplicetur
1298 4215 1339 4283 et,
1368 4212 1443 4268 ute
1464 4203 1603 4290 collegio
1626 4209 1772 4294 emigret,

343 4302 503 4370 iubeatur.
542 4300 681 4384 Deinde,
709 4323 751 4366 ne
778 4301 851 4390 quis
874 4301 1012 4368 alterum
1038 4300 1191 4366 sordibus
1218 4299 1371 4383 offendat,
1397 4301 1529 4366 minime
1552 4299 1617 4390 [23]
1640 4305 1773 4372 ferenda

343 4414 392 4470 est
420 4400 612 4488 angulorum
641 4400 770 4486 collegii
798 4398 990 4466 defoedatio.
1030 4398 1155 4465 Pueros
1184 4401 1283 4486 igitur
1310 4399 1352 4466 ab
1380 4402 1475 4465 urina
1501 4402 1709 4489 impudenter
1737 4408 1772 4468 co

342 4499 510 4569 reddenda
532 4511 564 4564 et
585 4498 778 4586 spargendis
801 4499 998 4564 stercoribus
1026 4497 1160 4584 singuli,
1187 4521 1326 4586 quorum
1350 4497 1398 4564 illi
1427 4509 1515 4582 sunt,
1545 4501 1715 4586 arcebunt,
1739 4513 1773 4568 ut

300 4601 432 4670 womni
463 4610 619 4666 caveatur
648 4598 771 4682 studio,
803 4621 844 4686 nc
872 4597 1124 4684 ingredientium
1152 4619 1225 4680 ore,
1259 4619 1356 4662 nares
1385 4606 1418 4662 et
1444 4597 1529 4664 oculi
1558 4601 1772 4668 offendantur.

341 4703 435 4770 Haec
463 4699 648 4787 quicunque
670 4697 881 4779 commiserit,
910 4717 1048 4784 poenam
1078 4694 1287 4760 arbitrariam
1315 4717 1335 4759 a
1360 4699 1550 4784 praeposito
1570 4698 1658 4765 ferre
1680 4723 1771 4786 coge

341 4811 402 4866 tur.
444 4799 548 4864 Nemo
580 4796 679 4860 etiam
706 4795 758 4861 vel
790 4795 903 4863 sordes
933 4792 985 4860 vel
1013 4794 1185 4876 stramina,
1218 4816 1302 4880 quae
1331 4794 1374 4860 ad
1404 4806 1593 4882 consuetum
1622 4809 1655 4864 et
1684 4799 1772 4866 hisce

340 4899 439 4966 rebus
465 4897 657 4985 deputatum
680 4893 786 4960 locum
807 4894 969 4983 asportari
992 4891 1120 4974 debent,
1144 4889 1208 4978 [24]
1234 4894 1269 4958 in
1297 4891 1432 4978 angulos
1459 4895 1638 4962 eutalium
1666 4896 1771 4964 locum

341 5007 507 5084 congerat,
537 4993 590 5061 vel
613 5015 672 5080 per
693 4993 851 5059 fenestras
872 4995 907 5057 in
927 4990 1092 5080 publicum
1124 4990 1256 5056 dciicint
1283 4993 1381 5080 inque
1403 4995 1545 5080 spatium
1568 4994 1660 5080 illud,
1687 4997 1771 5085 quod

300 5099 496 5168 uestinos
518 5095 661 5162 civitatis
683 5115 808 5160 murum
835 5101 866 5158 et
888 5090 1060 5175 collegium
1081 5097 1237 5173 nostrum,
1265 5090 1352 5178 quod
1372 5091 1482 5162 multis
1504 5091 1545 5160 de
1566 5097 1676 5162 causis
1698 5119 1772 5185 pur·
