3768 6072
598 471 650 522 Dis
669 471 788 524 Srstaten
805 487 860 523 von
879 472 1054 526 llll-loll.
1485 473 1545 536 209

114 653 261 742 sequenti
289 651 345 718 die
374 652 463 716 circa
490 651 603 718 horam
631 653 802 740 septimam
829 653 946 718 iterum
972 653 1059 718 facto
1086 651 1222 741 speciali
1248 649 1343 738 pulsu
1370 649 1547 716 cantabunt

116 751 264 818 similiter
285 752 321 816 in
343 750 432 838 plica
450 751 583 816 missam
605 752 798 832 animarum,
820 753 853 816 in
875 750 972 815 altari
993 762 1144 817 consueto
1166 773 1240 816 cum
1259 751 1416 814 ministris
1432 749 1547 814 solem·

115 853 196 916 niter
218 847 463 930 celebrandam,
493 849 642 935 dyacona
665 849 789 914 scilicet
809 859 842 914 et
863 850 988 930 ceteris,
1010 849 1169 916 ordinatis
1190 848 1398 915 nihilominus
1420 847 1546 912 duabus

115 950 222 1016 missis
244 946 435 1034 legibilibus
454 949 489 1012 in
510 946 669 1014 altaribus
692 947 775 1029 aliis,
797 971 871 1013 cum
890 957 988 1013 cantu
1010 948 1054 1013 ad
1073 949 1228 1030 tumbam,
1249 957 1286 1012 ut
1298 960 1486 1012 consuetum
1498 957 1548 1010 est

114 1049 148 1112 in
168 1045 244 1112 aliis
268 1045 440 1112 similibus.
481 1044 527 1110 Et
544 1043 627 1111 haec
644 1050 753 1112 omnia
772 1047 893 1112 facicm
914 1045 992 1111 dicti
1011 1048 1129 1112 fratres
1150 1049 1220 1112 sine
1243 1045 1371 1131 collegii
1392 1045 1444 1110 vel
1466 1045 1543 1110 alte·
1572 1055 1588 1107 5

116 1149 182 1212 rius
203 1148 356 1232 impensa
378 1145 547 1210 occasione
568 1145 762 1210 elemosinae
783 1167 826 1209 ex
847 1143 960 1210 eodem
982 1144 1132 1212 desmcto
1153 1154 1345 1212 consecutae
1360 1154 1428 1227 ete,
1450 1154 1547 1231 prout

120 1247 224 1312 sciunt
245 1253 278 1310 et
300 1265 361 1330 per
380 1243 507 1310 litteras
529 1265 615 1325 suas,
638 1241 773 1330 collegio
795 1250 1020 1330 praesentatas
1047 1255 1079 1309 et
1099 1245 1133 1309 in
1157 1243 1301 1309 eiusdem
1322 1243 1401 1309 fisco
1422 1245 1545 1330 reposi-

115 1357 174 1428 tas,
194 1352 436 1428 recognosctmt
455 1340 626 1429 praedicta
646 1351 706 1406 etc.

196 1439 261 1528 [Bl.
283 1437 359 1527 18¹¹]
380 1440 435 1505 Ad
458 1439 581 1506 dictum
604 1449 713 1506 autem
735 1441 992 1506 anniversarium
1013 1443 1219 1528 praepositus
1241 1439 1368 1528 collegii
1390 1440 1444 1506 die
1463 1443 1546 1526 vigi-

114 1541 230 1606 liarum
259 1561 319 1626 per
340 1551 484 1604 tenorem
507 1561 688 1605 convocare
709 1548 835 1604 tenetur
861 1559 973 1604 omnes
993 1540 1169 1624 magistros
1197 1539 1325 1626 collegii
1352 1541 1588 1626 praesentiali)

117 1639 263 1706 similiter
285 1649 318 1703 et
343 1639 519 1724 magistros
544 1636 753 1722 collegiorum
773 1637 932 1723 principis
955 1647 988 1702 et
1007 1637 1122 1702 beatae
1141 1639 1289 1724 virginis,
1316 1640 1372 1726 qni
1393 1639 1426 1702 in
1449 1638 1548 1704 choro

117 1738 147 1804 S.
170 1738 268 1804 Pauli
295 1749 442 1823 tempore
470 1737 645 1802 constituto
667 1735 860 1800 conveniant
881 1738 968 1802 etin
989 1737 1090 1800 missa
1115 1734 1158 1799 ad
1178 1738 1285 1801 minus
1306 1737 1349 1802 ad
1377 1737 1442 1801 tria
1467 1736 1546 1801 alta-

116 1839 164 1902 ria
189 1835 394 1902 oblacionem
416 1837 540 1900 faciant
561 1845 601 1916 et,
625 1855 793 1920 quousque
815 1836 1024 1898 constitutum
1051 1844 1100 1898 est
1124 1835 1219 1899 iuxta
1244 1836 1382 1900 formam
1410 1834 1547 1902 aliorum

119 1936 418 2000 anniversariorum
439 1931 526 1998 illius
548 1932 686 2018 collegii,
709 1934 858 1997 intersint
878 1942 911 1998 et
934 1944 1160 2018 permaneant,
1187 1934 1338 2017 magistri
1357 1935 1469 2018 enam,
1492 1938 1548 2021 qni

117 2033 301 2120 presbyteri
322 2033 456 2112 fuerint,
485 2031 599 2098 eadem
622 2033 803 2116 septimana
825 2053 885 2116 pro
908 2030 1058 2096 defuncto
1082 2052 1154 2095 cum
1184 2033 1251 2096 suis
1279 2033 1397 2097 missas
1425 2035 1546 2098 anima-
1558 2043 1589 2097 15

118 2155 187 2196 rum
209 2130 332 2217 singuli
355 2130 498 2216 singulas
519 2129 696 2210 celebrent,
728 2129 783 2194 alii
805 2137 911 2193 autem
934 2129 1045 2194 dicant
1065 2128 1195 2213 vigilias
1217 2131 1361 2215 integrm
1383 2131 1546 2196 defimcto·

121 2253 200 2296 rum.
246 2229 341 2294 Tunc
362 2228 402 2294 de
426 2228 566 2316 pecunia
586 2227 826 2315 praedictorum
848 2235 867 2294 5
889 2226 1083 2292 florenorum
1103 2229 1268 2311 magistris
1295 2228 1432 2294 aliorum
1452 2229 1547 2296 colle·

119 2331 246 2414 giorum
268 2328 498 2414 praesentibus
521 2337 553 2392 ot
573 2328 666 2392 iuxta
686 2325 855 2412 praedicta
877 2325 1049 2412 agentibus
1063 2325 1166 2390 ¹faciet
1185 2329 1396 2413 praepositus
1411 2327 1548 2414 singulis

117 2427 386 2492 distributionem
419 2435 456 2494 lt)
487 2447 676 2512 grossorum
705 2425 919 2511 antiquorum.
962 2422 1059 2504 Quod
1087 2425 1115 2488 si
1144 2425 1216 2511 quis
1243 2447 1285 2490 ex
1314 2427 1360 2490 eis
1386 2430 1419 2492 in
1447 2427 1548 2493 altero

117 2525 279 2593 dictorum
301 2535 428 2592 tantum
455 2528 632 2612 praetactis
661 2522 767 2590 modis
794 2523 899 2609 egerit
925 2531 958 2587 et
985 2522 1121 2587 alterum
1149 2522 1345 2608 neglexerit,
1372 2528 1402 2590 is
1428 2526 1590 2592 babeatw

116 2635 240 2690 tantum
270 2625 487 2690 medietatem.
529 2623 566 2688 Si
596 2645 674 2687 vero
706 2632 876 2709 utrumque
906 2620 1101 2706 neglexerit,
1133 2631 1245 2687 went
1272 2633 1350 2688 toto.
1393 2624 1489 2705 Quod
1521 2627 1549 2689 si

119 2723 261 2810 quidex
284 2723 488 2808 negligencia
510 2722 648 2788 alieuius
669 2722 872 2804 remanserit,
899 2743 964 2785 una
986 2743 1059 2785 curn
1080 2720 1215 2807 reliquo,
1235 2722 1322 2810 quod
1342 2723 1465 2788 scilicet
1486 2722 1549 2788 col-

118 2821 201 2908 legio
223 2823 380 2909 pertinet,
402 2823 486 2888 inter
510 2823 685 2907 magistros
707 2819 835 2906 collegii
855 2819 941 2886 illius
962 2821 1145 2906 praesentis
1167 2820 1327 2886 duntaxat
1347 2831 1379 2886 et
1399 2821 1549 2887 facienda

118 2922 272 2986 facientes
296 2919 472 3004 aequaliter
494 2920 599 2985 dionis
622 2921 828 3007 praepositus
849 2917 1030 3000 distribuet,
1053 2929 1089 2983 ut
1109 2921 1141 2982 in
1155 2919 1228 2984 aliis
1250 2919 1419 3003 similibus,
1441 2922 1549 3007 petitis

120 3019 239 3084 eisdem
262 3019 439 3104 magistris,
462 3018 549 3104 quod
572 3017 753 3105 praelatum
775 3017 960 3080 deirmctum
983 3019 1068 3082 inter
1091 3017 1314 3082 benefactores
1335 3021 1369 3082 in
1389 3021 1590 3085 oracioni-25

119 3117 177 3182 bns
199 3128 231 3183 et
252 3115 370 3182 officiis
391 3119 457 3183 suis
479 3116 658 3183 admissum
681 3138 751 3180 esse
774 3114 883 3180 velint.
924 3115 1043 3180 Actum
1065 3126 1124 3182 etc.
1147 3127 1182 3180 ut
1204 3139 1313 3203 supra.

121 3373 167 3433 to.
189 3385 234 3432 ns
256 3383 350 3443 ouen
378 3383 585 3443 snonunrun
615 3382 759 3430 senum
789 3381 877 3428 sous
907 3367 1271 3430 rno.1xsnnucr10nn¹
1298 3382 1547 3430 sucurrones

159 3483 205 3531 nn
228 3481 327 3530 novo
349 3481 551 3529 coruscum
573 3481 756 3529 nncnnrnu
776 3479 1001 3544 memnona,
1023 3479 1069 3527 ur
1091 3479 1223 3544 aomar,
1250 3464 1442 3540 cuonono²
1465 3481 1504 3530 sa

287 3578 424 3626 menan
446 3579 620 3645 nasama,
642 3579 673 3626 sr
693 3579 759 3627 nos
782 3577 981 3627 con'rmsnr
1004 3578 1078 3626 uox
1102 3562 1389 3628 emmeranni

202 3725 422 3810 Consuetudo,
454 3725 661 3793 laudabiliter
690 3729 774 3792 inter
802 3726 950 3791 dominos
982 3725 1022 3790 de
1053 3724 1188 3810 collegio
1219 3727 1403 3811 observata,
1436 3731 1590 3815 exigit,30

123 3837 155 3890 ut
173 3826 334 3891 tredecies
354 3827 386 3889 in
408 3847 493 3890 anno
514 3826 665 3912 specialis
687 3826 744 3890 fiat
765 3827 903 3913 propina
926 3847 985 3912 pro
1006 3827 1171 3910 magistris
1196 3829 1230 3891 in
1255 3850 1367 3892 mensa
1392 3825 1455 3892 hiis
1483 3828 1548 3893 die·

124 3925 180 3989 bus
202 3924 427 4006 existentibus,
449 3925 544 4011 puta⁴
568 3925 601 3988 in
621 3947 685 3988 uno
709 3923 843 4010 speciali
872 3923 1003 4004 ferculo,
1030 3923 1114 4008 quod
1140 3927 1243 3990 eciam
1267 3929 1432 4012 magistris
1455 3937 1548 3992 extra

123 4046 266 4088 mensam
300 4033 375 4086 tunc
404 4021 617 4088 existentibus
645 4022 859 4102 distribuitur,
892 4033 924 4085 et
954 4023 988 4085 in
1018 4023 1093 4086 vino
1123 4034 1155 4086 et
1185 4025 1342 4089 fructibus
1362 4027 1467 4091 solum
1489 4050 1548 4115 pro

123 4122 288 4208 magistris
309 4123 343 4184 in
364 4143 475 4186 mensa
498 4120 694 4186 sedentibus.
733 4120 879 4202 Quorum
902 4121 1027 4184 dierum
1049 4137 1096 4184 vn
1118 4125 1247 4186 suntin
1268 4125 1451 4190 mutacione
1472 4126 1549 4213 hye-

123 4221 208 4303 mali,
230 4217 384 4284 videlicct
405 4220 547 4284 omnium
569 4229 763 4302 sanctornm,
791 4219 934 4301 Martini,
962 4217 1097 4300 Nicolai,
1125 4221 1306 4284 nativitatis
1327 4220 1458 4306 domini,
1488 4228 1590 4292 eir-as

122 4321 339 4400 cumcisionis,
368 4317 563 4406 epiphaniae
585 4329 617 4384 et
639 4319 889 4406 purificaoionis,
911 4327 943 4382 et
965 4339 1023 4381 sex
1046 4317 1080 4381 in
1094 4320 1279 4384 mutacione
1300 4322 1460 4406 aestivali,
1489 4328 1547 4388 sci·

209 4623 219 4674 l
239 4617 333 4689 lelig
349 4614 523 4673 unleserlicb.

209 4706 224 4756 2
244 4701 329 4757 Beide
349 4698 595 4772 vorauigchenden
613 4699 711 4756 Worte
730 4701 791 4755 sind
810 4718 883 4771 ganz
904 4697 1074 4754 unleserlich.

212 4789 227 4838 ³
247 4784 330 4840 Diese
347 4784 575 4854 Bestimmnngcn
595 4783 655 4837 sind
680 4783 733 4838 auf
746 4785 800 4839 den
817 4782 914 4838 inuern
933 4782 1015 4837 Rand
1032 4782 1080 4837 des
1097 4781 1207 4838 hintern
1224 4783 1344 4838 Deckels
1360 4783 1547 4854 gescbriebcn.

124 4865 217 4923 Ueber
232 4868 312 4923 einen
339 4883 454 4939 grossen
471 4864 552 4920 Tbeil
570 4866 713 4922 derselben
738 4885 794 4922 war
816 4867 860 4922 ein
879 4865 1119 4937 Pergamentblatt
1142 4865 1262 4942 geklebt,
1283 4867 1355 4920 nach
1378 4869 1474 4922 dassen
1491 4867 1548 4924 Ab·

122 4951 226 5021 liisung
250 4969 279 5006 es
304 4950 355 5005 mit
379 4965 489 5023 grosscr
512 4949 597 5004 Miibe
621 4951 736 5021 gelang,
760 4952 810 5006 das
834 4949 930 5006 Meiste
955 4951 1003 5004 des
1025 4950 1158 5005 darunter
1179 4949 1411 5016 Gescbriebenen,
1433 4951 1549 5007 welches

125 5053 164 5090 an
184 5034 243 5088 dem
262 5034 441 5106 Pergamenus
461 5033 558 5089 butten
576 5033 657 5102 blicb,
675 5035 725 5088 mit
745 5033 831 5089 Hiilie
848 5035 896 5088 des
914 5033 1040 5103 Spiegels
1058 5051 1092 5086 au
1110 5033 1261 5091 entaiffern.

212 5123 227 5171 4
247 5117 316 5173 Eine
332 5117 395 5174 sehr
412 5115 589 5172 undentliche
605 5115 789 5189 Abkiiraung.
824 5117 862 5172 Es
881 5117 984 5172 kttnnte
1002 5115 1074 5172 auch
1091 5115 1200 5173 heisscn
1213 5119 1342 5188 primum,
1359 5117 1444 5173 selbst
1460 5122 1538 5176 unda

200 5219 414 5258 srnrurrssucn
432 5219 489 5256 cns
507 5218 580 5256 usrv.
600 5217 722 5256 namara.
1343 5211 1380 5270 14
