3768 6072
375 421 436 488 242
947 419 1001 474 oss
1013 415 1106 474 hlaine
1124 419 1229 487 Coilag.

374 617 484 694 partes
506 603 720 692 supradictas,
748 601 877 668 easdem
901 603 1083 670 inducendo
1113 613 1210 690 atque
1238 601 1404 670 suadendo
1426 603 1488 668 viis
1510 624 1550 667 ac
1579 604 1794 690 persuasioni·

374 705 435 771 bus
456 702 654 785 melioribus,
683 700 800 790 quibus
827 713 1013 789 potuerunt,
1041 714 1077 769 ut
1098 703 1227 770 modum
1255 701 1449 768 concordiae
1471 701 1683 790 supradictae
1710 723 1796 767 assu·

373 815 498 870 merent
517 803 643 889 sibique
665 803 746 889 ipsis
769 797 1073 890 con[22b]sulerent
1094 806 1127 868 in
1146 803 1208 869 hac
1235 814 1339 892 parte,
1366 812 1399 867 et
1422 801 1553 866 tandem
1572 803 1616 868 ab
1640 801 1796 868 ambabus

375 903 533 990 partibus,
565 901 674 966 multis
694 899 846 964 hincinde
869 904 1053 990 propositis,
1083 925 1275 968 consensum
1304 901 1525 984 obtinuerunt,
1555 923 1652 988 quem
1682 909 1799 988 expost

332 1013 349 1068 ⁵
376 1003 461 1068 dicto
474 1001 652 1066 reverendo
663 1001 749 1087 patri
770 999 955 1066 retulerunt.
980 1001 1054 1084 Qui,
1076 1001 1235 1067 ambabus
1251 1001 1399 1088 partibus
1412 1001 1546 1083 vocatis,
1566 1000 1654 1066 dicto
1669 999 1797 1065 domino

374 1101 499 1166 doctori
521 1099 722 1165 Theoderico
743 1099 784 1164 de
805 1099 1061 1182 Buckinssdorff,
1091 1101 1265 1184 ordinario,
1288 1101 1462 1183 commisit,
1488 1111 1524 1164 ut
1550 1101 1584 1164 in
1612 1101 1797 1189 praesentia

373 1200 541 1266 ambarum
563 1201 705 1287 partium
726 1199 924 1264 voluntatem
946 1202 1014 1266 eius
1033 1201 1154 1266 eisdem
1175 1201 1362 1289 explicaret.
1392 1199 1457 1279 Qui
1477 1203 1510 1263 in
1532 1198 1704 1264 ambarum
1725 1221 1796 1285 par·

373 1301 453 1364 tium
486 1299 672 1386 praesentia
700 1299 829 1363 nomine
859 1298 937 1363 dicti
964 1299 1136 1365 reverendi
1167 1301 1270 1388 patris
1300 1301 1564 1386 compositionem
1594 1295 1796 1363 amicabilem

371 1402 456 1464 inter
477 1407 588 1486 partes
608 1396 794 1486 praedictas
815 1396 994 1484 explicavit
1014 1401 1049 1464 in
1068 1399 1131 1464 hiis
1152 1398 1359 1488 sequentibus
1379 1397 1490 1462 verbis
1511 1400 1545 1462 in
1566 1397 1701 1462 effectu:

333 1509 365 1564 ¹⁰
454 1497 657 1581 „Reverendi
678 1498 842 1582 magistri!
877 1497 915 1562 In
933 1501 998 1563 ista
1018 1498 1192 1582 discordia,
1219 1501 1302 1563 inter
1325 1497 1493 1584 collegium
1515 1499 1622 1562 minus
1644 1507 1678 1562 et
1698 1499 1796 1583 magi·

372 1607 473 1664 atrum
493 1596 628 1664 Petrum
648 1597 764 1662 Pirner
787 1619 884 1684 super
904 1619 1011 1683 poena
1033 1598 1255 1686 suspensionis
1275 1607 1307 1662 et
1328 1594 1401 1662 aliis
1426 1619 1512 1662 nnnc
1533 1619 1644 1662 coram
1667 1597 1794 1664 domino

372 1719 444 1762 meo
477 1699 621 1784 gratioso
651 1697 828 1784 propositis
860 1707 990 1780 exorta,
1022 1699 1107 1762 facto
1135 1700 1369 1784 compromisso
1396 1698 1430 1762 in
1462 1698 1531 1764 eiua
1556 1697 1795 1784 paternitatem,

370 1795 544 1862 videbatur
572 1795 703 1863 domino
728 1817 799 1860 meo
828 1797 983 1881 gratioso,
1009 1795 1096 1883 quod
1125 1797 1205 1862 nihil
1234 1794 1432 1862 arbitraliter
1459 1795 1615 1861 diffiniret
1642 1799 1709 1860 ista
1728 1797 1795 1860 vice

370 1897 434 1962 uisi
461 1896 502 1961 de
530 1917 690 1960 consensu
717 1894 886 1960 ambarum
915 1897 1058 1982 partium
1089 1917 1257 1983 expresso,
1285 1897 1313 1960 ri
1339 1895 1476 1960 eundem
1503 1905 1615 1981 posset
1641 1893 1794 1962 obtinere.

332 1996 515 2083 ttIdeoque
537 1996 625 2060 misit
653 1993 696 2059 ad
717 2015 775 2059 vos
797 1993 1017 2060 venerabilem
1038 1997 1145 2060 virum
1166 1995 1331 2062 doctorem
1352 1995 1525 2060 Iohannem
1547 1995 1675 2060 Witten
1696 2003 1729 2058 et
1748 2015 1795 2056 me

370 2117 436 2160 una
463 2116 583 2177 secum,
615 2103 650 2158 ut
680 2092 812 2158 modum
840 2117 861 2158 a
888 2097 1084 2181 paternitate
1114 2115 1174 2159 rua
1206 2103 1397 2181 conceptum
1422 2093 1518 2160 vobis
1549 2093 1795 2182 explicaremus,

371 2215 466 2280 quem
489 2196 586 2260 etiam
608 2191 768 2260 ambabus
790 2191 937 2280 partibus
960 2193 1198 2280 explicavimus
1220 2191 1395 2258 secundum
1423 2192 1512 2280 quod
1539 2193 1642 2275 scitia,
1671 2202 1704 2257 et
1725 2214 1793 2256 con·

371 2315 500 2358 sensum
522 2293 692 2360 ambarum
713 2294 857 2379 partium
879 2291 1047 2358 retulimus
1069 2291 1200 2358 domino
1221 2301 1333 2358 nostro
1354 2294 1509 2378 gratioso,
1531 2294 1587 2380 qui
1609 2313 1698 2356 nunc
1719 2291 1793 2356 mihi

371 2394 533 2458 commisit
555 2393 671 2474 denno,
697 2401 734 2456 ut
761 2389 896 2456 eundem
919 2390 1051 2456 modum
1077 2393 1111 2456 in
1138 2391 1308 2457 ambarum
1328 2391 1472 2476 partium
1494 2395 1684 2478 praesentia
1704 2390 1794 2455 vobis

328 2491 579 2579 mexplicarem.
623 2491 668 2556 lit
689 2500 738 2556 est
759 2492 820 2556 iste
841 2489 971 2554 modus:
1012 2489 1109 2570 Quod
1130 2501 1204 2556 ante
1227 2491 1335 2556 omnia
1356 2511 1485 2554 cessare
1506 2489 1604 2556 debet
1624 2512 1746 2556 rancor
1766 2499 1794 2552 et

371 2591 536 2660 discordia
554 2595 638 2659 inter
657 2611 726 2672 vos,
748 2610 831 2654 unus
850 2588 946 2654 debet
967 2588 1065 2654 alium
1084 2590 1194 2656 fovere
1216 2600 1248 2655 et
1268 2611 1461 2676 promovere
1475 2589 1662 2678 ubicunque
1679 2599 1793 2678 potest,

371 2701 405 2758 et
431 2713 550 2756 causae
578 2711 678 2777 supra
707 2699 913 2753 enumeratae
943 2687 1061 2754 debent
1088 2709 1159 2754 esse
1190 2692 1314 2775 sopitae
1342 2699 1374 2752 et
1401 2690 1603 2772 terminatae,
1635 2691 1685 2754 sic
1713 2687 1793 2776 quod

370 2792 527 2877 magister
548 2790 664 2856 Petrus
691 2809 880 2874 comparere
905 2785 1002 2852 debet
1023 2809 1132 2854 coram
1159 2788 1295 2875 collegio
1318 2783 1402 2874 [23⁸]
1425 2799 1457 2852 ct
1481 2809 1600 2872 rogare
1621 2791 1794 2876 magistros

370 2887 592 2977 collegialiter,
620 2898 656 2953 ut
683 2885 745 2952 sibi
771 2885 963 2972 indulgeant
989 2889 1076 2952 facta
1104 2897 1217 2952 contra
1245 2887 1415 2973 collegium
1444 2887 1678 2974 supradictum.
1724 2887 1793 2968 Quo

327 2991 457 3057 ttlacto
479 2989 650 3076 collegium
670 2985 808 3052 eundem
828 2986 1000 3052 restituere
1022 2985 1119 3052 debet
1144 2987 1188 3052 ad
1213 2986 1320 3052 locum
1346 3007 1449 3050 suum.
1490 2985 1668 3074 Expensas
1690 2999 1793 3053 autem

370 3101 402 3156 et
431 3091 564 3172 hactus,
596 3099 741 3173 tempore
770 3087 990 3172 suspensionis
1023 3095 1204 3174 perceptos,
1236 3086 1386 3152 dominus
1413 3108 1506 3152 meus
1536 3091 1703 3173 gratiosus
1734 3086 1794 3152 sibi

366 3190 558 3255 reservavit
596 3188 678 3253 item
708 3185 795 3274 quod
827 3185 934 3250 dictus
962 3187 1118 3272 magister
1145 3184 1261 3252 Petrus
1290 3185 1387 3252 debet
1415 3185 1501 3252 ultra
1529 3209 1564 3252 se
1593 3191 1792 3254 conformare

369 3288 504 3375 collegio
525 3297 558 3354 et
579 3297 666 3353 stare
687 3287 756 3350 eius
783 3285 968 3350 diffinitioni
994 3283 1046 3350 vel
1072 3286 1206 3350 maioris
1229 3287 1333 3371 partia
1355 3285 1415 3350 sub
1439 3307 1544 3372 poena
1565 3286 1680 3352 decem
1701 3289 1792 3352 tiore

366 3411 492 3470 norum,
515 3388 604 3454 omui
623 3383 841 3472 appellatione
854 3383 997 3449 exclusa.
1018 3383 1064 3450 Et
1083 3386 1111 3448 si
1132 3381 1235 3470 (quod
1253 3383 1354 3470 absit)
1377 3385 1485 3450 dictus
1507 3389 1666 3472 magister
1678 3387 1791 3450 Petrus

324 3499 424 3556 want
445 3487 528 3554 alius
550 3486 739 3572 collegiatus
760 3483 839 3550 dicti
866 3483 994 3568 collegii
1022 3481 1122 3548 nollet
1148 3493 1236 3548 stare
1263 3483 1448 3552 diffinitioni
1478 3485 1556 3550 dicti
1587 3485 1716 3572 collegii
1741 3485 1792 3548 vel

365 3591 498 3654 maioris
521 3588 635 3674 partis,
663 3595 740 3649 tunc
759 3582 856 3648 debet
883 3580 1009 3648 solvere
1034 3581 1121 3648 dicto
1148 3583 1285 3670 collegio
1307 3584 1419 3648 decem
1440 3583 1582 3649 florenos
1604 3607 1666 3672 pro
1689 3607 1792 3672 poena

364 3691 434 3754 siue
455 3685 542 3752 omni
565 3683 792 3771 appellatione,
813 3683 936 3747 tociens
962 3683 1113 3767 quociens
1136 3686 1373 3748 contravenerit
1392 3694 1426 3748 et
1446 3705 1482 3753 sc
1501 3705 1566 3748 non
1589 3683 1790 3771 obtempera·

364 3789 449 3852 verit
470 3783 656 3848 diffinitioni
677 3781 804 3868 collegii
826 3780 1035 3867 supradicti.“

448 3881 575 3963 Quibus
593 3882 780 3968 propositis,
806 3889 992 3944 reverenter
1014 3880 1176 3966 surgendo
1198 3883 1358 3968 quaesivit
1378 3904 1398 3947 a
1420 3879 1506 3947 dicto
1528 3891 1623 3968 patre
1643 3903 1789 3948 reveren·
1869 3915 1870 3943 r

323 3985 419 4066 trodo,
440 3985 566 4048 aniate
587 3991 674 4046 esset
690 3980 839 4045 voluntas
862 4001 920 4044 aua
941 3978 1004 4044 sibi
1025 3981 1206 4046 commissa
1227 3980 1294 4060 Qui
1306 3981 1484 4068 respondit,
1505 3981 1592 4068 qnod
1607 3985 1665 4048 sic
1686 3982 1790 4070 Super

363 4106 426 4170 quo
447 4083 553 4148 dictus
572 4081 721 4146 dominus
742 4078 926 4144 ordinarius
946 4101 998 4144 me
1024 4081 1209 4168 requisivit,
1238 4089 1273 4144 ut
1301 4103 1399 4167 super
1425 4080 1486 4145 hoo
1512 4082 1665 4167 partibus
1692 4081 1788 4148 coufi-

303 4179 305 4182 ’
364 4205 470 4248 cerem
487 4203 586 4246 unum
601 4179 653 4246 vel
673 4177 779 4267 plura,
801 4177 967 4264 publicum
989 4201 1046 4244 seu
1068 4178 1207 4266 publica,
1229 4181 1477 4244 instrumentum
1490 4180 1542 4244 vel
1563 4184 1787 4255 instrumenta,

364 4291 438 4370 post
458 4281 548 4346 corius
568 4279 811 4368 requisitionem
833 4299 903 4364 ego,
929 4279 1077 4343 notarius
1100 4279 1339 4366 infrascriptus,
1369 4301 1391 4344 a
1416 4278 1564 4366 partibus
1591 4279 1789 4368 supradictis

362 4381 472 4468 recepi
499 4379 674 4446 sollennem
696 4375 947 4464 stipulationem,
978 4377 1196 4465 promittendo
1218 4377 1298 4443 mihi
1324 4389 1491 4466 tamquam
1515 4383 1697 4446 autenticae
1717 4403 1789 4468 per-

321 4493 472 4561 tttscuae,
493 4501 528 4544 se
548 4478 676 4543 firmum
697 4478 863 4565 perpetuis
884 4477 1084 4564 temporibus
1106 4487 1202 4565 atque
1219 4489 1328 4543 ratum
1349 4477 1527 4562 habituros,
1548 4489 1582 4544 et
1599 4479 1689 4545 nulls
1708 4481 1789 4545 iuris

363 4579 555 4667 exceptione
576 4577 629 4643 vel
648 4577 727 4642 iacti
749 4597 806 4642 sau
825 4575 933 4662 legum
955 4585 987 4640 et
1008 4577 1105 4642 etiam
1128 4598 1289 4644 canonum
1310 4577 1433 4644 auxilio
1457 4577 1541 4644 velle
1562 4581 1790 4646 contravenire

363 4675 588 4768 quovismodo.

445 4780 529 4844 Acta
558 4786 633 4842 sunt
660 4774 741 4840 haec
767 4777 801 4840 in
829 4775 993 4842 aestuario
1023 4797 1109 4840 novo
1137 4777 1247 4841 curiae
1278 4777 1475 4866 episcopalis
1495 4777 1788 4868 Merseburgensis,

362 4876 447 4968 [23¹³]
470 4899 566 4958 anno,
589 4875 653 4957 die,
674 4896 793 4957 mense,
814 4873 989 4938 indictione
1006 4883 1038 4938 et
1058 4873 1148 4958 hora,
1169 4876 1285 4963 quibus
1302 4901 1416 4965 supra,
1436 4878 1627 4965 pontificatu
1638 4903 1717 4946 vero
1729 4879 1786 4946 do

319 4980 440 5046 ttmini
460 4999 568 5066 papae
588 4997 654 5042 non
676 4973 756 5038 vitio
778 4981 834 5038 aut
852 4995 963 5036 errore
984 4971 1042 5038 sed
1064 4995 1105 5038 ex
1127 4995 1226 5040 causa
1248 4978 1383 5044 onusso:
1416 4978 1642 5064 praesentibus
1663 4979 1786 5046 ibidem

359 5075 600 5146 venerabilibus
620 5074 712 5156 viris,
735 5073 873 5138 dominis
894 5071 1038 5137 iohanne
1060 5071 1101 5137 de
1122 5071 1274 5160 Werder,
1294 5075 1429 5162 decano,
1450 5077 1586 5146 Nicolao
1608 5077 1782 5165 Siendorff,
