3768 6072
898 451 953 500 Das
973 464 1067 514 grosse
1084 451 1189 514 ttotteg.

930 649 1148 698 PRooxruurt.

408 765 506 832 Nulla
536 765 745 850 congregatio
774 763 955 846 hominum,
988 785 1072 851 quae
1101 765 1227 828 ratione
1255 774 1288 830 et
1319 763 1432 830 ordine
1463 771 1656 851 continetur,
1688 769 1761 834 sine

327 864 454 952 legibus
478 866 655 930 consistere
679 871 802 948 potest,
831 863 917 928 unde
944 872 975 928 et
1005 862 1159 949 legitimis
1187 863 1333 928 coetibus
1361 887 1478 930 nomen
1506 866 1629 931 factum
1650 889 1761 955 neque

328 963 484 1050 probrum
511 965 645 1050 gravius
672 963 819 1026 maiusve
841 965 1022 1028 convicium
1049 979 1098 1026 est
1124 985 1171 1044 eo,
1198 961 1286 1047 quod
1313 962 1422 1049 legum
1448 967 1628 1052 participes
1658 975 1762 1052 negat

283 1074 299 1126 5
328 1071 359 1127 et
379 1062 554 1128 violatores
577 1083 648 1126 esse
669 1061 868 1127 criminatur.
903 1061 955 1128 Ea
977 1062 1061 1126 enim
1076 1061 1214 1126 Graecis
1237 1052 1362 1142 ἀνομία
1384 1071 1442 1145 est,
1465 1063 1499 1127 id
1520 1073 1569 1128 cst
1590 1064 1760 1130 iniustioia

327 1171 423 1249 atque
444 1159 646 1248 improbitas.
675 1159 757 1225 Oum
780 1170 887 1225 autem
902 1162 1053 1241 omniurn,
1076 1183 1159 1246 quae
1172 1157 1342 1225 edicuntur
1366 1171 1623 1249 statuunturque,
1644 1161 1758 1227 iuben-

324 1262 371 1326 tia
391 1260 527 1326 honesta
548 1268 645 1346 atque
666 1269 756 1325 reeta
776 1270 807 1325 et
829 1259 1036 1346 prohibentia
1057 1260 1232 1338 contraria,
1252 1257 1325 1323 fons
1340 1268 1373 1324 et
1392 1261 1484 1346 origo
1500 1262 1540 1326 sit
1555 1259 1608 1324 dei
1631 1264 1759 1326 aeterni

325 1361 482 1425 sententia
509 1381 547 1422 ae
574 1357 738 1423 voluntas:
782 1361 963 1447 quicunque
983 1356 1077 1423 bonis
1100 1355 1361 1443 salutaribusque
1387 1358 1512 1444 legibus
1540 1381 1603 1424 non
1632 1359 1758 1425 obtem-

324 1468 427 1545 perat,
447 1460 475 1523 is
497 1467 529 1522 et
551 1456 709 1522 adversus
732 1456 827 1522 deum
849 1468 1015 1522 aeternum
1037 1467 1211 1521 contumax
1231 1465 1281 1520 est
1303 1467 1334 1520 et
1355 1455 1450 1521 huius
1472 1455 1632 1522 voluntati
1654 1459 1758 1522 refra-

286 1558 432 1645 tOgando
455 1557 616 1622 humanae
641 1557 726 1620 vitae
757 1559 941 1622 societatem
965 1556 1088 1621 dirimit
1109 1565 1142 1619 et
1161 1577 1309 1620 caussam
1331 1554 1388 1619 dat
1409 1556 1443 1620 in
1466 1557 1646 1621 communis
1666 1559 1756 1622 vitae

324 1656 536 1724 dissolutione
567 1657 783 1722 maximorum
816 1657 974 1721 malorum
1004 1665 1036 1719 et
1068 1653 1247 1720 exitialium
1281 1653 1501 1720 calamitatum
1531 1663 1563 1719 ct
1593 1655 1660 1720 sibi
1691 1658 1757 1743 ipsi

324 1756 485 1844 imprimis
508 1763 674 1818 extremae
695 1753 894 1820 infelicitatis
917 1765 1028 1818 auctor
1047 1762 1105 1817 est.
1127 1753 1213 1816 Vere
1235 1754 1320 1818 enim
1341 1751 1469 1835 dicitur,
1496 1753 1585 1839 leges
1606 1755 1757 1842 obligare

325 1865 356 1922 et
377 1854 419 1920 ad
443 1852 661 1919 obedientiam
684 1851 778 1916 etad
800 1875 947 1938 poenam,
969 1862 1005 1917 ut
1026 1853 1103 1916 ferri
1126 1851 1348 1937 intelligantur
1370 1861 1437 1916 tam
1459 1851 1554 1917 bonis
1579 1875 1618 1917 ac
1639 1854 1756 1942 probis

324 1977 421 2040 quam
443 1951 602 2038 improbis
624 1962 720 2036 atque
743 1950 847 2014 malis.
891 1949 973 2016 Sunt
1001 1959 1106 2016 autem
1135 1973 1154 2015 a
1183 1950 1318 2036 collegio
1342 1960 1466 2031 nostro,
1494 1953 1546 2014 cui
1573 1950 1756 2018 illustrissi-

285 2065 451 2118 ttmorum
478 2051 661 2138 principum
686 2048 804 2114 ducum
826 2047 990 2116 Saxoniae
1017 2073 1057 2114 ex
1087 2051 1293 2136 septemviris
1321 2049 1575 2136 imperatoribus
1605 2050 1755 2138 legendis

324 2151 573 2217 clementissimo
600 2148 756 2214 beneficio
783 2151 967 2235 proprietas
988 2150 1104 2214 harum
1131 2148 1261 2214 aedium
1282 2159 1331 2214 est
1350 2149 1525 2231 attributa,
1555 2148 1755 2239 abantiquo

322 2251 444 2315 utiliter
465 2259 497 2313 et
519 2248 687 2335 praeclare
710 2270 748 2313 ea
763 2250 897 2333 sancita,
920 2248 963 2313 ed
985 2270 1067 2335 quae
1087 2246 1251 2313 servanda
1270 2248 1418 2335 inquilini
1440 2251 1473 2312 in
1494 2248 1545 2312 his
1566 2257 1756 2315 tenerentur

323 2349 465 2415 universi
488 2357 520 2414 et
541 2344 605 2434 [38]
628 2345 751 2434 placuit
771 2348 828 2412 illa
850 2347 893 2412 ad
919 2349 1086 2412 minimum
1112 2347 1248 2432 singulis
1276 2346 1484 2412 semestrihus
1511 2346 1643 2433 publice
1673 2352 1755 2414 reci·

323 2451 395 2514 tari
426 2446 518 2527 Quae
540 2448 587 2511 sic
607 2445 782 2532 explicata,
803 2461 839 2511 ut
859 2457 985 2534 tempus
1008 2457 1039 2511 et
1060 2467 1113 2508 res
1132 2445 1214 2528 tulit,
1235 2448 1459 2532 communique
1482 2444 1611 2532 collegii
1631 2447 1755 2514 iudicio

281 2547 492 2632 horecognita
522 2545 756 2632 diligenterque
785 2548 967 2632 perscripta
994 2554 1025 2608 et
1051 2544 1297 2610 accommodata
1324 2546 1505 2632 praesentis
1526 2546 1615 2610 vitae
1643 2547 1754 2612 eondi-

324 2647 413 2729 tioni,
436 2667 521 2708 nune
543 2645 651 2724 etiam,
672 2644 941 2730 quemadmodum
963 2653 1038 2708 ante
1059 2643 1251 2726 factumest,
1273 2643 1506 2708 recitabuntur.
1536 2642 1666 2726 Quibus
1688 2668 1755 2711 om·

322 2767 390 2827 nes,
418 2745 475 2832 qui
496 2745 554 2809 has
578 2742 675 2808 aedes
695 2743 852 2824 incolunt,
881 2743 1059 2830 parendum
1087 2764 1158 2807 esse
1183 2745 1285 2807 scient
1305 2751 1337 2808 et
1357 2741 1421 2808 hae
1446 2743 1521 2828 ipsa
1547 2741 1754 2810 obedientiae

323 2845 477 2909 servitute
508 2863 585 2908 vere
617 2840 738 2906 liberos
771 2842 1017 2930 liberaliumque
1048 2843 1166 2906 artium
1198 2840 1362 2906 studiosos
1395 2863 1466 2906 sese
1497 2841 1568 2906 iore
1603 2853 1753 2908 statuent

322 2943 499 3029 Magistros
522 2941 652 3030 quidem
673 2940 830 3007 bonarum
851 2944 968 3006 artium
990 2952 1022 3006 et
1041 2940 1178 3006 aliorum
1200 2951 1429 3028 praeceptores
1448 2963 1507 3004 sua
1526 2940 1617 3027 ipsos
1638 2952 1754 3030 sponte

280 3044 466 3108 25faeturos
488 3063 559 3106 esse
577 3040 718 3106 officium
741 3063 833 3106 suum
854 3040 1043 3106 confidimus
1064 3053 1096 3105 et
1116 3055 1152 3104 ut
1171 3040 1294 3104 faciant
1315 3040 1493 3121 hortamur,
1515 3047 1581 3103 tam
1603 3041 1753 3129 exemplo

325 3163 403 3206 suae
423 3139 500 3204 fidei
522 3139 565 3204 ad
585 3141 818 3205 instituendum
842 3143 1032 3206 commissos
1056 3162 1153 3227 quam
1175 3139 1325 3203 doctrina
1353 3140 1485 3225 pietatis
1509 3140 1753 3227 sapientiaeque

322 3250 355 3306 et
381 3241 510 3304 virtutis
544 3240 713 3305 efficiendo
741 3239 900 3321 meliores,
931 3251 967 3304 ut
997 3249 1028 3304 et
1049 3238 1208 3303 habitatio
1237 3259 1377 3322 ususque
1410 3236 1538 3302 aedium
1568 3249 1754 3304 nostrarum

321 3338 488 3426 inquilinis
516 3349 629 3425 gratus
651 3351 747 3424 atque
773 3339 931 3404 iucundus
959 3339 1002 3403 sit
1028 3349 1060 3402 et
1088 3336 1167 3402 nihil
1196 3337 1238 3401 ab
1266 3336 1316 3402 his
1342 3334 1509 3400 molestiae
1537 3338 1754 3427 tristitiaeque

321 3439 415 3504 nobis
437 3439 591 3504 offeratur
611 3446 643 3502 et
664 3437 815 3503 honestas
836 3438 870 3500 in
889 3435 1064 3522 tranquilla
1090 3435 1322 3501 consuetudine
1342 3433 1442 3522 digna
1461 3436 1666 3521 professione
1690 3449 1754 3502 stu·

278 3549 312 3606 30
322 3539 448 3604 diorum
470 3549 654 3602 nostrorum
676 3536 886 3602 custodiatur.

402 3637 565 3724 Exposita
597 3645 705 3700 autem
744 3645 817 3700 sunt
855 3635 1038 3721 promiscue
1076 3633 1392 3698 animadversionem
1424 3631 1686 3721 edictionemque
1724 3646 1754 3700 et

320 3736 662 3802 commonefaotionem
682 3735 889 3822 requirentia,
911 3757 994 3821 quae
1016 3733 1118 3798 ordiri
1140 3732 1182 3798 ab
1204 3734 1407 3818 ingressione
1429 3733 1464 3796 in
1485 3737 1752 3799 communitatem

320 3837 437 3900 harum
457 3833 586 3898 aedium
611 3843 645 3898 et
665 3832 817 3920 deinceps
846 3855 905 3920 per
931 3841 1166 3898 consentaneae
1195 3835 1230 3897 in
1256 3831 1306 3897 his
1328 3833 1415 3896 vitae
1445 3841 1477 3894 et
1506 3836 1753 3918 congruentium

319 3957 445 4001 morum
473 3932 725 4020 descriptionem
755 3935 872 4018 exequi
899 3933 1004 3996 visum
1034 3942 1082 3996 est
1115 3935 1180 4016 ita,
1212 3930 1483 4018 quemadmodum
1510 3927 1559 3994 XI
1590 3932 1751 4019 capitibus

279 4032 477 4100 atdistinota
509 4031 648 4097 audietis
680 4032 821 4096 recitari.
867 4031 923 4096 Sic
955 4041 1062 4096 autem
1094 4030 1250 4114 audietis,
1282 4041 1319 4096 ut
1349 4054 1413 4096 non
1447 4031 1620 4117 patiamini
1659 4033 1752 4120 quasi

321 4134 435 4196 inanes
463 4155 558 4197 sonos
586 4131 842 4218 praetervolare,
872 4130 930 4195 sed
959 4129 1122 4195 intellecta
1152 4142 1183 4196 et
1212 4130 1448 4218 comprehensa
1477 4129 1595 4193 animis
1627 4153 1751 4196 summo

322 4231 429 4296 studio
461 4227 526 4317 [39]
557 4231 763 4311 annitamini,
796 4239 831 4294 ut
864 4253 947 4316 quae
978 4228 1130 4294 iubentur
1161 4230 1290 4294 faciatis
1324 4237 1357 4294 et
1388 4229 1497 4292 vitetis
1529 4249 1612 4313 quae
1646 4229 1750 4316 probi-

321 4331 445 4396 bantur.

952 4425 1068 4496 Caput
1084 4426 1106 4481 I.

279 4578 312 4632 40
822 4580 868 4627 DE
890 4581 1048 4630 Pnusortn
1066 4579 1246 4640 INQUILINI.

404 4697 549 4762 Primum
572 4695 713 4758 omnium
735 4697 791 4782 qui
814 4695 994 4760 conducere
1014 4692 1225 4758 habitationis
1246 4693 1352 4758 locum
1376 4693 1473 4777 volet,
1495 4694 1583 4762 hunc
1603 4695 1749 4762 nolumus

321 4821 361 4861 ex
384 4795 555 4883 gymnasio
579 4802 634 4858 aut
656 4792 791 4880 collegio
816 4793 995 4880 relegattun
1019 4801 1076 4856 aut
1102 4792 1280 4858 exclusum.
1321 4793 1479 4860 Nolumus
1506 4793 1550 4858 ad
1580 4795 1748 4882 collegium

322 4897 428 4983 accipi
453 4893 683 4960 scholasticum
709 4903 764 4958 aut
785 4897 932 4981 quemvis
957 4892 1056 4958 alium
1081 4892 1342 4978 intemperantia,
1372 4894 1670 4980 compotationibus
1697 4903 1749 4958 aut

322 4994 394 5060 alea
416 4993 617 5060 similibusve
637 4993 725 5056 vitiis
755 4993 908 5058 infamem
934 5001 990 5058 aut
1013 4989 1232 5056 turbulentum
1261 5003 1294 5056 et
1319 4994 1503 5058 factiosum.
1545 4993 1659 5079 Neque
1679 5015 1747 5058 eum

280 5103 312 5156 45
325 5092 534 5175 admittimus,
556 5091 606 5157 cui
628 5113 700 5156 oum
723 5091 831 5177 aliquo
850 5115 890 5157 ex
914 5091 1047 5176 collegis
1068 5091 1258 5157 manifestae
1277 5092 1469 5158 inimicitiae
1488 5091 1699 5158 intercedant
