3762 6074
554 491 640 540 Achae
653 485 918 552 Sututcuredactlon,
937 501 998 542 tom
1008 489 1091 542 lehre
1105 492 1177 544 1558.
1517 497 1576 560 541

159 691 263 755 neque
284 671 415 756 uspiam
435 693 537 757 supra
558 671 670 737 limina
690 671 780 758 ligna
799 670 901 736 findat
921 683 978 737 aut
998 682 1101 754 secet3
1128 673 1183 757 qui
1203 670 1326 754 fecerit,
1349 672 1391 737 ab
1412 695 1450 738 eo
1469 675 1579 756 multa,

159 771 286 856 quoties
310 770 371 837 hoc
392 769 512 834 factum
534 772 639 853 luerit,
659 770 766 836 florini
788 770 950 836 dimidiati
970 774 1128 858 exigetur.

785 943 893 1004 Caput
912 941 957 993 Vl.

242 1051 429 1135 Tumultus,
451 1055 621 1140 strepitus,
643 1053 808 1140 fragores,
831 1053 949 1139 quibus
971 1052 1144 1143 inquilinos
1166 1053 1351 1140 perturbari
1373 1077 1504 1121 necesse
1523 1069 1580 1140 est,

161 1152 313 1234 vitentur,
342 1176 382 1217 ne
411 1157 482 1240 quis
511 1152 672 1235 saliendo,
695 1149 779 1240 [140]
802 1154 1010 1240 impingendo
1039 1156 1152 1218 ianuas
1180 1153 1328 1240 postibus
1350 1154 1579 1240 vehementius,
1606 1166 1622 1221 5

160 1249 320 1336 pulsando
343 1254 426 1318 ostia
446 1255 639 1340 importune,
661 1252 814 1318 molestus
836 1256 877 1318 sit
897 1253 980 1317 aliis.
1019 1253 1163 1340 Operam
1185 1256 1321 1338 quisque
1342 1255 1438 1318 etiam
1461 1254 1524 1338 det,
1547 1264 1582 1318 ut

161 1371 254 1414 serae
276 1351 514 1418 conclusionem
536 1351 631 1418 facile
652 1353 828 1439 recipiant,
849 1354 935 1440 quod
962 1355 1067 1418 unctis
1094 1351 1159 1416 illis
1188 1376 1290 1440 parvo
1312 1353 1476 1440 impendio
1498 1351 1582 1420 effici

160 1451 290 1534 poterit.
331 1449 397 1532 Qui
419 1453 453 1516 in
475 1452 537 1517 hac
557 1463 650 1538 parte
673 1451 844 1536 deliquerit
865 1464 896 1517 et
916 1451 1099 1518 admonitus
1120 1451 1183 1516 sihi
1203 1475 1268 1518 non
1290 1456 1528 1540 temperaverit,
1551 1456 1580 1518 ei

161 1548 263 1614 multa
291 1550 454 1636 irrogetur
481 1551 589 1616 florini
616 1551 794 1634 dimidiati3
826 1574 930 1637 neque
963 1551 1151 1618 admittetur
1179 1554 1344 1618 excusatio
1373 1561 1581 1618 externorum

163 1659 219 1712 aut
240 1648 421 1737 hospitum,
443 1650 501 1715 sed
523 1651 677 1737 cuiusque
696 1650 923 1734 habitationis,
951 1650 1008 1716 ubi
1036 1650 1210 1736 deliquisse
1233 1651 1358 1738 sliquos
1381 1665 1580 1739 compertum
1591 1663 1623 1718 10

160 1747 269 1830 suerit,
289 1748 438 1836 inquilini
460 1749 690 1816 multabuntur.

179 1921 186 1934 .
243 1845 297 1912 Ad
319 1851 489 1936 strepitus,
521 1849 636 1937 quibus
664 1849 813 1936 inquilini
836 1848 1022 1936 perturbari
1044 1849 1162 1932 solent,
1184 1853 1348 1938 pertinent
1368 1861 1400 1915 et
1421 1851 1579 1916 clamores

159 1935 491 2038 sociferationesque,
521 1949 633 2034 quales
665 1949 874 2036 plaerumque
902 1948 944 2014 ab
970 1949 1069 2014 ebriis
1097 1972 1169 2014 cum
1205 1949 1405 2036 turpitudine
1433 1961 1582 2036 gestuum

160 2045 310 2129 eduntur,
335 2068 433 2134 saepe
451 2047 493 2114 ab
509 2048 667 2135 improbis
685 2059 717 2114 et
735 2047 962 2136 petulantibus,
983 2051 1131 2134 quamvis
1152 2071 1217 2112 uon
1235 2050 1368 2112 nimium
1390 2052 1584 2140 potaverint.

160 2143 291 2210 Talium
320 2146 465 2211 furorum
495 2147 613 2212 diurna
642 2148 744 2213 multa
773 2161 841 2214 esto
869 2149 977 2213 florini
1008 2147 1185 2229 dimidiati,
1212 2159 1371 2213 nocturna
1400 2149 1506 2214 florini
1533 2152 1623 2216 iri-1⁵

158 2246 272 2329 tegri,¹
301 2268 364 2332 quo
390 2259 536 2334 tempore
563 2271 627 2313 non
648 2248 744 2313 modo
766 2269 831 2312 non
851 2247 1050 2334 interpellari
1073 2246 1180 2311 studia
1187 2296 1196 2329 ,
1224 2247 1282 2311 sed
1302 2250 1402 2336 quieti
1424 2249 1520 2312 etiam
1541 2251 1582 2314 si-

159 2343 295 2410 lentium
317 2345 450 2411 concedi
473 2369 610 2433 aequum
631 2357 689 2415 est.

244 2443 297 2508 De
318 2447 452 2510 musicis
474 2446 623 2510 cantibus
646 2444 921 2533 qualibuscunque
942 2444 1023 2510 nihil
1045 2444 1235 2532 prohibetur
1261 2445 1304 2510 ab
1327 2448 1469 2534 antiquo,
1492 2446 1582 2513 dum·

161 2541 258 2608 modo
281 2544 396 2608 musici
416 2543 464 2608 illi
492 2545 572 2626 sint,
598 2542 682 2632 [111]
710 2544 745 2608 id
773 2557 823 2610 est
850 2545 956 2611 studio
985 2545 1143 2610 honarum
1170 2548 1289 2610 artium
1317 2553 1349 2610 et
1374 2546 1584 2612 humanitatis

162 2641 263 2727 digni.
305 2641 431 2709 Horum
453 2655 561 2708 101101
581 2647 727 2731 ipsorum
748 2666 874 2732 quoque
897 2657 929 2710 et
948 2645 1062 2710 modus
1083 2656 1115 2708 et
1136 2668 1230 2709 suum
1256 2657 1383 2732 tempus
1412 2667 1483 2710 esse
1511 2653 1627 2710 con-20

163 2743 261 2822 venit,
285 2740 325 2806 de
345 2766 408 2832 quo
430 2743 554 2808 locator
573 2745 692 2830 poterit
714 2766 862 2826 monere,
885 2757 916 2808 et
938 2747 1081 2808 monenti
1104 2767 1175 2810 mos
1196 2756 1334 2830 geretur.
1378 2744 1453 2809 Una
1471 2757 1520 2810 est
1539 2746 1586 2810 in·

166 2843 272 2926 signis
294 2853 325 2905 et
347 2863 426 2928 prae
448 2845 584 2907 caeteris
607 2843 896 2908 animadvertenda
918 2841 1113 2930 petulantia,
1135 2866 1199 2931 qua
1220 2845 1272 2925 lit,
1294 2855 1331 2908 ut
1350 2843 1469 2909 audeat
1489 2846 1586 2908 inter·
1661 2903 1663 2910 .

164 2940 242 3004 dum
275 2940 392 3028 aliquis
423 2940 554 3027 globum
589 2966 630 3007 ex
664 2965 723 3006 sua
756 2941 956 3007 habitatione
988 2943 1142 3008 ciaculari
1172 2942 1212 3008 de
1237 2945 1296 3026 iis,
1320 2965 1403 3030 quae
1429 2955 1585 3008 vocantur

161 3037 381 3123 bombardae,
410 3041 472 3106 hoc
501 3043 556 3129 qui
581 3042 711 3122 fecerit,
748 3043 1001 3130 quotiescunque
1033 3043 1155 3106 factum
1182 3042 1293 3126 luerit,
1326 3045 1446 3128 integri
1477 3041 1584 3108 florini

161 3137 297 3204 multam
317 3140 492 3226 persolvat.
1594 3151 1629 3207 25

785 3309 890 3373 Caput
908 3309 968 3363 vn.

244 3420 297 3486 De
319 3419 463 3486 honestis
483 3421 626 3487 moribus
648 3422 878 3510 inquilinorum
900 3425 934 3488 in
954 3445 1073 3510 genere
1094 3431 1143 3488 est
1166 3422 1326 3508 dictum;²
1360 3423 1417 3490 sed
1445 3446 1584 3510 quorun·

161 3520 238 3586 dam
257 3519 420 3585 malitiosa
441 3523 587 3608 pravitas
611 3521 767 3608 postidat,
788 3533 823 3588 ut
843 3524 1033 3588 nominatim
1056 3522 1217 3610 quaedam
1240 3526 1318 3588 vitia
1340 3522 1584 3612 prohibeantur.

163 3618 447 3701 Quemadmodum
468 3621 567 3707 igitur
588 3620 629 3686 de
647 3619 826 3709 petulantia
847 3621 1104 3688 turbidentorum
1124 3622 1285 3710 quaedam
1305 3624 1482 3702 constituta
1504 3635 1588 3708 sunt,

163 3723 211 3784 ita
233 3719 277 3784 ad
298 3719 363 3784 alia
383 3723 508 3786 maiora
526 3725 702 3788 necessitas
724 3722 864 3806 deducit,
886 3725 947 3788 etsi
968 3723 1162 3787 mentionem
1184 3723 1298 3788 horum
1316 3747 1382 3788 non
1404 3722 1497 3789 decet
1515 3722 1630 3788 1100130

161 3821 196 3886 in
218 3819 276 3884 tali
303 3835 479 3904 conventu,
508 3822 636 3909 qualem
666 3821 885 3888 studiosorum
911 3824 1039 3887 virtutis
1067 3832 1099 3887 et
1121 3819 1205 3910 [112]
1228 3825 1407 3910 sapientiae
1435 3846 1505 3888 esse
1526 3847 1587 3911 par

163 3931 228 4003 est,
251 3918 319 4002 sed,
343 3929 377 3984 ut
399 3919 520 3985 dictum
543 3933 600 4006 est,
622 3926 800 3988 necessitas
826 3923 889 3987 huc
911 3923 1052 3986 deducit.
1095 3922 1131 3988 Si
1159 3946 1237 4008 ergo
1259 3935 1458 4010 compertum
1480 3923 1586 4008 fuerit,

163 4022 198 4084 in
214 4018 346 4108 aliquod
369 4020 522 4086 conclave
543 4021 781 4087 habitationum
802 4022 917 4087 harum
940 4020 1069 4087 aedium
1090 4022 1308 4088 introductam
1331 4045 1402 4090 esse
1423 4023 1588 4090 mulierem

164 4129 336 4206 suspectae
350 4119 543 4206 pudiciciae,
566 4123 635 4186 sive
657 4123 690 4186 in
711 4119 777 4186 ulla
799 4131 893 4209 parte
914 4121 1041 4186 aedium
1063 4145 1135 4187 cum
1158 4122 1315 4188 eiusmodi
1337 4122 1471 4189 muliere
1492 4123 1588 4190 collo·

163 4231 272 4285 cutum
293 4228 501 4284 versatumve
523 4223 708 4309 quempiam
727 4243 814 4305 esse,
836 4220 975 4307 denique
997 4222 1209 4309 quodcunque
1231 4222 1325 4288 huius
1346 4225 1476 4310 generis
1497 4224 1631 4310 flagi-as

162 4322 246 4386 tium
260 4319 357 4384 luerit
379 4316 648 4405 depraehensum,
671 4320 712 4386 ob
735 4319 769 4386 id
789 4324 823 4386 iu
845 4321 1004 4386 indicatos
1027 4323 1256 4410 convictosque
1277 4331 1397 4388 statuta
1419 4335 1468 4388 est
1485 4323 1588 4388 multa

163 4421 280 4486 floreni
296 4422 408 4502 unius3
432 4419 460 4483 si
482 4421 597 4484 iterum
621 4419 764 4486 dedecus
784 4421 870 4485 istud
892 4419 1090 4504 admittetur,
1113 4420 1235 4508 placuit
1256 4421 1389 4488 multam
1412 4422 1587 4509 duplicari3

164 4521 193 4584 si
207 4521 304 4584 tertio
326 4541 397 4583 cum
420 4528 511 4583 tanta
533 4521 747 4603 contumacia,
772 4519 961 4609 delinquens
983 4532 1017 4587 et
1036 4520 1171 4588 multam
1190 4521 1389 4610 triplicatam
1411 4522 1586 4610 persolvito

163 4629 257 4684 etex
279 4617 417 4684 aedibus
439 4617 535 4684 huius
558 4618 687 4706 collegii
709 4621 880 4707 emigrato.

252 4823 263 4873 1
284 4817 384 4888 8011101
400 4819 437 4874 ist
454 4819 599 4874 dimidiati
613 4819 822 4890 ansgestrichen
840 4819 896 4874 und
912 4817 959 4874 fur
977 4819 1079 4888 fiorini
1101 4820 1203 4890 intapn'
1223 4837 1259 4874 an
1281 4819 1335 4874 den
1353 4819 1433 4875 Reud
1450 4819 1587 4892 000011ιί0-

163 4909 218 4962 ben
234 4908 345 5046 Ἤδη
363 4988 505 5060 Fulgende
529 4988 565 5042 ist
586 4992 679 5059 spata
696 4988 925 5060 cingellammert
947 4988 1003 5042 und
1021 4987 1104 5041 datiir
1120 4987 1158 5042 ist
1173 5005 1209 5042 an
1225 4989 1280 5043 den
1297 4988 1379 5043 Rand
1396 4987 1587 5058 geschrieben:

162 5077 214 5130 001)
231 5093 285 5144 queo
302 5081 404 5128 0101010
424 5074 642 5145 comprelterraam
659 5091 764 5144 meopte
780 5074 903 5128 00100000
920 5073 1110 5126 aestimantium
1130 5074 1266 5143 eorporis.
1299 5073 1334 5126 Ia
1356 5089 1438 5142 quara
1455 5075 1505 5143 qui
1520 5075 1588 5128 deli-

164 5162 256 5232 qus'aae
273 5159 431 5214 0110010010
449 5159 673 5229 deprelteruletor,
690 5159 716 5212 ie
734 5176 766 5212 00
784 5159 898 5213 aedilem
916 5157 1028 5228 colapis·
1043 5175 1103 5210 0000
1119 5159 1242 5230 iufamia
1254 5163 1388 5228 protom
1405 5158 1542 5214 aimus.
