3788 6078
332 464 394 534 ⁵42
824 459 875 514 tm
892 455 1111 527 pam-optines
1129 452 1255 512 rmum.

416 729 460 794 Et
488 751 547 817 per
577 751 612 794 se
640 727 811 814 praeclare
839 647 1150 816 udlisqlrdpldswddt
1176 726 1335 796 munditia
1363 735 1396 792 et
1423 733 1572 792 nostrum
1609 725 1749 792 ordinem

334 826 427 892 decet
454 830 621 915 inprimis,
654 836 686 892 et
713 830 845 892 minime
877 826 1043 892 ferendum
1076 839 1140 908 est,
1169 836 1205 890 ut
1233 825 1452 912 ingredientes
1480 825 1540 890 has
1567 825 1667 890 aedes
1693 849 1750 892 non

335 927 545 993 scholasticos
566 929 600 992 in
622 927 683 1007 hie,
707 926 763 992 sed
785 949 868 1010 sues,
892 926 1070 992 secundum
1091 925 1254 1008 Plautum,
1275 923 1424 990 habitare
1445 929 1574 1012 possint
1593 923 1751 989 arbitrari

291 1035 308 1090 5
336 1025 482 1092 Primum
503 1028 603 1112 igitur
626 1023 710 1113 [143]
737 1049 815 1090 suae
837 1029 973 1112 quisque
993 1024 1187 1090 valetudinis
1215 1047 1315 1090 causa
1340 1023 1464 1089 foetore
1491 1045 1557 1090 non
1586 1023 1690 1088 solum
1709 1026 1750 1087 in·

332 1137 429 1212 grata
446 1125 503 1190 scd
527 1127 622 1191 etiam
646 1127 796 1190 nocentia
815 1125 957 1211 undique
978 1127 1139 1190 removeri
1160 1123 1304 1206 studeat,
1327 1124 1514 1208 assignatus
1536 1132 1648 1187 autem
1666 1121 1751 1186 locus
1857 1159 1858 1168 κ

334 1237 393 1308 eet,
416 1228 450 1288 in
471 1247 566 1311 quem
588 1247 644 1306 ea,
667 1247 749 1312 quae
773 1233 1008 1289 converruntur
1028 1223 1259 1310 expurgando,
1281 1223 1402 1288 deferri
1424 1221 1552 1286 debent
1595 1221 1685 1286 luter
1703 1222 1751 1286 de·

336 1324 502 1390 ferendum
523 1347 564 1388 ne
585 1323 664 1412 quid
685 1331 935 1388 stramentorum
956 1321 1143 1388 cordiumve
1165 1321 1297 1386 excidat
1318 1330 1350 1386 et
1371 1320 1437 1386 ulla
1455 1324 1489 1384 in
1511 1331 1607 1408 parte
1627 1319 1752 1385 aedium

334 1423 551 1510 relinquatur,
579 1423 751 1508 diligenter
773 1424 883 1486 caveri
902 1419 1067 1504 volumus;
1097 1423 1189 1486 cuius
1218 1420 1280 1486 hac
1300 1422 1335 1488 in
1356 1432 1451 1508 parte
1477 1419 1680 1506 negligentia
1700 1419 1753 1486 de·

297 1523 519 1610 topraehensa
538 1528 615 1606 erit,
637 1523 679 1588 ab
707 1543 746 1586 eo
775 1522 923 1606 exigetur
944 1520 1063 1586 multae
1091 1522 1220 1586 nomine
1247 1543 1380 1606 grossus
1410 1523 1519 1586 unus.¹
1563 1519 1631 1600 Qui
1651 1521 1686 1584 in
1703 1543 1754 1584 an·

334 1623 427 1710 gulos
450 1633 506 1689 aut
528 1623 626 1688 alium
647 1621 768 1703 locum,
790 1643 887 1706 quam
909 1619 983 1686 huic
1003 1622 1051 1684 rei
1074 1622 1293 1704 assignatum,
1316 1618 1431 1686 sordes
1453 1641 1665 1708 quascunque
1686 1642 1754 1684 con·

336 1725 490 1809 gesserit,
518 1721 561 1788 ab
582 1744 620 1787 eo
643 1724 814 1806 exigentur
839 1721 970 1805 grossi²
997 1720 1069 1786 duo.
1119 1718 1211 1784 Idem
1238 1720 1279 1784 de
1306 1741 1346 1785 eo
1375 1719 1465 1802 loco,
1490 1721 1526 1784 in
1553 1741 1653 1807 quem
1677 1729 1756 1784 emta

334 1823 424 1909 ligna
444 1822 566 1888 inerint
586 1822 750 1908 deposita,
771 1841 836 1884 non
857 1841 985 1884 rursum
1008 1829 1192 1905 expurgato
1215 1821 1320 1905 accipi
1341 1819 1499 1886 volumus
1541 1819 1609 1900 Qui
1631 1818 1756 1884 chartae

335 1923 524 1988 efenestn's
546 1921 598 1987 vel
617 1919 830 2005 undecunque
851 1940 892 1984 ex
920 1917 1122 1984 habitatione
1151 1921 1305 2006 quapiam
1332 1920 1543 2006 proiecerint,
1570 1920 1595 1984 ii
1627 1920 1756 2005 grosso³

295 2033 326 2090 15
336 2045 400 2088 uno
421 2019 659 2102 multabuntur3
688 2021 715 2084 si
743 2019 883 2084 lusoriae
904 2017 979 2084 illae
999 2019 1134 2100 fuerint,
1161 2018 1283 2100 tribus3
1313 2021 1341 2084 si
1363 2017 1496 2084 chartae
1517 2021 1685 2106 proiectae
1705 2019 1757 2081 im-

334 2121 475 2187 mundae
502 2131 533 2186 et
558 2119 673 2186 foedae
701 2119 836 2199 fuerint,
859 2139 916 2182 seu
943 2139 1132 2205 quocunque
1164 2117 1228 2184 alio
1256 2118 1352 2184 modo
1380 2117 1466 2184 ullae
1492 2127 1605 2206 partes
1634 2116 1758 2182 aedium

334 2221 475 2308 pollutae
487 2233 519 2286 et
535 2221 731 2308 inquinatae,
753 2218 904 2302 exigatur
927 2217 968 2282 ob
990 2217 1051 2282 hoc
1073 2215 1203 2282 foedum
1225 2217 1351 2282 facinus
1373 2217 1433 2283 ab⁴
1458 2216 1710 2304 designantibus
1730 2227 1758 2279 et

335 2343 438 2408 neque
460 2319 524 2385 sibi
548 2341 652 2405 neque
674 2313 760 2405 [144]
785 2315 858 2381 aliis
881 2315 1090 2404 parcentibus
1120 2321 1207 2392 (cum
1236 2328 1269 2381 et
1296 2317 1437 2384 dedecus
1464 2327 1496 2381 et
1523 2315 1759 2382 incommodum

335 2421 497 2506 pertineat
512 2419 554 2484 ad
570 2429 696 2490 omnes)
711 2419 852 2504 primum
869 2416 1033 2503 quadrans
1047 2415 1171 2499 floriui3
1192 2418 1221 2481 si
1238 2420 1357 2482 iterum
1375 2417 1495 2504 aliquis
1517 2417 1643 2498 fecerit,
1664 2414 1759 2480 multa

294 2517 539 2606 ttduplicetur3
562 2518 590 2582 si
611 2517 716 2598 tertio,
737 2515 929 2602 triplicetur.

418 2617 519 2704 Atqui
538 2619 573 2680 iu
601 2615 652 2680 his
683 2615 807 2678 cunctis
835 2613 1030 2680 famulorum
1058 2613 1177 2682 delicta
1205 2617 1352 2682 dominos
1383 2617 1467 2682 scire
1493 2614 1645 2682 volumus
1673 2615 1758 2702 ipsis,

336 2739 473 2806 quorum
494 2715 542 2782 illi
564 2713 677 2781 famuli
698 2722 781 2796 sunt,
802 2712 922 2779 luenda
943 2737 1022 2780 esse.

960 2867 1068 2931 capnt
1092 2869 1139 2919 tx.

423 2947 489 3029 Qui
511 2947 648 3015 locatori
675 2945 803 3012 illiusve
831 2949 979 3013 ministro
1001 2949 1111 3014 verbis
1139 2949 1448 3035 iniuriamxfecerit,
1476 2949 1504 3014 is
1531 2947 1687 3014 multetur
1709 2945 1759 3012 llo·

297 3050 411 3114 ttrino
434 3047 603 3114 dimidiato
610 3050 638 3131 ,⁵
665 3047 729 3110 nisi
750 3046 924 3112 verborum
951 3049 1071 3114 iniuria
1099 3063 1195 3116 atrox
1221 3050 1328 3114 luerit.
1371 3049 1409 3114 Si
1430 3047 1571 3114 verbera
1592 3048 1761 3135 impegerit

340 3149 408 3212 eine
430 3147 635 3230 vrdneribus,
660 3146 776 3213 solvito
805 3145 940 3212 florines
966 3150 1059 3214 trea⁸
1106 3149 1159 3214 De
1180 3147 1368 3214 vulneribus
1390 3171 1498 3235 poena
1517 3147 1684 3234 condigna
1703 3157 1759 3210 sta-

338 3257 446 3312 tuetur
468 3246 594 3313 consilii
616 3244 739 3332 publici
762 3249 930 3312 sententia.
973 3247 1038 3328 Qui
1062 3247 1199 3314 alterum
1227 3246 1403 3337 quemlibet
1424 3271 1466 3313 ex
1487 3245 1657 3334 inquilinis
1678 3249 1760 3332 igno

223 3345 226 3354 ¹
338 3349 448 3412 miniis
477 3345 651 3412 verborum
679 3349 890 3431 appetiverit,
922 3347 1038 3412 solvito
1068 3347 1176 3413 florini
1204 3347 1446 3436 quadrantem.⁷
1498 3345 1535 3412 Si
1570 3357 1669 3412 atrox
1698 3367 1762 3408 ver·

339 3445 454 3512 borum
476 3447 594 3511 iniuria
615 3445 728 3526 fuerit,
751 3442 952 3532 duplicetur⁸
974 3445 1084 3512 multa
1128 3447 1283 3514 Gladium
1312 3448 1366 3534 qui
1393 3447 1564 3511 strinxerit
1584 3447 1619 3510 in
1641 3443 1762 3530 collegii

296 3555 436 3634 toparte
463 3542 608 3632 qualibet
637 3553 693 3607 aut
720 3542 817 3609 telum
840 3543 1054 3632 quodcunque
1079 3547 1278 3635 expedierit,
1300 3547 1450 3634 quamvis
1471 3568 1538 3610 non
1559 3547 1762 3633 percusserit,

342 3647 445 3728 icerit,
466 3645 619 3726 emiserit,
642 3641 757 3708 solvito
779 3642 931 3709 florinum
951 3649 1077 3710 unum.9

421 3741 468 3832 [S.
486 3741 555 3830 145]
583 3740 649 3823 Qui
668 3745 702 3806 in
723 3764 944 3830 quemcunque
966 3743 1072 3810 locum
1094 3769 1177 3811 saxa
1199 3745 1357 3810 coniicere
1376 3753 1435 3810 aut
1454 3743 1586 3832 quidvis
1607 3743 1757 3810 maculari

339 3842 579 3931 depraehensus
600 3842 707 3923 fircrit,
729 3842 845 3908 solvito
866 3866 1017 3930 grossum
1040 3845 1183 3912 unum.¹⁰
1232 3842 1296 3925 Qui
1319 3845 1352 3908 in
1373 3843 1502 3910 hortum
1522 3846 1693 3931 irrepserit
1713 3853 1762 3908 aut

338 3944 445 4008 locum
463 3941 603 4007 alienum
625 3943 772 4026 quemvis
795 3941 976 4009 clanculum
999 3944 1144 4027 subierit,
1166 3946 1194 4009 si
1207 3943 1285 4010 nibil
1298 3941 1537 4030 corrumpendo
1549 3941 1760 4010 aul'erendove

298 4041 451 4110 asdamni
467 4040 602 4124 dederit,
626 4039 744 4106 solvito
762 4045 947 4128 grossum¹¹
968 4066 1083 4126 unum3
1106 4045 1134 4109 si
1156 4042 1233 4132 quid
1256 4045 1454 4130 corruperit,
1477 4041 1660 4127 abstrderit,
1680 4043 1760 4108 dam·

338 4165 414 4206 num
437 4142 559 4206 sarciat
578 4151 609 4206 et
630 4139 767 4206 arbitrio
788 4139 940 4207 locatoris
962 4145 1126 4230 puniatur.

426 4297 437 4344 l
459 4288 573 4344 Hierfrir
589 4289 627 4343 ist
644 4292 738 4360 apliter
754 4293 862 4360 geaetst
876 4289 1023 4360 aequum.

424 4381 439 4430 2
458 4373 516 4428 Fur
531 4375 624 4443 grossi
640 4373 677 4427 ist
693 4376 787 4442 opiter
806 4379 913 4444 gesetat
931 4373 1058 4444 enquci.

423 4455 550 4516 anatur
567 4461 659 4528 spiiter
677 4457 810 4528 aequiro.

423 4551 440 4600 4
458 4543 558 4614 sputu
574 4543 612 4595 nt
628 4543 663 4594 ao
689 4541 717 4596 in
734 4561 753 4596 a
770 4539 922 4613 corrigunt

425 4635 440 4683 b
459 4625 552 4683 Daliir
569 4625 605 4679 ist
624 4628 716 4694 spiiter
734 4624 913 4697 geschrieben
927 4626 1043 4696 flodoin
1059 4627 1156 4680 decem

425 4719 441 4770 6
459 4713 560 4783 Spdter
578 4710 701 4780 meina.

428 4803 443 4852 'l
462 4795 563 4868 Spiiter
576 4796 710 4866 flos-im
726 4813 816 4849 muna.

425 4887 441 4938 8
459 4881 560 4952 Spiiter
576 4879 812 4952 quadruplicatum.

424 4973 441 5022 9
461 4967 560 5036 spatas
577 4961 776 5034 binsuget'u'gt:
800 4971 826 5018 et
841 4962 965 5034 gladium
983 4963 1109 5017 actitent
1123 4965 1236 5020 decenn

412 5057 443 5108 to
460 5051 560 5122 Spera
575 5049 727 5120 modim

411 5141 440 5194 11
460 5135 561 5210 Spem
574 5137 718 5210 florensem
