<?xml version="1.0" encoding="UTF-8"?>
<!DOCTYPE html PUBLIC "-//W3C//DTD XHTML 1.0 Transitional//EN"
    "http://www.w3.org/TR/xhtml1/DTD/xhtml1-transitional.dtd">
<html xmlns="http://www.w3.org/1999/xhtml" xml:lang="en" lang="en">
 <head>
  <title>
</title>
<meta http-equiv="Content-Type" content="text/html;charset=utf-8" />
  <meta name='ocr-system' content='tesseract 3.04.00' />
  <meta name='ocr-capabilities' content='ocr_page ocr_carea ocr_par ocr_line ocrx_word'/>
</head>
<body>
  <div class='ocr_page' id='page_1' title='image "./diestatutenbche00leipgoog_0080.png"; bbox 0 0 3794 6060; ppageno 0'>
   <div class='ocr_carea' id='block_1_1' title="bbox 509 423 1547 495">
    <p class='ocr_par' dir='ltr' id='par_1_1' title="bbox 509 423 1547 495">
     <span class='ocr_line' id='line_1_1' title="bbox 509 423 1547 495; baseline 0.008 -23"><span class='ocrx_word' id='word_1_1' title='bbox 509 423 556 472; x_wconf 88' lang='lat' dir='ltr'><strong>mit</strong></span> <span class='ocrx_word' id='word_1_2' title='bbox 573 423 839 476; x_wconf 75' lang='lat' dir='ltr'><strong>Zusatshesehlt‘ussu</strong></span> <span class='ocrx_word' id='word_1_3' title='bbox 856 425 897 475; x_wconf 86' lang='lat' dir='ltr'><strong>bis</strong></span> <span class='ocrx_word' id='word_1_4' title='bbox 915 441 974 476; x_wconf 80' lang='lat' dir='ltr'><strong>aum</strong></span> <span class='ocrx_word' id='word_1_5' title='bbox 992 427 1075 478; x_wconf 81' lang='lat' dir='ltr'><strong>Jahre</strong></span> <span class='ocrx_word' id='word_1_6' title='bbox 1096 433 1166 478; x_wconf 77' lang='lat'><strong>1⁴90.</strong></span> <span class='ocrx_word' id='word_1_7' title='bbox 1507 433 1547 495; x_wconf 82' lang='lat'><strong>59</strong></span> 
     </span>
    </p>
   </div>
   <div class='ocr_carea' id='block_1_2' title="bbox 129 607 1551 787">
    <p class='ocr_par' dir='ltr' id='par_1_2' title="bbox 129 607 1551 787">
     <span class='ocr_line' id='line_1_2' title="bbox 206 607 1551 690; baseline 0.003 -24"><span class='ocrx_word' id='word_1_8' title='bbox 206 607 263 666; x_wconf 81' lang='lat' dir='ltr'><strong>Bis</strong></span> <span class='ocrx_word' id='word_1_9' title='bbox 293 607 416 667; x_wconf 81' lang='lat' dir='ltr'><strong>hierher</strong></span> <span class='ocrx_word' id='word_1_10' title='bbox 443 609 482 666; x_wconf 83' lang='lat' dir='ltr'><strong>ist</strong></span> <span class='ocrx_word' id='word_1_11' title='bbox 508 609 565 668; x_wconf 81' lang='lat' dir='ltr'><strong>dus</strong></span> <span class='ocrx_word' id='word_1_12' title='bbox 585 627 682 684; x_wconf 73' lang='lat' dir='ltr'><strong>quare</strong></span> <span class='ocrx_word' id='word_1_13' title='bbox 708 609 921 668; x_wconf 80' lang='lat' dir='ltr'><strong>Stutcteahach</strong></span> <span class='ocrx_word' id='word_1_14' title='bbox 947 629 1005 668; x_wconf 80' lang='lat' dir='ltr'><strong>coa</strong></span> <span class='ocrx_word' id='word_1_15' title='bbox 1026 612 1109 670; x_wconf 81' lang='lat' dir='ltr'><strong>einer</strong></span> <span class='ocrx_word' id='word_1_16' title='bbox 1129 614 1192 670; x_wconf 85' lang='lat' dir='ltr'><strong>und</strong></span> <span class='ocrx_word' id='word_1_17' title='bbox 1212 611 1364 671; x_wconf 80' lang='lat' dir='ltr'><strong>derselhsa</strong></span> <span class='ocrx_word' id='word_1_18' title='bbox 1385 613 1485 670; x_wconf 83' lang='lat' dir='ltr'><strong>Hand</strong></span> <span class='ocrx_word' id='word_1_19' title='bbox 1501 631 1551 690; x_wconf 71' lang='lat' dir='ltr'><strong>qe·</strong></span> 
     </span>
     <span class='ocr_line' id='line_1_3' title="bbox 129 707 1453 787; baseline 0.004 -22"><span class='ocrx_word' id='word_1_20' title='bbox 129 708 295 768; x_wconf 68' lang='lat' dir='ltr'><strong>schrisbm.</strong></span> <span class='ocrx_word' id='word_1_21' title='bbox 342 709 400 766; x_wconf 77' lang='lat' dir='ltr'><strong>Bai</strong></span> <span class='ocrx_word' id='word_1_22' title='bbox 420 710 477 768; x_wconf 80' lang='lat' dir='ltr'><strong>dea</strong></span> <span class='ocrx_word' id='word_1_23' title='bbox 496 707 649 781; x_wconf 68' lang='lat' dir='ltr'><strong>arrecta,</strong></span> <span class='ocrx_word' id='word_1_24' title='bbox 671 711 778 768; x_wconf 78' lang='lat' dir='ltr'><strong>welche</strong></span> <span class='ocrx_word' id='word_1_25' title='bbox 791 711 913 786; x_wconf 67' lang='lat' dir='ltr'><strong>salpen,</strong></span> <span class='ocrx_word' id='word_1_26' title='bbox 934 713 1077 770; x_wconf 82' lang='lat' dir='ltr'><strong>wechscla</strong></span> <span class='ocrx_word' id='word_1_27' title='bbox 1097 711 1145 770; x_wconf 80' lang='lat' dir='ltr'><strong>dir</strong></span> <span class='ocrx_word' id='word_1_28' title='bbox 1165 711 1278 770; x_wconf 70' lang='lat' dir='ltr'><strong>urnae</strong></span> <span class='ocrx_word' id='word_1_29' title='bbox 1292 713 1453 787; x_wconf 82' lang='lat' dir='ltr'><strong>jedesmcl.</strong></span> 
     </span>
    </p>
   </div>
   <div class='ocr_carea' id='block_1_3' title="bbox 513 866 1171 958">
    <p class='ocr_par' dir='ltr' id='par_1_3' title="bbox 513 866 1171 958">
     <span class='ocr_line' id='line_1_4' title="bbox 513 866 1171 958; baseline 0.014 -24"><span class='ocrx_word' id='word_1_30' title='bbox 513 872 562 934; x_wconf 84' lang='lat'><strong>18.</strong></span> <span class='ocrx_word' id='word_1_31' title='bbox 584 866 643 957; x_wconf 86' lang='lat' dir='ltr'><strong>[Bt</strong></span> <span class='ocrx_word' id='word_1_32' title='bbox 664 869 733 958; x_wconf 68' lang='lat' dir='ltr'><strong>tob]</strong></span> <span class='ocrx_word' id='word_1_33' title='bbox 749 873 757 914; x_wconf 94' lang='lat'><strong>¹</strong></span> <span class='ocrx_word' id='word_1_34' title='bbox 787 890 857 942; x_wconf 80' lang='lat' dir='ltr'><strong>vom</strong></span> <span class='ocrx_word' id='word_1_35' title='bbox 874 891 915 943; x_wconf 87' lang='lat'><strong>20.</strong></span> <span class='ocrx_word' id='word_1_36' title='bbox 932 892 1079 942; x_wconf 67' lang='lat' dir='ltr'><strong>necamur</strong></span> <span class='ocrx_word' id='word_1_37' title='bbox 1097 891 1171 944; x_wconf 84' lang='lat'>1458.</span> 
     </span>
    </p>
   </div>
   <div class='ocr_carea' id='block_1_4' title="bbox 123 999 1603 4166">
    <p class='ocr_par' dir='ltr' id='par_1_4' title="bbox 123 999 1581 1467">
     <span class='ocr_line' id='line_1_5' title="bbox 205 999 1556 1090; baseline 0.004 -24"><span class='ocrx_word' id='word_1_38' title='bbox 205 999 306 1066; x_wconf 86' lang='lat' dir='ltr'><strong>Anno</strong></span> <span class='ocrx_word' id='word_1_39' title='bbox 334 999 455 1068; x_wconf 89' lang='lat' dir='ltr'><strong>domini</strong></span> <span class='ocrx_word' id='word_1_40' title='bbox 482 1000 652 1068; x_wconf 91' lang='lat' dir='ltr'><strong>millesimo</strong></span> <span class='ocrx_word' id='word_1_41' title='bbox 680 1005 785 1070; x_wconf 84' lang='lat' dir='ltr'><strong>cccc⁰</strong></span> <span class='ocrx_word' id='word_1_42' title='bbox 811 1023 913 1087; x_wconf 82' lang='lat' dir='ltr'><strong>nvffl,</strong></span> <span class='ocrx_word' id='word_1_43' title='bbox 944 1004 997 1070; x_wconf 91' lang='lat' dir='ltr'><strong>die</strong></span> <span class='ocrx_word' id='word_1_44' title='bbox 1025 1007 1181 1072; x_wconf 88' lang='lat' dir='ltr'><strong>vicesima</strong></span> <span class='ocrx_word' id='word_1_45' title='bbox 1207 1005 1327 1072; x_wconf 88' lang='lat' dir='ltr'><strong>mensis</strong></span> <span class='ocrx_word' id='word_1_46' title='bbox 1350 1005 1556 1090; x_wconf 82' lang='lat' dir='ltr'><strong>Decembris,</strong></span> 
     </span>
     <span class='ocr_line' id='line_1_6' title="bbox 124 1099 1581 1190; baseline 0.002 -23"><span class='ocrx_word' id='word_1_47' title='bbox 124 1104 159 1167; x_wconf 92' lang='lat' dir='ltr'><strong>in</strong></span> <span class='ocrx_word' id='word_1_48' title='bbox 179 1099 331 1188; x_wconf 84' lang='lat' dir='ltr'><strong>generali</strong></span> <span class='ocrx_word' id='word_1_49' title='bbox 353 1101 589 1166; x_wconf 84' lang='lat' dir='ltr'><strong>oonvooacione</strong></span> <span class='ocrx_word' id='word_1_50' title='bbox 609 1102 846 1188; x_wconf 87' lang='lat' dir='ltr'><strong>universitatis,</strong></span> <span class='ocrx_word' id='word_1_51' title='bbox 872 1105 1057 1190; x_wconf 79' lang='lat' dir='ltr'><strong>specialiter</strong></span> <span class='ocrx_word' id='word_1_52' title='bbox 1078 1103 1121 1170; x_wconf 87' lang='lat' dir='ltr'><strong>ad</strong></span> <span class='ocrx_word' id='word_1_53' title='bbox 1142 1105 1204 1170; x_wconf 91' lang='lat' dir='ltr'><strong>hoc</strong></span> <span class='ocrx_word' id='word_1_54' title='bbox 1221 1106 1326 1188; x_wconf 82' lang='lat' dir='ltr'><strong>sacta,</strong></span> <span class='ocrx_word' id='word_1_55' title='bbox 1350 1115 1385 1170; x_wconf 93' lang='lat' dir='ltr'><strong>ut</strong></span> <span class='ocrx_word' id='word_1_56' title='bbox 1406 1104 1581 1172; x_wconf 79' lang='lat' dir='ltr'><strong>dissolutis</strong></span> 
     </span>
     <span class='ocr_line' id='line_1_7' title="bbox 123 1197 1555 1293; baseline 0.001 -27"><span class='ocrx_word' id='word_1_57' title='bbox 123 1222 230 1266; x_wconf 91' lang='lat' dir='ltr'><strong>mores</strong></span> <span class='ocrx_word' id='word_1_58' title='bbox 262 1206 295 1264; x_wconf 93' lang='lat' dir='ltr'><strong>et</strong></span> <span class='ocrx_word' id='word_1_59' title='bbox 326 1197 528 1286; x_wconf 78' lang='lat' dir='ltr'><strong>periculosae</strong></span> <span class='ocrx_word' id='word_1_60' title='bbox 555 1203 735 1286; x_wconf 83' lang='lat' dir='ltr'><strong>vaganoiae</strong></span> <span class='ocrx_word' id='word_1_61' title='bbox 765 1201 967 1289; x_wconf 87' lang='lat' dir='ltr'><strong>quorundam</strong></span> <span class='ocrx_word' id='word_1_62' title='bbox 996 1203 1198 1268; x_wconf 90' lang='lat' dir='ltr'><strong>studenoium</strong></span> <span class='ocrx_word' id='word_1_63' title='bbox 1227 1204 1313 1270; x_wconf 87' lang='lat' dir='ltr'><strong>ultra</strong></span> <span class='ocrx_word' id='word_1_64' title='bbox 1335 1204 1471 1293; x_wconf 84' lang='lat' dir='ltr'><strong>antiqua</strong></span> <span class='ocrx_word' id='word_1_65' title='bbox 1492 1214 1555 1268; x_wconf 89' lang='lat' dir='ltr'><strong>sta-</strong></span> 
     </span>
     <span class='ocr_line' id='line_1_8' title="bbox 125 1297 1556 1389; baseline 0 -23"><span class='ocrx_word' id='word_1_66' title='bbox 125 1309 196 1366; x_wconf 89' lang='lat' dir='ltr'><strong>tuta</strong></span> <span class='ocrx_word' id='word_1_67' title='bbox 217 1298 328 1384; x_wconf 84' lang='lat' dir='ltr'><strong>magis</strong></span> <span class='ocrx_word' id='word_1_68' title='bbox 352 1297 501 1388; x_wconf 87' lang='lat' dir='ltr'><strong>specifice</strong></span> <span class='ocrx_word' id='word_1_69' title='bbox 525 1309 708 1382; x_wconf 75' lang='lat' dir='ltr'><strong>arceantur,</strong></span> <span class='ocrx_word' id='word_1_70' title='bbox 730 1301 786 1388; x_wconf 92' lang='lat' dir='ltr'><strong>qui</strong></span> <span class='ocrx_word' id='word_1_71' title='bbox 806 1324 866 1389; x_wconf 92' lang='lat' dir='ltr'><strong>per</strong></span> <span class='ocrx_word' id='word_1_72' title='bbox 888 1299 1019 1386; x_wconf 85' lang='lat' dir='ltr'><strong>aliquod</strong></span> <span class='ocrx_word' id='word_1_73' title='bbox 1039 1311 1166 1388; x_wconf 90' lang='lat' dir='ltr'><strong>tempus</strong></span> <span class='ocrx_word' id='word_1_74' title='bbox 1188 1304 1323 1368; x_wconf 90' lang='lat' dir='ltr'><strong>nimium</strong></span> <span class='ocrx_word' id='word_1_75' title='bbox 1339 1303 1556 1384; x_wconf 85' lang='lat' dir='ltr'><strong>invaluerunt,</strong></span> 
     </span>
     <span class='ocr_line' id='line_1_9' title="bbox 125 1397 639 1467; baseline -0.006 -2"><span class='ocrx_word' id='word_1_76' title='bbox 125 1397 334 1467; x_wconf 88' lang='lat' dir='ltr'><strong>concorditer</strong></span> <span class='ocrx_word' id='word_1_77' title='bbox 357 1397 542 1463; x_wconf 86' lang='lat' dir='ltr'><strong>conclusum</strong></span> <span class='ocrx_word' id='word_1_78' title='bbox 562 1397 639 1462; x_wconf 83' lang='lat' dir='ltr'><strong>fuit:</strong></span> 
     </span>
    </p>

    <p class='ocr_par' dir='ltr' id='par_1_5' title="bbox 123 1497 1598 1863">
     <span class='ocr_line' id='line_1_10' title="bbox 212 1497 1553 1586; baseline -0.001 -21"><span class='ocrx_word' id='word_1_79' title='bbox 212 1505 239 1565; x_wconf 89' lang='lat' dir='ltr'><strong>l.</strong></span> <span class='ocrx_word' id='word_1_80' title='bbox 267 1497 380 1562; x_wconf 89' lang='lat' dir='ltr'><strong>Primo</strong></span> <span class='ocrx_word' id='word_1_81' title='bbox 407 1497 494 1586; x_wconf 90' lang='lat' dir='ltr'><strong>quod</strong></span> <span class='ocrx_word' id='word_1_82' title='bbox 522 1497 657 1584; x_wconf 84' lang='lat' dir='ltr'><strong>quilibet</strong></span> <span class='ocrx_word' id='word_1_83' title='bbox 683 1498 816 1566; x_wconf 81' lang='lat' dir='ltr'><strong>studens</strong></span> <span class='ocrx_word' id='word_1_84' title='bbox 845 1501 933 1565; x_wconf 92' lang='lat' dir='ltr'><strong>omni</strong></span> <span class='ocrx_word' id='word_1_85' title='bbox 954 1501 1136 1564; x_wconf 86' lang='lat' dir='ltr'><strong>mutacione</strong></span> <span class='ocrx_word' id='word_1_86' title='bbox 1157 1501 1192 1564; x_wconf 91' lang='lat' dir='ltr'><strong>in</strong></span> <span class='ocrx_word' id='word_1_87' title='bbox 1211 1501 1423 1566; x_wconf 83' lang='lat' dir='ltr'><strong>universitate</strong></span> <span class='ocrx_word' id='word_1_88' title='bbox 1444 1499 1553 1564; x_wconf 87' lang='lat' dir='ltr'><strong>lectio-</strong></span> 
     </span>
     <span class='ocr_line' id='line_1_11' title="bbox 123 1595 1598 1681; baseline 0 -17"><span class='ocrx_word' id='word_1_89' title='bbox 123 1621 200 1666; x_wconf 85' lang='lat' dir='ltr'><strong>nem</strong></span> <span class='ocrx_word' id='word_1_90' title='bbox 221 1595 276 1664; x_wconf 87' lang='lat' dir='ltr'><strong>vel</strong></span> <span class='ocrx_word' id='word_1_91' title='bbox 296 1596 451 1663; x_wconf 89' lang='lat' dir='ltr'><strong>lectiones</strong></span> <span class='ocrx_word' id='word_1_92' title='bbox 472 1595 640 1662; x_wconf 87' lang='lat' dir='ltr'><strong>audistin</strong></span> <span class='ocrx_word' id='word_1_93' title='bbox 664 1596 774 1681; x_wconf 87' lang='lat' dir='ltr'><strong>aliqua</strong></span> <span class='ocrx_word' id='word_1_94' title='bbox 791 1597 958 1679; x_wconf 80' lang='lat' dir='ltr'><strong>facultate,</strong></span> <span class='ocrx_word' id='word_1_95' title='bbox 992 1609 1024 1664; x_wconf 90' lang='lat' dir='ltr'><strong>et</strong></span> <span class='ocrx_word' id='word_1_96' title='bbox 1050 1597 1123 1663; x_wconf 87' lang='lat' dir='ltr'><strong>aliis</strong></span> <span class='ocrx_word' id='word_1_97' title='bbox 1153 1599 1279 1664; x_wconf 84' lang='lat' dir='ltr'><strong>actibus</strong></span> <span class='ocrx_word' id='word_1_98' title='bbox 1305 1620 1362 1664; x_wconf 90' lang='lat' dir='ltr'><strong>seu</strong></span> <span class='ocrx_word' id='word_1_99' title='bbox 1382 1599 1551 1664; x_wconf 85' lang='lat' dir='ltr'><strong>exerciciis</strong></span> <span class='ocrx_word' id='word_1_100' title='bbox 1566 1608 1598 1664; x_wconf 85' lang='lat'><strong>10</strong></span> 
     </span>
     <span class='ocr_line' id='line_1_12' title="bbox 125 1695 1557 1786; baseline -0.003 -22"><span class='ocrx_word' id='word_1_101' title='bbox 125 1697 309 1764; x_wconf 81' lang='lat' dir='ltr'><strong>scolasticis</strong></span> <span class='ocrx_word' id='word_1_102' title='bbox 332 1719 465 1784; x_wconf 91' lang='lat' dir='ltr'><strong>operam</strong></span> <span class='ocrx_word' id='word_1_103' title='bbox 485 1696 668 1783; x_wconf 89' lang='lat' dir='ltr'><strong>impendat,</strong></span> <span class='ocrx_word' id='word_1_104' title='bbox 689 1695 750 1762; x_wconf 89' lang='lat' dir='ltr'><strong>suh</strong></span> <span class='ocrx_word' id='word_1_105' title='bbox 772 1719 879 1784; x_wconf 88' lang='lat' dir='ltr'><strong>poena</strong></span> <span class='ocrx_word' id='word_1_106' title='bbox 900 1697 1112 1784; x_wconf 86' lang='lat' dir='ltr'><strong>relegacionis</strong></span> <span class='ocrx_word' id='word_1_107' title='bbox 1136 1697 1179 1762; x_wconf 92' lang='lat' dir='ltr'><strong>ad</strong></span> <span class='ocrx_word' id='word_1_108' title='bbox 1200 1707 1352 1784; x_wconf 90' lang='lat' dir='ltr'><strong>parentes</strong></span> <span class='ocrx_word' id='word_1_109' title='bbox 1364 1699 1392 1781; x_wconf 83' lang='lat'><strong>²,</strong></span> <span class='ocrx_word' id='word_1_110' title='bbox 1413 1699 1442 1762; x_wconf 88' lang='lat' dir='ltr'><strong>si</strong></span> <span class='ocrx_word' id='word_1_111' title='bbox 1458 1719 1557 1786; x_wconf 89' lang='lat' dir='ltr'><strong>super</strong></span> 
     </span>
     <span class='ocr_line' id='line_1_13' title="bbox 127 1795 988 1863; baseline -0.003 0"><span class='ocrx_word' id='word_1_112' title='bbox 127 1798 191 1863; x_wconf 93' lang='lat' dir='ltr'><strong>hoc</strong></span> <span class='ocrx_word' id='word_1_113' title='bbox 210 1795 358 1862; x_wconf 89' lang='lat' dir='ltr'><strong>monitus</strong></span> <span class='ocrx_word' id='word_1_114' title='bbox 380 1817 500 1860; x_wconf 89' lang='lat' dir='ltr'><strong>senon</strong></span> <span class='ocrx_word' id='word_1_115' title='bbox 523 1796 687 1860; x_wconf 81' lang='lat' dir='ltr'><strong>curaverit</strong></span> <span class='ocrx_word' id='word_1_116' title='bbox 707 1795 889 1861; x_wconf 86' lang='lat' dir='ltr'><strong>emendare.</strong></span> <span class='ocrx_word' id='word_1_117' title='bbox 985 1798 988 1806; x_wconf 87' lang='lat'>&#39;</span> 
     </span>
    </p>

    <p class='ocr_par' dir='ltr' id='par_1_6' title="bbox 125 1893 1598 2182">
     <span class='ocr_line' id='line_1_14' title="bbox 210 1893 1557 1982; baseline -0.004 -18"><span class='ocrx_word' id='word_1_118' title='bbox 210 1903 242 1964; x_wconf 79' lang='lat'><strong>2.</strong></span> <span class='ocrx_word' id='word_1_119' title='bbox 269 1896 353 1960; x_wconf 90' lang='lat' dir='ltr'><strong>Item</strong></span> <span class='ocrx_word' id='word_1_120' title='bbox 379 1893 503 1960; x_wconf 91' lang='lat' dir='ltr'><strong>nullum</strong></span> <span class='ocrx_word' id='word_1_121' title='bbox 529 1895 753 1960; x_wconf 81' lang='lat' dir='ltr'><strong>universitatis</strong></span> <span class='ocrx_word' id='word_1_122' title='bbox 782 1896 987 1982; x_wconf 90' lang='lat' dir='ltr'><strong>suppositum</strong></span> <span class='ocrx_word' id='word_1_123' title='bbox 1009 1894 1122 1961; x_wconf 87' lang='lat' dir='ltr'><strong>sedeat</strong></span> <span class='ocrx_word' id='word_1_124' title='bbox 1141 1897 1176 1959; x_wconf 91' lang='lat' dir='ltr'><strong>in</strong></span> <span class='ocrx_word' id='word_1_125' title='bbox 1196 1895 1365 1962; x_wconf 88' lang='lat' dir='ltr'><strong>thabernis</strong></span> <span class='ocrx_word' id='word_1_126' title='bbox 1386 1906 1443 1962; x_wconf 91' lang='lat' dir='ltr'><strong>aut</strong></span> <span class='ocrx_word' id='word_1_127' title='bbox 1463 1893 1557 1962; x_wconf 89' lang='lat' dir='ltr'><strong>cella-</strong></span> 
     </span>
     <span class='ocr_line' id='line_1_15' title="bbox 125 1991 1557 2084; baseline -0.004 -21"><span class='ocrx_word' id='word_1_128' title='bbox 125 1998 184 2063; x_wconf 84' lang='lat' dir='ltr'><strong>riis</strong></span> <span class='ocrx_word' id='word_1_129' title='bbox 207 1994 362 2084; x_wconf 90' lang='lat' dir='ltr'><strong>publicis,</strong></span> <span class='ocrx_word' id='word_1_130' title='bbox 382 2003 478 2060; x_wconf 88' lang='lat' dir='ltr'><strong>nocte</strong></span> <span class='ocrx_word' id='word_1_131' title='bbox 492 1991 545 2058; x_wconf 88' lang='lat' dir='ltr'><strong>vel</strong></span> <span class='ocrx_word' id='word_1_132' title='bbox 564 1993 627 2075; x_wconf 88' lang='lat' dir='ltr'><strong>die,</strong></span> <span class='ocrx_word' id='word_1_133' title='bbox 648 1997 905 2060; x_wconf 81' lang='lat' dir='ltr'><strong>comessasioues</strong></span> <span class='ocrx_word' id='word_1_134' title='bbox 924 2003 981 2059; x_wconf 90' lang='lat' dir='ltr'><strong>aut</strong></span> <span class='ocrx_word' id='word_1_135' title='bbox 993 1993 1183 2059; x_wconf 89' lang='lat' dir='ltr'><strong>collaciones</strong></span> <span class='ocrx_word' id='word_1_136' title='bbox 1197 1995 1426 2061; x_wconf 85' lang='lat' dir='ltr'><strong>thabernarias</strong></span> <span class='ocrx_word' id='word_1_137' title='bbox 1437 1995 1557 2060; x_wconf 81' lang='lat' dir='ltr'><strong>facien-</strong></span> 
     </span>
     <span class='ocr_line' id='line_1_16' title="bbox 126 2091 1598 2182; baseline -0.005 -20"><span class='ocrx_word' id='word_1_138' title='bbox 126 2095 178 2180; x_wconf 89' lang='lat' dir='ltr'><strong>do,</strong></span> <span class='ocrx_word' id='word_1_139' title='bbox 199 2117 263 2160; x_wconf 89' lang='lat' dir='ltr'><strong>neo</strong></span> <span class='ocrx_word' id='word_1_140' title='bbox 281 2116 317 2158; x_wconf 88' lang='lat' dir='ltr'><strong>se</strong></span> <span class='ocrx_word' id='word_1_141' title='bbox 335 2094 382 2159; x_wconf 91' lang='lat' dir='ltr'><strong>ihi</strong></span> <span class='ocrx_word' id='word_1_142' title='bbox 393 2093 541 2179; x_wconf 89' lang='lat' dir='ltr'><strong>personis</strong></span> <span class='ocrx_word' id='word_1_143' title='bbox 552 2093 734 2178; x_wconf 87' lang='lat' dir='ltr'><strong>prostitutis</strong></span> <span class='ocrx_word' id='word_1_144' title='bbox 746 2097 885 2160; x_wconf 87' lang='lat' dir='ltr'><strong>associet</strong></span> <span class='ocrx_word' id='word_1_145' title='bbox 895 2094 1108 2180; x_wconf 88' lang='lat' dir='ltr'><strong>impudenter,</strong></span> <span class='ocrx_word' id='word_1_146' title='bbox 1130 2091 1189 2159; x_wconf 93' lang='lat' dir='ltr'><strong>sub</strong></span> <span class='ocrx_word' id='word_1_147' title='bbox 1202 2117 1309 2182; x_wconf 87' lang='lat' dir='ltr'><strong>poena</strong></span> <span class='ocrx_word' id='word_1_148' title='bbox 1324 2097 1419 2160; x_wconf 91' lang='lat' dir='ltr'><strong>uuius</strong></span> <span class='ocrx_word' id='word_1_149' title='bbox 1430 2093 1555 2159; x_wconf 88' lang='lat' dir='ltr'><strong>floreui.</strong></span> <span class='ocrx_word' id='word_1_150' title='bbox 1567 2101 1598 2156; x_wconf 84' lang='lat'><strong>15</strong></span> 
     </span>
    </p>

    <p class='ocr_par' dir='ltr' id='par_1_7' title="bbox 125 2190 1600 2678">
     <span class='ocr_line' id='line_1_17' title="bbox 208 2190 1556 2281; baseline -0.001 -24"><span class='ocrx_word' id='word_1_151' title='bbox 208 2201 238 2263; x_wconf 89' lang='grc'><strong>3.</strong></span> <span class='ocrx_word' id='word_1_152' title='bbox 267 2193 349 2258; x_wconf 90' lang='lat' dir='ltr'><strong>Item</strong></span> <span class='ocrx_word' id='word_1_153' title='bbox 371 2190 494 2259; x_wconf 82' lang='lat' dir='ltr'><strong>nullum</strong></span> <span class='ocrx_word' id='word_1_154' title='bbox 514 2193 736 2256; x_wconf 88' lang='lat' dir='ltr'><strong>universitatis</strong></span> <span class='ocrx_word' id='word_1_155' title='bbox 758 2194 963 2281; x_wconf 90' lang='lat' dir='ltr'><strong>suppositum</strong></span> <span class='ocrx_word' id='word_1_156' title='bbox 985 2215 1059 2258; x_wconf 90' lang='lat' dir='ltr'><strong>oum</strong></span> <span class='ocrx_word' id='word_1_157' title='bbox 1079 2194 1232 2258; x_wconf 88' lang='lat' dir='ltr'><strong>rostratis</strong></span> <span class='ocrx_word' id='word_1_158' title='bbox 1252 2193 1387 2275; x_wconf 89' lang='lat' dir='ltr'><strong>calceis,</strong></span> <span class='ocrx_word' id='word_1_159' title='bbox 1412 2215 1486 2258; x_wconf 91' lang='lat' dir='ltr'><strong>oum</strong></span> <span class='ocrx_word' id='word_1_160' title='bbox 1507 2201 1556 2256; x_wconf 93' lang='lat' dir='ltr'><strong>tu-</strong></span> 
     </span>
     <span class='ocr_line' id='line_1_18' title="bbox 125 2289 1555 2380; baseline -0.004 -20"><span class='ocrx_word' id='word_1_161' title='bbox 125 2297 207 2360; x_wconf 89' lang='lat' dir='ltr'><strong>nicis</strong></span> <span class='ocrx_word' id='word_1_162' title='bbox 236 2293 341 2358; x_wconf 87' lang='lat' dir='ltr'><strong>nimia</strong></span> <span class='ocrx_word' id='word_1_163' title='bbox 370 2290 530 2356; x_wconf 88' lang='lat' dir='ltr'><strong>brevitate</strong></span> <span class='ocrx_word' id='word_1_164' title='bbox 556 2293 677 2357; x_wconf 89' lang='lat' dir='ltr'><strong>notatis</strong></span> <span class='ocrx_word' id='word_1_165' title='bbox 704 2301 760 2358; x_wconf 89' lang='lat' dir='ltr'><strong>aut</strong></span> <span class='ocrx_word' id='word_1_166' title='bbox 789 2315 862 2359; x_wconf 91' lang='lat' dir='ltr'><strong>eum</strong></span> <span class='ocrx_word' id='word_1_167' title='bbox 889 2291 997 2379; x_wconf 84' lang='lat' dir='ltr'><strong>palliis</strong></span> <span class='ocrx_word' id='word_1_168' title='bbox 1018 2291 1197 2358; x_wconf 86' lang='lat' dir='ltr'><strong>lateraliter</strong></span> <span class='ocrx_word' id='word_1_169' title='bbox 1219 2293 1341 2380; x_wconf 88' lang='lat' dir='ltr'><strong>apertis</strong></span> <span class='ocrx_word' id='word_1_170' title='bbox 1364 2300 1420 2358; x_wconf 88' lang='lat' dir='ltr'><strong>aut</strong></span> <span class='ocrx_word' id='word_1_171' title='bbox 1442 2289 1555 2356; x_wconf 89' lang='lat' dir='ltr'><strong>sericis</strong></span> 
     </span>
     <span class='ocr_line' id='line_1_19' title="bbox 125 2389 1558 2482; baseline -0.004 -22"><span class='ocrx_word' id='word_1_172' title='bbox 125 2389 381 2482; x_wconf 81' lang='lat' dir='ltr'><strong>ma·[t&#39;t⁸]nicis</strong></span> <span class='ocrx_word' id='word_1_173' title='bbox 398 2411 501 2478; x_wconf 90' lang='lat' dir='ltr'><strong>usqne</strong></span> <span class='ocrx_word' id='word_1_174' title='bbox 520 2389 564 2454; x_wconf 86' lang='lat' dir='ltr'><strong>ud</strong></span> <span class='ocrx_word' id='word_1_175' title='bbox 584 2390 737 2476; x_wconf 88' lang='lat' dir='ltr'><strong>scapulas</strong></span> <span class='ocrx_word' id='word_1_176' title='bbox 759 2396 829 2457; x_wconf 88' lang='lat' dir='ltr'><strong>sive</strong></span> <span class='ocrx_word' id='word_1_177' title='bbox 848 2391 891 2456; x_wconf 88' lang='lat' dir='ltr'><strong>ad</strong></span> <span class='ocrx_word' id='word_1_178' title='bbox 913 2390 1056 2458; x_wconf 84' lang='lat' dir='ltr'><strong>cubitum</strong></span> <span class='ocrx_word' id='word_1_179' title='bbox 1079 2393 1298 2479; x_wconf 85' lang='lat' dir='ltr'><strong>semiapertis,</strong></span> <span class='ocrx_word' id='word_1_180' title='bbox 1326 2392 1396 2457; x_wconf 83' lang='lat' dir='ltr'><strong>sive</strong></span> <span class='ocrx_word' id='word_1_181' title='bbox 1416 2389 1558 2456; x_wconf 90' lang='lat' dir='ltr'><strong>colleriis</strong></span> 
     </span>
     <span class='ocr_line' id='line_1_20' title="bbox 131 2487 1558 2578; baseline -0.006 -17"><span class='ocrx_word' id='word_1_182' title='bbox 131 2490 340 2572; x_wconf 83' lang='lat' dir='ltr'><strong>cancellatis,</strong></span> <span class='ocrx_word' id='word_1_183' title='bbox 372 2490 442 2554; x_wconf 81' lang='lat' dir='ltr'><strong>sive</strong></span> <span class='ocrx_word' id='word_1_184' title='bbox 463 2487 536 2554; x_wconf 86' lang='lat' dir='ltr'><strong>aliis</strong></span> <span class='ocrx_word' id='word_1_185' title='bbox 557 2487 704 2554; x_wconf 87' lang='lat' dir='ltr'><strong>vestibus</strong></span> <span class='ocrx_word' id='word_1_186' title='bbox 725 2491 949 2558; x_wconf 89' lang='lat' dir='ltr'><strong>indecentibus</strong></span> <span class='ocrx_word' id='word_1_187' title='bbox 971 2490 1100 2578; x_wconf 89' lang='lat' dir='ltr'><strong>publice</strong></span> <span class='ocrx_word' id='word_1_188' title='bbox 1121 2490 1267 2573; x_wconf 88' lang='lat' dir='ltr'><strong>incedat,</strong></span> <span class='ocrx_word' id='word_1_189' title='bbox 1299 2489 1360 2556; x_wconf 90' lang='lat' dir='ltr'><strong>sub</strong></span> <span class='ocrx_word' id='word_1_190' title='bbox 1383 2511 1489 2578; x_wconf 89' lang='lat' dir='ltr'><strong>poena</strong></span> <span class='ocrx_word' id='word_1_191' title='bbox 1510 2487 1558 2553; x_wconf 91' lang='lat' dir='ltr'><strong>di-</strong></span> 
     </span>
     <span class='ocr_line' id='line_1_21' title="bbox 128 2589 1600 2678; baseline -0.003 -19"><span class='ocrx_word' id='word_1_192' title='bbox 128 2592 220 2658; x_wconf 90' lang='lat' dir='ltr'><strong>midii</strong></span> <span class='ocrx_word' id='word_1_193' title='bbox 242 2590 375 2672; x_wconf 86' lang='lat' dir='ltr'><strong>floreui,</strong></span> <span class='ocrx_word' id='word_1_194' title='bbox 395 2589 519 2654; x_wconf 87' lang='lat' dir='ltr'><strong>tociens</strong></span> <span class='ocrx_word' id='word_1_195' title='bbox 540 2591 695 2676; x_wconf 88' lang='lat' dir='ltr'><strong>quociens</strong></span> <span class='ocrx_word' id='word_1_196' title='bbox 717 2613 816 2678; x_wconf 89' lang='lat' dir='ltr'><strong>super</strong></span> <span class='ocrx_word' id='word_1_197' title='bbox 836 2590 892 2656; x_wconf 94' lang='lat' dir='ltr'><strong>illo</strong></span> <span class='ocrx_word' id='word_1_198' title='bbox 915 2590 1146 2656; x_wconf 87' lang='lat' dir='ltr'><strong>denuucciatus</strong></span> <span class='ocrx_word' id='word_1_199' title='bbox 1167 2591 1264 2656; x_wconf 86' lang='lat' dir='ltr'><strong>suerit</strong></span> <span class='ocrx_word' id='word_1_200' title='bbox 1285 2598 1317 2656; x_wconf 91' lang='lat' dir='ltr'><strong>et</strong></span> <span class='ocrx_word' id='word_1_201' title='bbox 1338 2593 1514 2656; x_wconf 86' lang='lat' dir='ltr'><strong>convictus.</strong></span> <span class='ocrx_word' id='word_1_202' title='bbox 1566 2595 1600 2654; x_wconf 82' lang='lat'><strong>20</strong></span> 
     </span>
    </p>

    <p class='ocr_par' dir='ltr' id='par_1_8' title="bbox 129 2686 1557 3076">
     <span class='ocr_line' id='line_1_22' title="bbox 210 2686 1557 2780; baseline -0.005 -22"><span class='ocrx_word' id='word_1_203' title='bbox 210 2698 241 2759; x_wconf 94' lang='grc'><strong>4.</strong></span> <span class='ocrx_word' id='word_1_204' title='bbox 272 2689 356 2754; x_wconf 88' lang='lat' dir='ltr'><strong>Item</strong></span> <span class='ocrx_word' id='word_1_205' title='bbox 382 2686 506 2752; x_wconf 91' lang='lat' dir='ltr'><strong>nullum</strong></span> <span class='ocrx_word' id='word_1_206' title='bbox 527 2689 748 2755; x_wconf 87' lang='lat' dir='ltr'><strong>universitatis</strong></span> <span class='ocrx_word' id='word_1_207' title='bbox 770 2690 975 2778; x_wconf 87' lang='lat' dir='ltr'><strong>suppositum</strong></span> <span class='ocrx_word' id='word_1_208' title='bbox 1000 2693 1035 2756; x_wconf 92' lang='lat' dir='ltr'><strong>in</strong></span> <span class='ocrx_word' id='word_1_209' title='bbox 1054 2690 1128 2755; x_wconf 89' lang='lat' dir='ltr'><strong>loco</strong></span> <span class='ocrx_word' id='word_1_210' title='bbox 1150 2699 1302 2780; x_wconf 87' lang='lat' dir='ltr'><strong>suspecto</strong></span> <span class='ocrx_word' id='word_1_211' title='bbox 1324 2711 1413 2755; x_wconf 89' lang='lat' dir='ltr'><strong>more</strong></span> <span class='ocrx_word' id='word_1_212' title='bbox 1433 2687 1557 2777; x_wconf 89' lang='lat' dir='ltr'><strong>publici</strong></span> 
     </span>
     <span class='ocr_line' id='line_1_23' title="bbox 131 2786 1557 2874; baseline -0.004 -17"><span class='ocrx_word' id='word_1_213' title='bbox 131 2789 323 2857; x_wconf 84' lang='lat' dir='ltr'><strong>scortatoris</strong></span> <span class='ocrx_word' id='word_1_214' title='bbox 348 2809 408 2874; x_wconf 90' lang='lat' dir='ltr'><strong>per</strong></span> <span class='ocrx_word' id='word_1_215' title='bbox 436 2795 547 2852; x_wconf 90' lang='lat' dir='ltr'><strong>noctes</strong></span> <span class='ocrx_word' id='word_1_216' title='bbox 575 2798 632 2853; x_wconf 90' lang='lat' dir='ltr'><strong>aut</strong></span> <span class='ocrx_word' id='word_1_217' title='bbox 651 2788 721 2854; x_wconf 89' lang='lat' dir='ltr'><strong>dies</strong></span> <span class='ocrx_word' id='word_1_218' title='bbox 742 2791 892 2856; x_wconf 89' lang='lat' dir='ltr'><strong>continue</strong></span> <span class='ocrx_word' id='word_1_219' title='bbox 914 2789 1114 2871; x_wconf 88' lang='lat' dir='ltr'><strong>demoretur,</strong></span> <span class='ocrx_word' id='word_1_220' title='bbox 1144 2810 1204 2871; x_wconf 82' lang='lat' dir='ltr'><strong>use</strong></span> <span class='ocrx_word' id='word_1_221' title='bbox 1229 2792 1359 2854; x_wconf 88' lang='lat' dir='ltr'><strong>bursam</strong></span> <span class='ocrx_word' id='word_1_222' title='bbox 1380 2788 1427 2853; x_wconf 91' lang='lat' dir='ltr'><strong>ihi</strong></span> <span class='ocrx_word' id='word_1_223' title='bbox 1448 2786 1501 2852; x_wconf 90' lang='lat' dir='ltr'><strong>vel</strong></span> <span class='ocrx_word' id='word_1_224' title='bbox 1522 2787 1557 2851; x_wconf 92' lang='lat' dir='ltr'><strong>in</strong></span> 
     </span>
     <span class='ocr_line' id='line_1_24' title="bbox 129 2886 1556 2978; baseline -0.002 -23"><span class='ocrx_word' id='word_1_225' title='bbox 129 2891 314 2978; x_wconf 87' lang='lat' dir='ltr'><strong>propinquo</strong></span> <span class='ocrx_word' id='word_1_226' title='bbox 342 2894 445 2972; x_wconf 88' lang='lat' dir='ltr'><strong>ponat</strong></span> <span class='ocrx_word' id='word_1_227' title='bbox 473 2895 529 2950; x_wconf 88' lang='lat' dir='ltr'><strong>aut</strong></span> <span class='ocrx_word' id='word_1_228' title='bbox 556 2886 794 2953; x_wconf 88' lang='lat' dir='ltr'><strong>habitacionem</strong></span> <span class='ocrx_word' id='word_1_229' title='bbox 823 2889 994 2954; x_wconf 87' lang='lat' dir='ltr'><strong>conveniat</strong></span> <span class='ocrx_word' id='word_1_230' title='bbox 1019 2900 1185 2976; x_wconf 89' lang='lat' dir='ltr'><strong>tamquam</strong></span> <span class='ocrx_word' id='word_1_231' title='bbox 1211 2887 1424 2976; x_wconf 90' lang='lat' dir='ltr'><strong>turpitudinis</strong></span> <span class='ocrx_word' id='word_1_232' title='bbox 1451 2888 1556 2974; x_wconf 91' lang='lat' dir='ltr'><strong>inqui·</strong></span> 
     </span>
     <span class='ocr_line' id='line_1_25' title="bbox 129 2982 1152 3076; baseline -0.004 -22"><span class='ocrx_word' id='word_1_233' title='bbox 129 2989 231 3070; x_wconf 87' lang='lat' dir='ltr'><strong>linus,</strong></span> <span class='ocrx_word' id='word_1_234' title='bbox 252 2985 315 3051; x_wconf 92' lang='lat' dir='ltr'><strong>sub</strong></span> <span class='ocrx_word' id='word_1_235' title='bbox 338 3005 446 3071; x_wconf 84' lang='lat' dir='ltr'><strong>poena</strong></span> <span class='ocrx_word' id='word_1_236' title='bbox 466 2984 608 3051; x_wconf 86' lang='lat' dir='ltr'><strong>duorum</strong></span> <span class='ocrx_word' id='word_1_237' title='bbox 628 2987 823 3054; x_wconf 88' lang='lat' dir='ltr'><strong>florenorum</strong></span> <span class='ocrx_word' id='word_1_238' title='bbox 844 2982 966 3053; x_wconf 89' lang='lat' dir='ltr'><strong>tociens</strong></span> <span class='ocrx_word' id='word_1_239' title='bbox 989 2990 1152 3076; x_wconf 86' lang='lat' dir='ltr'><strong>quociens.</strong></span> 
     </span>
    </p>

    <p class='ocr_par' dir='ltr' id='par_1_9' title="bbox 133 3081 1597 3453">
     <span class='ocr_line' id='line_1_26' title="bbox 212 3081 1597 3176; baseline -0.002 -23"><span class='ocrx_word' id='word_1_240' title='bbox 212 3094 263 3153; x_wconf 79' lang='lat'><strong>5⁸.</strong></span> <span class='ocrx_word' id='word_1_241' title='bbox 292 3084 374 3149; x_wconf 90' lang='lat' dir='ltr'><strong>Item</strong></span> <span class='ocrx_word' id='word_1_242' title='bbox 395 3081 532 3172; x_wconf 87' lang='lat' dir='ltr'><strong>quilibet</strong></span> <span class='ocrx_word' id='word_1_243' title='bbox 550 3086 699 3169; x_wconf 87' lang='lat' dir='ltr'><strong>studens,</strong></span> <span class='ocrx_word' id='word_1_244' title='bbox 728 3087 783 3173; x_wconf 90' lang='lat' dir='ltr'><strong>qui</strong></span> <span class='ocrx_word' id='word_1_245' title='bbox 803 3096 938 3173; x_wconf 88' lang='lat' dir='ltr'><strong>propter</strong></span> <span class='ocrx_word' id='word_1_246' title='bbox 959 3087 1099 3176; x_wconf 89' lang='lat' dir='ltr'><strong>aliquem</strong></span> <span class='ocrx_word' id='word_1_247' title='bbox 1119 3109 1289 3152; x_wconf 83' lang='lat' dir='ltr'><strong>excessum</strong></span> <span class='ocrx_word' id='word_1_248' title='bbox 1310 3096 1502 3152; x_wconf 90' lang='lat' dir='ltr'><strong>nocturnum</strong></span> <span class='ocrx_word' id='word_1_249' title='bbox 1522 3092 1597 3149; x_wconf 68' lang='lat' dir='ltr'><strong>etit</strong></span> 
     </span>
     <span class='ocr_line' id='line_1_27' title="bbox 134 3183 1558 3276; baseline -0.004 -22"><span class='ocrx_word' id='word_1_250' title='bbox 134 3185 303 3276; x_wconf 90' lang='lat' dir='ltr'><strong>publicum</strong></span> <span class='ocrx_word' id='word_1_251' title='bbox 322 3183 397 3249; x_wconf 85' lang='lat' dir='ltr'><strong>bis³</strong></span> <span class='ocrx_word' id='word_1_252' title='bbox 419 3184 553 3270; x_wconf 90' lang='lat' dir='ltr'><strong>punitus</strong></span> <span class='ocrx_word' id='word_1_253' title='bbox 576 3195 625 3252; x_wconf 90' lang='lat' dir='ltr'><strong>est</strong></span> <span class='ocrx_word' id='word_1_254' title='bbox 646 3207 705 3272; x_wconf 89' lang='lat' dir='ltr'><strong>per</strong></span> <span class='ocrx_word' id='word_1_255' title='bbox 728 3187 987 3268; x_wconf 86' lang='lat' dir='ltr'><strong>universitatem,</strong></span> <span class='ocrx_word' id='word_1_256' title='bbox 1010 3188 1038 3252; x_wconf 87' lang='lat' dir='ltr'><strong>ai</strong></span> <span class='ocrx_word' id='word_1_257' title='bbox 1058 3187 1094 3250; x_wconf 88' lang='lat' dir='ltr'><strong>in</strong></span> <span class='ocrx_word' id='word_1_258' title='bbox 1114 3185 1227 3252; x_wconf 88' lang='lat' dir='ltr'><strong>eodem</strong></span> <span class='ocrx_word' id='word_1_259' title='bbox 1246 3185 1298 3252; x_wconf 85' lang='lat' dir='ltr'><strong>vel</strong></span> <span class='ocrx_word' id='word_1_260' title='bbox 1320 3185 1481 3252; x_wconf 87' lang='lat' dir='ltr'><strong>consimili</strong></span> <span class='ocrx_word' id='word_1_261' title='bbox 1503 3205 1558 3249; x_wconf 84' lang='lat' dir='ltr'><strong>ex·</strong></span> 
     </span>
     <span class='ocr_line' id='line_1_28' title="bbox 134 3281 1558 3371; baseline -0.005 -17"><span class='ocrx_word' id='word_1_262' title='bbox 134 3311 227 3354; x_wconf 81' lang='lat' dir='ltr'><strong>sessu</strong></span> <span class='ocrx_word' id='word_1_263' title='bbox 248 3286 369 3349; x_wconf 87' lang='lat' dir='ltr'><strong>iterum</strong></span> <span class='ocrx_word' id='word_1_264' title='bbox 389 3281 611 3370; x_wconf 86' lang='lat' dir='ltr'><strong>deprehensus</strong></span> <span class='ocrx_word' id='word_1_265' title='bbox 630 3285 746 3368; x_wconf 87' lang='lat' dir='ltr'><strong>fucrit,</strong></span> <span class='ocrx_word' id='word_1_266' title='bbox 766 3285 843 3371; x_wconf 83' lang='lat' dir='ltr'><strong>quia</strong></span> <span class='ocrx_word' id='word_1_267' title='bbox 863 3285 910 3350; x_wconf 90' lang='lat' dir='ltr'><strong>sic</strong></span> <span class='ocrx_word' id='word_1_268' title='bbox 931 3283 1163 3370; x_wconf 85' lang='lat' dir='ltr'><strong>incorrigibilis</strong></span> <span class='ocrx_word' id='word_1_269' title='bbox 1185 3287 1418 3371; x_wconf 87' lang='lat' dir='ltr'><strong>praesumitur,</strong></span> <span class='ocrx_word' id='word_1_270' title='bbox 1440 3284 1483 3351; x_wconf 87' lang='lat' dir='ltr'><strong>ad</strong></span> <span class='ocrx_word' id='word_1_271' title='bbox 1502 3304 1558 3369; x_wconf 90' lang='lat' dir='ltr'><strong>pa-</strong></span> 
     </span>
     <span class='ocr_line' id='line_1_29' title="bbox 133 3383 803 3453; baseline -0.009 -2"><span class='ocrx_word' id='word_1_272' title='bbox 133 3396 241 3453; x_wconf 86' lang='lat' dir='ltr'><strong>rentes</strong></span> <span class='ocrx_word' id='word_1_273' title='bbox 263 3383 458 3449; x_wconf 68' lang='lat' dir='ltr'><strong>remittatur.</strong></span> <span class='ocrx_word' id='word_1_274' title='bbox 800 3397 803 3405; x_wconf 55' lang='lat'><em>¹</em></span> 
     </span>
    </p>

    <p class='ocr_par' dir='ltr' id='par_1_10' title="bbox 136 3479 1602 3670">
     <span class='ocr_line' id='line_1_30' title="bbox 215 3479 1560 3569; baseline -0.005 -19"><span class='ocrx_word' id='word_1_275' title='bbox 215 3487 269 3550; x_wconf 60' lang='lat' dir='ltr'><strong>hl.</strong></span> <span class='ocrx_word' id='word_1_276' title='bbox 297 3479 343 3545; x_wconf 77' lang='lat' dir='ltr'><strong>lit</strong></span> <span class='ocrx_word' id='word_1_277' title='bbox 369 3480 458 3569; x_wconf 85' lang='lat' dir='ltr'><strong>quod</strong></span> <span class='ocrx_word' id='word_1_278' title='bbox 482 3488 588 3545; x_wconf 89' lang='lat' dir='ltr'><strong>rector</strong></span> <span class='ocrx_word' id='word_1_279' title='bbox 616 3483 660 3546; x_wconf 91' lang='lat' dir='ltr'><strong>sit</strong></span> <span class='ocrx_word' id='word_1_280' title='bbox 681 3483 833 3548; x_wconf 88' lang='lat' dir='ltr'><strong>astrictus</strong></span> <span class='ocrx_word' id='word_1_281' title='bbox 854 3480 943 3564; x_wconf 88' lang='lat' dir='ltr'><strong>illos,</strong></span> <span class='ocrx_word' id='word_1_282' title='bbox 974 3503 1054 3568; x_wconf 92' lang='lat' dir='ltr'><strong>quos</strong></span> <span class='ocrx_word' id='word_1_283' title='bbox 1077 3481 1137 3548; x_wconf 90' lang='lat' dir='ltr'><strong>sub</strong></span> <span class='ocrx_word' id='word_1_284' title='bbox 1158 3504 1216 3548; x_wconf 89' lang='lat' dir='ltr'><strong>suo</strong></span> <span class='ocrx_word' id='word_1_285' title='bbox 1235 3491 1398 3547; x_wconf 87' lang='lat' dir='ltr'><strong>rectoratu</strong></span> <span class='ocrx_word' id='word_1_286' title='bbox 1419 3481 1560 3567; x_wconf 90' lang='lat' dir='ltr'><strong>punierit</strong></span> 
     </span>
     <span class='ocr_line' id='line_1_31' title="bbox 136 3579 1602 3670; baseline -0.003 -21"><span class='ocrx_word' id='word_1_287' title='bbox 136 3593 168 3650; x_wconf 88' lang='lat' dir='ltr'><strong>et</strong></span> <span class='ocrx_word' id='word_1_288' title='bbox 186 3601 305 3670; x_wconf 86' lang='lat' dir='ltr'><strong>quare,</strong></span> <span class='ocrx_word' id='word_1_289' title='bbox 328 3579 371 3648; x_wconf 86' lang='lat' dir='ltr'><strong>sd</strong></span> <span class='ocrx_word' id='word_1_290' title='bbox 390 3580 665 3668; x_wconf 86' lang='lat' dir='ltr'><strong>praesentandum</strong></span> <span class='ocrx_word' id='word_1_291' title='bbox 686 3583 721 3646; x_wconf 90' lang='lat' dir='ltr'><strong>iu</strong></span> <span class='ocrx_word' id='word_1_292' title='bbox 742 3583 872 3669; x_wconf 91' lang='lat' dir='ltr'><strong>scriptis</strong></span> <span class='ocrx_word' id='word_1_293' title='bbox 895 3603 953 3646; x_wconf 90' lang='lat' dir='ltr'><strong>suo</strong></span> <span class='ocrx_word' id='word_1_294' title='bbox 976 3583 1164 3647; x_wconf 88' lang='lat' dir='ltr'><strong>successori.</strong></span> <span class='ocrx_word' id='word_1_295' title='bbox 1567 3587 1602 3644; x_wconf 79' lang='lat'><strong>³0</strong></span> 
     </span>
    </p>

    <p class='ocr_par' dir='ltr' id='par_1_11' title="bbox 135 3677 1560 3868">
     <span class='ocr_line' id='line_1_32' title="bbox 215 3677 1560 3769; baseline -0.005 -18"><span class='ocrx_word' id='word_1_296' title='bbox 215 3689 245 3751; x_wconf 95' lang='grc'><strong>6.</strong></span> <span class='ocrx_word' id='word_1_297' title='bbox 274 3681 357 3746; x_wconf 87' lang='lat' dir='ltr'><strong>Item</strong></span> <span class='ocrx_word' id='word_1_298' title='bbox 386 3677 509 3746; x_wconf 89' lang='lat' dir='ltr'><strong>nullum</strong></span> <span class='ocrx_word' id='word_1_299' title='bbox 536 3681 758 3747; x_wconf 87' lang='lat' dir='ltr'><strong>universitatis</strong></span> <span class='ocrx_word' id='word_1_300' title='bbox 785 3683 990 3769; x_wconf 88' lang='lat' dir='ltr'><strong>suppositum</strong></span> <span class='ocrx_word' id='word_1_301' title='bbox 1019 3679 1139 3746; x_wconf 89' lang='lat' dir='ltr'><strong>alicubi</strong></span> <span class='ocrx_word' id='word_1_302' title='bbox 1165 3679 1277 3746; x_wconf 90' lang='lat' dir='ltr'><strong>ludum</strong></span> <span class='ocrx_word' id='word_1_303' title='bbox 1304 3689 1473 3762; x_wconf 85' lang='lat' dir='ltr'><strong>exerceat,</strong></span> <span class='ocrx_word' id='word_1_304' title='bbox 1499 3677 1560 3745; x_wconf 90' lang='lat' dir='ltr'><strong>sub</strong></span> 
     </span>
     <span class='ocr_line' id='line_1_33' title="bbox 135 3779 1126 3868; baseline -0.01 -18"><span class='ocrx_word' id='word_1_305' title='bbox 135 3803 239 3868; x_wconf 83' lang='lat' dir='ltr'><strong>poena</strong></span> <span class='ocrx_word' id='word_1_306' title='bbox 259 3781 356 3845; x_wconf 88' lang='lat' dir='ltr'><strong>unius</strong></span> <span class='ocrx_word' id='word_1_307' title='bbox 376 3779 528 3846; x_wconf 83' lang='lat' dir='ltr'><strong>floreni.⁴</strong></span> <span class='ocrx_word' id='word_1_308' title='bbox 1119 3809 1126 3814; x_wconf 93' lang='lat'>·</span> 
     </span>
    </p>

    <p class='ocr_par' dir='ltr' id='par_1_12' title="bbox 134 3877 1603 4166">
     <span class='ocr_line' id='line_1_34' title="bbox 215 3877 1561 3968; baseline -0.004 -22"><span class='ocrx_word' id='word_1_309' title='bbox 215 3887 244 3946; x_wconf 80' lang='lat'><strong>7.</strong></span> <span class='ocrx_word' id='word_1_310' title='bbox 271 3879 354 3944; x_wconf 91' lang='lat' dir='ltr'><strong>Item</strong></span> <span class='ocrx_word' id='word_1_311' title='bbox 375 3877 512 3966; x_wconf 89' lang='lat' dir='ltr'><strong>quilibet</strong></span> <span class='ocrx_word' id='word_1_312' title='bbox 533 3901 667 3944; x_wconf 89' lang='lat' dir='ltr'><strong>currens</strong></span> <span class='ocrx_word' id='word_1_313' title='bbox 688 3877 729 3944; x_wconf 90' lang='lat' dir='ltr'><strong>de</strong></span> <span class='ocrx_word' id='word_1_314' title='bbox 751 3889 844 3946; x_wconf 90' lang='lat' dir='ltr'><strong>noete</strong></span> <span class='ocrx_word' id='word_1_315' title='bbox 864 3890 938 3968; x_wconf 89' lang='lat' dir='ltr'><strong>post</strong></span> <span class='ocrx_word' id='word_1_316' title='bbox 959 3880 1089 3967; x_wconf 91' lang='lat' dir='ltr'><strong>pulsum</strong></span> <span class='ocrx_word' id='word_1_317' title='bbox 1110 3878 1163 3944; x_wconf 86' lang='lat' dir='ltr'><strong>vel</strong></span> <span class='ocrx_word' id='word_1_318' title='bbox 1185 3887 1260 3944; x_wconf 90' lang='lat' dir='ltr'><strong>ante</strong></span> <span class='ocrx_word' id='word_1_319' title='bbox 1281 3878 1390 3944; x_wconf 88' lang='lat' dir='ltr'><strong>velata</strong></span> <span class='ocrx_word' id='word_1_320' title='bbox 1405 3877 1490 3942; x_wconf 76' lang='lat' dir='ltr'><strong>facie</strong></span> <span class='ocrx_word' id='word_1_321' title='bbox 1505 3885 1561 3941; x_wconf 85' lang='lat' dir='ltr'><strong>aut</strong></span> 
     </span>
     <span class='ocr_line' id='line_1_35' title="bbox 136 3972 1560 4066; baseline -0.004 -20"><span class='ocrx_word' id='word_1_322' title='bbox 136 4003 205 4048; x_wconf 90' lang='lat' dir='ltr'><strong>cum</strong></span> <span class='ocrx_word' id='word_1_323' title='bbox 227 3980 345 4061; x_wconf 87' lang='lat' dir='ltr'><strong>armis,</strong></span> <span class='ocrx_word' id='word_1_324' title='bbox 375 3987 433 4044; x_wconf 90' lang='lat' dir='ltr'><strong>aut</strong></span> <span class='ocrx_word' id='word_1_325' title='bbox 455 3972 540 4064; x_wconf 74' lang='lat'><strong>[17¹³]</strong></span> <span class='ocrx_word' id='word_1_326' title='bbox 563 3979 723 4044; x_wconf 87' lang='lat' dir='ltr'><strong>suscitans</strong></span> <span class='ocrx_word' id='word_1_327' title='bbox 745 3979 903 4046; x_wconf 86' lang='lat' dir='ltr'><strong>clamores</strong></span> <span class='ocrx_word' id='word_1_328' title='bbox 923 3977 1111 4062; x_wconf 87' lang='lat' dir='ltr'><strong>horribiles,</strong></span> <span class='ocrx_word' id='word_1_329' title='bbox 1134 3981 1245 4044; x_wconf 84' lang='lat' dir='ltr'><strong>autin</strong></span> <span class='ocrx_word' id='word_1_330' title='bbox 1266 3977 1560 4066; x_wconf 86' lang='lat' dir='ltr'><strong>quocunquefore-</strong></span> 
     </span>
     <span class='ocr_line' id='line_1_36' title="bbox 134 4075 1603 4166; baseline -0.002 -22"><span class='ocrx_word' id='word_1_331' title='bbox 134 4081 219 4148; x_wconf 76' lang='lat' dir='ltr'><strong>facto</strong></span> <span class='ocrx_word' id='word_1_332' title='bbox 241 4075 465 4165; x_wconf 89' lang='lat' dir='ltr'><strong>deprehensus</strong></span> <span class='ocrx_word' id='word_1_333' title='bbox 484 4076 599 4158; x_wconf 84' lang='lat' dir='ltr'><strong>fuerit,</strong></span> <span class='ocrx_word' id='word_1_334' title='bbox 620 4077 655 4142; x_wconf 94' lang='lat' dir='ltr'><strong>in</strong></span> <span class='ocrx_word' id='word_1_335' title='bbox 675 4099 742 4143; x_wconf 85' lang='lat' dir='ltr'><strong>uua</strong></span> <span class='ocrx_word' id='word_1_336' title='bbox 762 4100 929 4165; x_wconf 84' lang='lat' dir='ltr'><strong>sexagena</strong></span> <span class='ocrx_word' id='word_1_337' title='bbox 948 4101 1036 4144; x_wconf 89' lang='lat' dir='ltr'><strong>nova</strong></span> <span class='ocrx_word' id='word_1_338' title='bbox 1055 4081 1218 4166; x_wconf 90' lang='lat' dir='ltr'><strong>puniatur.</strong></span> <span class='ocrx_word' id='word_1_339' title='bbox 1569 4083 1603 4141; x_wconf 81' lang='lat'><strong>³5</strong></span> 
     </span>
    </p>
   </div>
   <div class='ocr_carea' id='block_1_5' title="bbox 610 4229 1087 4310">
    <p class='ocr_par' dir='ltr' id='par_1_13' title="bbox 610 4229 1087 4310">
     <span class='ocr_line' id='line_1_37' title="bbox 610 4229 1087 4310; baseline 0.01 -17"><span class='ocrx_word' id='word_1_340' title='bbox 610 4229 680 4294; x_wconf 61' lang='grc' dir='ltr'><strong>19.ὅ</strong></span> <span class='ocrx_word' id='word_1_341' title='bbox 709 4247 779 4296; x_wconf 88' lang='lat' dir='ltr'><strong>Vom</strong></span> <span class='ocrx_word' id='word_1_342' title='bbox 797 4246 821 4297; x_wconf 91' lang='grc'><strong>4.</strong></span> <span class='ocrx_word' id='word_1_343' title='bbox 840 4247 995 4310; x_wconf 83' lang='lat' dir='ltr'><strong>September</strong></span> <span class='ocrx_word' id='word_1_344' title='bbox 1015 4247 1087 4298; x_wconf 86' lang='grc'><strong>1466.</strong></span> 
     </span>
    </p>
   </div>
   <div class='ocr_carea' id='block_1_6' title="bbox 134 4331 1561 4546">
    <p class='ocr_par' dir='ltr' id='par_1_14' title="bbox 134 4331 1561 4546">
     <span class='ocr_line' id='line_1_38' title="bbox 218 4331 1560 4446; baseline 0 -22"><span class='ocrx_word' id='word_1_345' title='bbox 218 4358 317 4434; x_wconf 84' lang='lat' dir='ltr'><strong>Anno</strong></span> <span class='ocrx_word' id='word_1_346' title='bbox 355 4355 479 4423; x_wconf 88' lang='lat' dir='ltr'><strong>domiui</strong></span> <span class='ocrx_word' id='word_1_347' title='bbox 505 4331 677 4424; x_wconf 84' lang='lat' dir='ltr'><strong>millesimo</strong></span> <span class='ocrx_word' id='word_1_348' title='bbox 708 4359 1027 4446; x_wconf 81' lang='lat' dir='ltr'><strong>quadringentesimo</strong></span> <span class='ocrx_word' id='word_1_349' title='bbox 1055 4359 1371 4446; x_wconf 70' lang='lat' dir='ltr'><strong>sexagesimorum,</strong></span> <span class='ocrx_word' id='word_1_350' title='bbox 1400 4359 1455 4424; x_wconf 89' lang='lat' dir='ltr'><strong>die</strong></span> <span class='ocrx_word' id='word_1_351' title='bbox 1481 4380 1560 4424; x_wconf 88' lang='lat' dir='ltr'><strong>vero</strong></span> 
     </span>
     <span class='ocr_line' id='line_1_39' title="bbox 134 4455 1561 4546; baseline -0.001 -21"><span class='ocrx_word' id='word_1_352' title='bbox 134 4457 219 4526; x_wconf 83' lang='lat' dir='ltr'><strong>Iovis</strong></span> <span class='ocrx_word' id='word_1_353' title='bbox 242 4465 362 4542; x_wconf 88' lang='lat' dir='ltr'><strong>quarta</strong></span> <span class='ocrx_word' id='word_1_354' title='bbox 382 4457 504 4520; x_wconf 87' lang='lat' dir='ltr'><strong>mensis</strong></span> <span class='ocrx_word' id='word_1_355' title='bbox 523 4455 736 4545; x_wconf 86' lang='lat' dir='ltr'><strong>Septembris,</strong></span> <span class='ocrx_word' id='word_1_356' title='bbox 757 4461 792 4524; x_wconf 91' lang='lat' dir='ltr'><strong>in</strong></span> <span class='ocrx_word' id='word_1_357' title='bbox 812 4458 958 4546; x_wconf 83' lang='lat' dir='ltr'><strong>generali</strong></span> <span class='ocrx_word' id='word_1_358' title='bbox 978 4460 1215 4526; x_wconf 85' lang='lat' dir='ltr'><strong>couvocacione</strong></span> <span class='ocrx_word' id='word_1_359' title='bbox 1235 4460 1468 4540; x_wconf 87' lang='lat' dir='ltr'><strong>universitatis,</strong></span> <span class='ocrx_word' id='word_1_360' title='bbox 1490 4479 1561 4546; x_wconf 87' lang='lat' dir='ltr'><strong>spe·</strong></span> 
     </span>
    </p>
   </div>
   <div class='ocr_carea' id='block_1_7' title="bbox 134 4669 1562 5156">
    <p class='ocr_par' dir='ltr' id='par_1_15' title="bbox 201 4669 538 4739">
     <span class='ocr_line' id='line_1_40' title="bbox 201 4669 538 4739; baseline -0.009 -11"><span class='ocrx_word' id='word_1_361' title='bbox 201 4679 212 4728; x_wconf 89' lang='lat' dir='ltr'><strong>l</strong></span> <span class='ocrx_word' id='word_1_362' title='bbox 234 4673 291 4730; x_wconf 84' lang='lat' dir='ltr'><strong>Am</strong></span> <span class='ocrx_word' id='word_1_363' title='bbox 309 4670 409 4726; x_wconf 77' lang='lat' dir='ltr'><strong>Raude</strong></span> <span class='ocrx_word' id='word_1_364' title='bbox 427 4669 538 4739; x_wconf 60' lang='lat' dir='ltr'><strong>bomar.</strong></span> 
     </span>
    </p>

    <p class='ocr_par' dir='ltr' id='par_1_16' title="bbox 201 4753 1448 4826">
     <span class='ocr_line' id='line_1_41' title="bbox 201 4753 1448 4826; baseline -0.005 -13"><span class='ocrx_word' id='word_1_365' title='bbox 201 4763 217 4813; x_wconf 78' lang='lat'>2</span> <span class='ocrx_word' id='word_1_366' title='bbox 234 4756 298 4812; x_wconf 84' lang='lat' dir='ltr'><strong>Das</strong></span> <span class='ocrx_word' id='word_1_367' title='bbox 315 4753 443 4825; x_wconf 82' lang='lat' dir='ltr'><strong>Original</strong></span> <span class='ocrx_word' id='word_1_368' title='bbox 460 4753 510 4810; x_wconf 87' lang='lat' dir='ltr'><strong>hat</strong></span> <span class='ocrx_word' id='word_1_369' title='bbox 524 4761 635 4826; x_wconf 82' lang='lat' dir='ltr'><strong>portes,</strong></span> <span class='ocrx_word' id='word_1_370' title='bbox 652 4771 709 4810; x_wconf 78' lang='lat' dir='ltr'><strong>was</strong></span> <span class='ocrx_word' id='word_1_371' title='bbox 726 4755 799 4812; x_wconf 83' lang='lat' dir='ltr'><strong>auch</strong></span> <span class='ocrx_word' id='word_1_372' title='bbox 817 4757 862 4814; x_wconf 84' lang='lat' dir='ltr'><strong>dle</strong></span> <span class='ocrx_word' id='word_1_373' title='bbox 880 4753 1026 4812; x_wconf 81' lang='lat' dir='ltr'><strong>Abschrift</strong></span> <span class='ocrx_word' id='word_1_374' title='bbox 1043 4772 1099 4810; x_wconf 83' lang='lat' dir='ltr'><strong>von</strong></span> <span class='ocrx_word' id='word_1_375' title='bbox 1118 4761 1182 4812; x_wconf 78' lang='lat'><strong>1500</strong></span> <span class='ocrx_word' id='word_1_376' title='bbox 1200 4753 1374 4810; x_wconf 85' lang='lat' dir='ltr'><strong>beibehahcn</strong></span> <span class='ocrx_word' id='word_1_377' title='bbox 1390 4753 1448 4810; x_wconf 79' lang='lat' dir='ltr'><strong>hat</strong></span> 
     </span>
    </p>

    <p class='ocr_par' dir='ltr' id='par_1_17' title="bbox 134 4835 1562 5077">
     <span class='ocr_line' id='line_1_42' title="bbox 199 4835 1562 4912; baseline -0.004 -16"><span class='ocrx_word' id='word_1_378' title='bbox 199 4845 215 4896; x_wconf 82' lang='grc'>3</span> <span class='ocrx_word' id='word_1_379' title='bbox 234 4839 278 4894; x_wconf 91' lang='lat' dir='ltr'><strong>Im</strong></span> <span class='ocrx_word' id='word_1_380' title='bbox 297 4837 425 4912; x_wconf 82' lang='lat' dir='ltr'><strong>Original</strong></span> <span class='ocrx_word' id='word_1_381' title='bbox 442 4835 516 4892; x_wconf 86' lang='lat' dir='ltr'><strong>steht</strong></span> <span class='ocrx_word' id='word_1_382' title='bbox 532 4855 582 4893; x_wconf 82' lang='lat' dir='ltr'><strong>vor</strong></span> <span class='ocrx_word' id='word_1_383' title='bbox 599 4839 641 4892; x_wconf 77' lang='lat' dir='ltr'><strong>bs&#39;a</strong></span> <span class='ocrx_word' id='word_1_384' title='bbox 657 4837 730 4893; x_wconf 87' lang='lat' dir='ltr'><strong>noch</strong></span> <span class='ocrx_word' id='word_1_385' title='bbox 747 4842 781 4909; x_wconf 79' lang='lat' dir='ltr'><strong>si,</strong></span> <span class='ocrx_word' id='word_1_386' title='bbox 801 4840 858 4895; x_wconf 90' lang='lat' dir='ltr'><strong>und</strong></span> <span class='ocrx_word' id='word_1_387' title='bbox 874 4844 968 4912; x_wconf 73' lang='lat' dir='ltr'><strong>spiter</strong></span> <span class='ocrx_word' id='word_1_388' title='bbox 980 4847 1077 4912; x_wconf 83' lang='lat' dir='ltr'><strong>portes</strong></span> <span class='ocrx_word' id='word_1_389' title='bbox 1089 4845 1158 4894; x_wconf 86' lang='lat' dir='ltr'><strong>statt</strong></span> <span class='ocrx_word' id='word_1_390' title='bbox 1172 4847 1309 4910; x_wconf 77' lang='lat' dir='ltr'><strong>parentes.</strong></span> <span class='ocrx_word' id='word_1_391' title='bbox 1338 4837 1424 4892; x_wconf 90' lang='lat' dir='ltr'><strong>Beide</strong></span> <span class='ocrx_word' id='word_1_392' title='bbox 1436 4835 1562 4892; x_wconf 85' lang='lat' dir='ltr'><strong>Sohreib-</strong></span> 
     </span>
     <span class='ocr_line' id='line_1_43' title="bbox 134 4919 1560 4996; baseline -0.002 -19"><span class='ocrx_word' id='word_1_393' title='bbox 134 4923 221 4980; x_wconf 85' lang='lat' dir='ltr'><strong>fchler</strong></span> <span class='ocrx_word' id='word_1_394' title='bbox 238 4924 345 4996; x_wconf 80' lang='lat' dir='ltr'><strong>gingen</strong></span> <span class='ocrx_word' id='word_1_395' title='bbox 363 4919 436 4978; x_wconf 87' lang='lat' dir='ltr'><strong>auch</strong></span> <span class='ocrx_word' id='word_1_396' title='bbox 453 4921 483 4975; x_wconf 89' lang='lat' dir='ltr'><strong>in</strong></span> <span class='ocrx_word' id='word_1_397' title='bbox 499 4921 545 4976; x_wconf 91' lang='lat' dir='ltr'><strong>die</strong></span> <span class='ocrx_word' id='word_1_398' title='bbox 556 4921 712 4977; x_wconf 84' lang='lat' dir='ltr'><strong>Redaction</strong></span> <span class='ocrx_word' id='word_1_399' title='bbox 722 4923 772 4977; x_wconf 89' lang='lat' dir='ltr'><strong>der</strong></span> <span class='ocrx_word' id='word_1_400' title='bbox 783 4923 913 4980; x_wconf 85' lang='lat' dir='ltr'><strong>Statuteu</strong></span> <span class='ocrx_word' id='word_1_401' title='bbox 925 4941 980 4980; x_wconf 82' lang='lat' dir='ltr'><strong>ron</strong></span> <span class='ocrx_word' id='word_1_402' title='bbox 995 4927 1057 4979; x_wconf 82' lang='lat'>1500</span> <span class='ocrx_word' id='word_1_403' title='bbox 1070 4923 1151 4992; x_wconf 87' lang='lat' dir='ltr'><strong>iiber,</strong></span> <span class='ocrx_word' id='word_1_404' title='bbox 1168 4923 1225 4978; x_wconf 91' lang='lat' dir='ltr'><strong>und</strong></span> <span class='ocrx_word' id='word_1_405' title='bbox 1242 4939 1295 4976; x_wconf 91' lang='lat' dir='ltr'><strong>nur</strong></span> <span class='ocrx_word' id='word_1_406' title='bbox 1312 4922 1361 4976; x_wconf 90' lang='lat' dir='ltr'><strong>der</strong></span> <span class='ocrx_word' id='word_1_407' title='bbox 1373 4925 1472 4976; x_wconf 75' lang='lat' dir='ltr'><strong>cratere</strong></span> <span class='ocrx_word' id='word_1_408' title='bbox 1484 4919 1560 4974; x_wconf 78' lang='lat' dir='ltr'><strong>ward</strong></span> 
     </span>
     <span class='ocr_line' id='line_1_44' title="bbox 135 5003 788 5077; baseline -0.005 -13"><span class='ocrx_word' id='word_1_409' title='bbox 135 5009 163 5063; x_wconf 90' lang='lat' dir='ltr'><strong>in</strong></span> <span class='ocrx_word' id='word_1_410' title='bbox 179 5007 269 5064; x_wconf 87' lang='lat' dir='ltr'><strong>dieser</strong></span> <span class='ocrx_word' id='word_1_411' title='bbox 286 5009 381 5077; x_wconf 81' lang='lat' dir='ltr'><strong>spttter</strong></span> <span class='ocrx_word' id='word_1_412' title='bbox 398 5003 486 5060; x_wconf 87' lang='lat' dir='ltr'><strong>durch</strong></span> <span class='ocrx_word' id='word_1_413' title='bbox 503 5003 640 5061; x_wconf 85' lang='lat' dir='ltr'><strong>Radiercn</strong></span> <span class='ocrx_word' id='word_1_414' title='bbox 658 5005 788 5062; x_wconf 79' lang='lat' dir='ltr'><strong>sutfernt.</strong></span> 
     </span>
    </p>

    <p class='ocr_par' dir='ltr' id='par_1_18' title="bbox 199 5087 1408 5156">
     <span class='ocr_line' id='line_1_45' title="bbox 199 5087 1408 5156; baseline -0.004 -9"><span class='ocrx_word' id='word_1_415' title='bbox 199 5098 217 5147; x_wconf 85' lang='grc'><strong>4</strong></span> <span class='ocrx_word' id='word_1_416' title='bbox 234 5089 379 5146; x_wconf 82' lang='lat' dir='ltr'><strong>Hiernach</strong></span> <span class='ocrx_word' id='word_1_417' title='bbox 396 5088 458 5144; x_wconf 86' lang='lat' dir='ltr'><strong>sind</strong></span> <span class='ocrx_word' id='word_1_418' title='bbox 477 5088 643 5146; x_wconf 81' lang='lat' dir='ltr'><strong>auderthalb</strong></span> <span class='ocrx_word' id='word_1_419' title='bbox 660 5089 755 5147; x_wconf 84' lang='lat' dir='ltr'><strong>Zeilen</strong></span> <span class='ocrx_word' id='word_1_420' title='bbox 771 5091 934 5148; x_wconf 74' lang='lat' dir='ltr'><strong>amadisrt</strong></span> <span class='ocrx_word' id='word_1_421' title='bbox 1071 5095 1087 5145; x_wconf 80' lang='lat'><strong>5</strong></span> <span class='ocrx_word' id='word_1_422' title='bbox 1106 5089 1161 5144; x_wconf 80' lang='lat' dir='ltr'><strong>Am</strong></span> <span class='ocrx_word' id='word_1_423' title='bbox 1180 5087 1279 5144; x_wconf 84' lang='lat' dir='ltr'><strong>Raude</strong></span> <span class='ocrx_word' id='word_1_424' title='bbox 1293 5087 1408 5156; x_wconf 66' lang='lat' dir='ltr'><strong>bosam·</strong></span> 
     </span>
    </p>
   </div>
   <div class='ocr_carea' id='block_1_8' title="bbox 0 0 1904 6060">
    <p class='ocr_par' dir='ltr' id='par_1_19' title="bbox 0 0 1904 6060">
     <span class='ocr_line' id='line_1_46' title="bbox 0 0 1904 6060; baseline 0 0"><span class='ocrx_word' id='word_1_425' title='bbox 0 0 1904 6060; x_wconf 95' lang='lat' dir='ltr'><strong> </strong></span> 
     </span>
    </p>
   </div>
  </div>
 </body>
</html>
