3794 6066
642 486 697 524 ron
718 473 826 535 Herzog
842 470 939 522 ltcrttz
958 471 1086 533 beafittgt.

707 657 872 709 statutum
888 655 974 706 XVII.

741 807 788 854 DE
810 805 966 856 VESTl'l'U.

228 922 365 988 Veteres
384 923 416 986 in
430 922 552 988 maiore
563 924 725 1008 gravitate
739 933 771 988 et
782 922 913 989 licentia
924 921 1012 985 vitae
1026 921 1158 1002 minore,
1181 941 1253 984 eum
1267 919 1412 984 homines
1424 917 1562 1004 ineptire

139 1023 176 1086 in
205 1022 327 1086 vestitu
354 1021 548 1108 inciperent,
583 1031 672 1088 certa
699 1045 821 1109 genera
848 1021 1027 1086 indecentis
1062 1028 1195 1084 ornatus
1223 1017 1465 1106 prohibuerunt
1525 1015 1564 1080 ld

138 1120 204 1187 boo
232 1131 380 1208 tempore
406 1122 440 1186 in
467 1129 558 1187 tanta
587 1123 744 1188 varietate
772 1121 858 1188 illins
883 1120 955 1186 fieri
982 1141 1079 1207 posse
1098 1141 1164 1185 non
1185 1118 1379 1206 putavimus.
1433 1117 1585 1182 Placuitt

138 1221 242 1306 igitur
264 1219 306 1284 de
327 1221 388 1286 hac
406 1243 442 1286 re
462 1222 497 1286 in
517 1243 636 1308 genere
655 1222 717 1287 hoc
738 1222 880 1304 edicere,
908 1229 944 1286 ut
964 1240 1074 1285 omnes
1097 1217 1219 1284 subditi
1239 1218 1443 1284 universitati
1468 1214 1559 1282 seho-

119 1320 277 1386 ·lasticae
311 1319 495 1388 indecorum
530 1323 683 1388 vestitum
711 1322 874 1410 fugerent,
906 1341 947 1384 ne
973 1318 1037 1384 illis
1065 1319 1163 1384 curtis
1185 1317 1301 1404 tegulis
1332 1321 1448 1405 (supra
1474 1337 1560 1402 genu

140 1419 384 1504 desinentibus,
406 1429 531 1488 tanturn
557 1423 654 1487 etiam
671 1422 706 1486 in
728 1420 878 1508 scapulas
900 1417 1040 1506 iniectis)
1062 1441 1143 1484 neve
1164 1417 1303 1483 diversis
1325 1415 1486 1483 coloribus
1506 1424 1563 1480 aut

139 1521 254 1585 scissis
284 1529 316 1585 et
336 1520 488 1586 seiunctis
510 1522 696 1588 deformiter
716 1520 861 1586 vestibus
882 1521 917 1585 in
938 1517 1067 1606 publico
1096 1528 1128 1583 et
1150 1518 1354 1604 conspicuis¹
1381 1525 1557 1596 uterentur,

138 1619 181 1685 de
202 1642 268 1707 quo
288 1618 416 1705 quidem
433 1619 505 1686 nil²
534 1623 596 1688 erit
616 1623 752 1688 rectoris
773 1620 948 1687 attentione
969 1617 1224 1697 animadversio,
1255 1617 1310 1704 qui
1338 1638 1397 1704 pro
1423 1614 1558 1681 arbitrio
1570 1624 1602 1678 10

143 1741 203 1784 suo
226 1716 291 1783 bac
311 1719 346 1784 in
366 1731 461 1806 parte
481 1742 554 1786 cum
585 1722 673 1786 vitiis
700 1719 831 1786 modum
859 1728 992 1799 statuet,
1020 1719 1075 1804 qui
1105 1719 1244 1804 optimus
1269 1717 1363 1782 lirerit
1384 1717 1484 1780 visus.
1523 1713 1561 1778 In

142 1817 197 1884 his
221 1826 333 1884 tamen
352 1817 489 1886 ducibus
510 1829 565 1887 aut
585 1819 764 1888 baronibus
784 1843 875 1886 suam
894 1819 1075 1884 libertatem
1096 1839 1159 1882 non
1180 1817 1381 1882 imminutam
1400 1814 1558 1881 volumus.

697 2023 867 2074 Ststctnrn
886 2021 984 2074 xvm.

745 2173 792 2219 DE
815 2171 957 2220 Anffll‘w.

222 2287 388 2368 Honores,
411 2285 600 2373 dignitates,
622 2289 803 2354 functiones
825 2286 972 2375 publicas
994 2285 1159 2352 doctrinae
1181 2295 1236 2350 aut
1257 2287 1431 2351 curationis
1453 2287 1602 2352 cuius-15

138 2389 189 2452 vis
218 2388 360 2474 itemque
391 2384 547 2453 beneficia
579 2397 611 2453 et
648 2390 795 2476 praemia
823 2388 1041 2473 cuiuscunque
1076 2385 1162 2450 modi
1191 2407 1284 2452 nemo
1315 2387 1373 2468 iis,
1404 2386 1459 2471 qui
1487 2407 1560 2450 eon·

137 2488 224 2552 ferre
247 2485 360 2566 solent,
382 2487 543 2575 corruptis
567 2499 622 2554 aut
644 2489 810 2574 persuasis
830 2486 881 2552 vel
901 2484 1071 2572 largiendo
1093 2485 1145 2550 vel
1158 2484 1375 2572 promittendo
1391 2485 1562 2572 optinere³

138 2586 288 2652 tentabit.
328 2584 394 2666 Qui
422 2585 535 2650 fecerit
566 2597 623 2654 aut
647 2588 802 2654 facientes
823 2585 985 2652 adiuverit
1004 2595 1062 2651 aut
1082 2608 1117 2650 se
1138 2585 1301 2672 corrumpi
1323 2586 1436 2651 siverit
1456 2586 1560 2650 sciens

139 2685 214 2752 dolo
237 2684 332 2768 malo,
352 2687 379 2751 is
400 2708 440 2750 ea
461 2709 567 2772 poena
585 2710 620 2752 se
643 2687 791 2753 affectum
812 2688 852 2753 iri
874 2710 894 2751 a
916 2685 1049 2752 consilio
1072 2685 1201 2773 publico
1219 2687 1311 2769 sciat,
1331 2707 1429 2773 quarn
1444 2682 1560 2750 delicto

140 2785 276 2872 dignam
297 2795 331 2852 et
352 2807 434 2868 eum,
457 2788 512 2874 qui
534 2786 719 2873 deliquerit,
741 2789 893 2855 meritum
915 2808 986 2852 esse
1008 2787 1164 2853 statuerit
1570 2792 1604 2848 20

722 2989 888 3042 statutum
904 2989 978 3040 XIX.

273 3137 322 3184 DE
344 3137 601 3188 Pusmcfflorts
622 3139 876 3204 IURISIURANDI,
898 3137 1172 3199 Quen-necron
1191 3139 1281 3186 nam
1298 3139 1421 3188 soher.

220 3253 271 3318 Ne
293 3253 367 3340 quis
387 3252 470 3318 forte
492 3256 550 3320 ex⁴
570 3255 775 3320 universitati
796 3263 928 3320 nostrae
951 3253 1103 3318 subiectis
1115 3255 1301 3338 ignorantia
1313 3255 1460 3341 praestiti
1475 3255 1559 3318 iura-

138 3353 239 3418 menti
260 3351 413 3418 delictum
435 3373 526 3418 suum
548 3354 684 3441 palliare
705 3356 807 3440 possit
825 3374 908 3419 neve
928 3354 1105 3439 periurium
1125 3361 1247 3418 temere
1271 3354 1433 3435 incurrat,
1455 3354 1559 3418 visum

138 3464 187 3518 est
205 3451 402 3536 laciendum,
421 3462 460 3518 ut
481 3455 605 3541 quoties
626 3463 747 3519 statuta
768 3455 981 3518 recitarentur
1001 3453 1096 3517 toties
1113 3461 1145 3515 et
1160 3453 1334 3518 iuramenti
1346 3453 1454 3518 forma
1465 3461 1600 3539 prae-25

135 3551 310 3639 legeretur,
333 3561 499 3640 quaeest,
520 3563 557 3618 ut
578 3555 739 3642 sequitur:
762 3549 886 3640 (Supra
907 3553 1058 3639 exposita
1077 3551 1174 3616 VIII⁰
1196 3573 1269 3640 cap.
1291 3553 1411 3638 prioris
1431 3549 1559 3639 partis.)

136 3651 210 3717 Hoc
235 3662 356 3734 tamen,
385 3674 425 3716 ne
454 3653 505 3716 eui
534 3652 669 3742 laqueus
698 3653 887 3740 simpliciori
915 3661 1072 3739 ponatur,
1103 3673 1234 3717 monere
1255 3655 1379 3736 visum,
1400 3675 1465 3718 non
1487 3673 1560 3739 per-

136 3753 254 3816 iurium
277 3749 415 3836 babere,
444 3753 499 3840 qui
521 3762 634 3820 contra
654 3762 809 3820 statutum
830 3752 931 3819 ullum
949 3752 1078 3833 lecerit,
1100 3752 1128 3815 si
1148 3751 1235 3816 illius
1258 3761 1367 3817 tamen
1387 3753 1485 3818 iussis
1505 3752 1558 3818 vel

135 3852 170 3916 in
191 3849 348 3916 solvendo
370 3851 522 3918 mulctam
542 3853 594 3918 vel
616 3875 754 3940 poenam
777 3850 958 3918 sufferendo
987 3852 1146 3940 paruerit,
1175 3852 1239 3918 nisi
1264 3852 1347 3917 forte
1376 3875 1483 3940 poena
1504 3851 1561 3916 illa

137 3951 272 4036 periurii
292 3951 438 4039 ascripta
459 3952 510 4016 sit
550 3953 644 4018 Tunc
665 3953 750 4018 enirn
772 3963 867 4036 certe,
888 3955 944 4040 qui
963 3963 1077 4019 contra
1096 3949 1178 4016 illud
1201 3950 1387 4039 deliquerit,
1409 3954 1601 4039 periurusto

138 4051 251 4116 meritc
272 4048 454 4116 habebitur.

727 4220 900 4272 Statutnm
917 4221 976 4270 XX.

490 4368 536 4416 DE
556 4368 629 4416 NON
649 4369 839 4418 necemus
859 4369 896 4418 nt
916 4368 1007 4418 ΔῙιΒΟ
1029 4366 1208 4418 scurcula.

217 4483 322 4548 Nemo
345 4483 566 4550 universitatis
590 4495 721 4551 nostrae
746 4485 880 4551 dictioni
908 4485 1094 4572 suppositus
1121 4483 1207 4548 ultra
1238 4506 1380 4550 mensem
1406 4485 1494 4574 apud
1524 4507 1558 4549 se

141 4583 277 4672 aliquem
303 4592 495 4648 extraneum
523 4587 655 4652 cuiusve
681 4607 800 4652 nomen
824 4608 889 4650 non
910 4607 930 4649 a
949 4593 1075 4649 rectore
1096 4595 1263 4670 receptum
1282 4593 1314 4649 et
1335 4587 1396 4651 rite
1416 4587 1451 4651 in
1470 4583 1599 4650 itliusss

248 4888 259 4938 l
278 4881 319 4938 Es
336 4879 407 4936 fehlt
423 4882 493 4939 wohl
511 4883 589 4939 locis.

247 4971 263 5024 2
281 4965 320 5022 So
338 4965 412 5022 steht
427 4966 613 5040 gcscbrieben.

248 5055 263 5106 3
281 5049 468 5108 GeselrrIeben
484 5049 557 5106 etebt
573 5051 709 5122 opinione

248 5141 314 5192 sse
333 5133 416 5204 fehlt,
434 5135 573 5193 vielleieht
589 5136 627 5191 ist
642 5153 678 5190 zu
695 5135 769 5192 lesen
788 5135 929 5204 mtjwm
