3794 6066
715 417 835 468 Libellus
851 414 1009 468 summaria
1512 415 1569 480 l23

196 603 243 666 81.
273 615 447 664 mrum
468 613 743 666 recrescentes
763 616 810 664 DE
834 617 879 664 ET
902 617 1011 664 SUPER
1033 614 1347 664 REGONCILlATlONE
1369 613 1529 664 ALIOUIUS

699 715 847 764 EXOLUSI
866 716 1017 764 DANDAE.

235 845 409 912 Universis
444 855 476 910 et
506 846 643 932 singulis
672 855 803 912 sanctae
830 848 945 913 matris
974 848 1129 914 ecclesiae
1156 847 1231 913 filiis
1258 856 1317 911 etc.
1346 868 1406 910 nos
1435 845 1481 913 Ν.
1511 855 1570 909 etc.

156 955 258 1011 rector
281 967 356 1010 cum
369 945 625 1032 subscriptomm
636 947 752 1012 notitia
767 948 925 1013 sinceram
937 949 972 1012 in
987 948 1116 1013 domino
1130 947 1330 1012 charitatem.
1366 945 1448 1011 Cum
1466 944 1570 1010 omnis

157 1053 242 1110 aetas
269 1043 313 1109 ab
345 1044 562 1111 adolescentia
588 1045 631 1110 ad
658 1045 777 1111 malum
801 1048 949 1134 apprime
973 1049 1015 1112 sit
1033 1071 1152 1136 prona,
1181 1047 1321 1133 quodam
1343 1045 1439 1110 etiam
1463 1045 1596 1132 perui-5

156 1146 234 1209 tioso
255 1145 450 1232 praecipitio
471 1145 592 1210 irretiri
611 1145 771 1228 videatur,
796 1169 932 1234 aequum
955 1144 1039 1236 [36¹³]
1062 1149 1130 1213 fore
1150 1146 1336 1228 dinoscitur,
1356 1154 1392 1209 ut
1413 1143 1569 1209 adhiben-

157 1243 214 1309 dae
236 1242 570 1330 constringendoeque
593 1245 658 1310 sint
678 1245 843 1328 habenae,
874 1247 990 1335 quibus
1012 1247 1237 1312 effrenatorum
1260 1244 1441 1312 truculenta
1461 1243 1570 1309 rabies

160 1343 341 1410 edometur:
364 1345 392 1408 si
414 1345 469 1432 qui
489 1365 567 1409 vero
590 1365 733 1410 errorem
754 1367 867 1411 eorum
888 1348 1143 1432 recognoverint,
1165 1355 1203 1410 ut
1226 1343 1348 1410 eisdem
1370 1346 1477 1428 gratia
1496 1342 1570 1430 plus

157 1443 246 1509 solito
274 1441 417 1530 benigne
442 1436 658 1531 impartiatur.
701 1445 786 1511 Sane
808 1467 880 1510 cum
903 1445 1061 1511 discretus
1085 1447 1131 1512 .N.
1154 1445 1289 1510 decurso
1311 1445 1441 1508 triennii
1463 1443 1569 1530 spatio

157 1543 196 1610 ob
215 1541 377 1630 quendam
398 1565 561 1608 enormem
582 1565 752 1610 excessum
774 1553 807 1610 et
827 1548 1066 1629 contumatiam,
1088 1547 1121 1612 in
1143 1546 1355 1610 universitate
1370 1553 1482 1610 nostra
1496 1550 1612 1630 per-10

157 1653 314 1730 petratos,
341 1665 362 1706 a
391 1644 554 1708 consortio
580 1643 775 1709 studentium
804 1655 900 1733 atque
930 1647 1171 1735 suppositorum
1199 1645 1296 1710 fuerit
1321 1642 1489 1724 exclusus,
1516 1643 1571 1729 qui

156 1765 225 1808 cum
251 1763 324 1808 sese
352 1740 527 1831 deliquisse
546 1753 765 1830 cognosceret,
794 1745 837 1810 ad
863 1744 998 1810 eandem
1024 1745 1143 1810 almam
1163 1745 1404 1810 universitatem
1424 1752 1568 1808 nostram

156 1842 312 1929 confugit,
339 1841 590 1927 vigilantissime
616 1865 676 1929 pro
696 1845 746 1908 sui
766 1845 1027 1911 reconciliatione
1048 1842 1212 1928 enitendo,
1239 1867 1299 1910 nos
1319 1865 1415 1925 vero,
1445 1841 1568 1908 crebris

156 1944 218 2008 suis
249 1941 461 2030 petitionibus
489 1943 662 2028 permoniti
691 1943 911 2034 instantiaque
938 1945 1088 2030 gravitnn
1108 1945 1254 2010 virorum
1275 1966 1336 2031 pro
1361 1943 1463 2029 ipsius
1485 1942 1569 2006 rein·

155 2042 377 2130 corporatione
395 2040 614 2108 laborantium
635 2041 767 2126 inducti,
789 2043 841 2110 die
860 2044 985 2122 Martis,
1006 2066 1090 2129 quae
1109 2044 1170 2109 fuit
1191 2044 1261 2110 dies
1279 2050 1320 2112 3·
1341 2041 1404 2122 (vel
1428 2048 1473 2108 42⁵
1494 2047 1611 2117 etc.)15

154 2141 290 2228 Aprilis,
313 2139 460 2206 inclitum
481 2149 607 2206 coetum
626 2143 856 2228 magistrorum
877 2143 1082 2230 saepedictae
1102 2143 1323 2209 universitatis
1343 2152 1475 2207 nostrae
1497 2161 1571 2218 con-

154 2241 262 2307 vocari
281 2240 418 2306 fecimus
425 2289 434 2324 ,
462 2240 665 2307 affectionem
692 2244 831 2328 praefati
854 2245 901 2308 .N.
923 2243 1045 2309 eisdem
1068 2241 1294 2331 proponendo:
1322 2243 1393 2328 qui,
1423 2242 1569 2330 pensatis

155 2363 269 2408 causae
290 2341 433 2424 meritis,
454 2339 497 2407 ob
517 2362 614 2426 quam
635 2339 677 2406 ab
699 2343 909 2408 universitate
929 2353 1043 2408 nostra
1062 2345 1217 2408 asseritur
1238 2341 1405 2422 exclusus,
1426 2341 1491 2426 ipsi
1512 2339 1571 2403 mi·

154 2439 363 2506 sericcrdiam
389 2441 630 2528 impartientes,
659 2442 693 2506 in
713 2451 745 2506 et
766 2442 809 2506 ad
830 2444 1028 2508 consortium
1051 2441 1294 2528 suppositorum
1319 2449 1501 2506 nostrorum
1522 2439 1570 2524 ip·

154 2563 221 2606 sum
241 2540 384 2624 benigne
403 2549 693 2626 reassumpserunt
736 2539 789 2606 Ob
810 2541 845 2606 id
865 2542 959 2608 nobis
982 2541 1158 2608 humillime
1180 2539 1359 2628 supplicat,
1379 2549 1416 2603 ut
1435 2538 1496 2604 sibi
1518 2545 1612 2603 subo

154 2663 209 2726 per
236 2638 425 2706 huiusmodi
454 2639 716 2705 reconciliatione
746 2663 805 2706 sua
832 2641 957 2708 litteras
981 2643 1041 2709 sub
1063 2641 1169 2727 sigillo
1191 2641 1293 2706 nostri
1314 2648 1494 2704 rectoratus
1518 2637 1571 2701 de-

154 2762 283 2806 cernere
311 2739 529 2826 dignaremur.
569 2739 638 2804 Nos
664 2741 775 2829 itaque
804 2742 956 2829 precibus
979 2744 1048 2808 eius
1072 2749 1122 2818 (nt
1143 2740 1264 2812 decuit)
1286 2737 1449 2821 inclinati,
1478 2759 1571 2825 prae·

154 2838 297 2904 sentibus
319 2840 441 2904 nostris
461 2838 648 2926 patentibus
668 2839 784 2906 litteris
796 2845 1068 2928 recognoscimus,
1090 2841 1272 2929 praefatum
1288 2841 1335 2906 .N.
1351 2837 1572 2904 univcrsitatis

152 2933 331 3005 membrum
358 2936 569 3024 benegratum
597 2938 794 3027 collegioque
824 2941 1084 3028 congregationis
1109 2949 1241 3006 noemae
1269 2947 1302 3004 et
1329 2939 1571 3026 suppositorum

153 3047 338 3104 nostrorum
366 3037 529 3102 consortio
555 3059 660 3125 nuper
687 3036 739 3126 [37
746 3037 772 3128 ⁸]
798 3042 942 3126 gratiose
967 3041 1068 3106 fuisse
1093 3040 1380 3126 reincorporatum
1420 3037 1460 3102 In
1481 3036 1613 3100 cuius25

154 3140 200 3204 rei
224 3136 344 3220 fidem,
372 3135 474 3202 robur
501 3158 541 3202 ac
568 3138 700 3204 evidens
730 3140 949 3206 testimonium
978 3147 1166 3226 praesentes
1189 3149 1318 3204 nostras
1338 3135 1571 3202 testimoniales

154 3236 275 3302 litteras
302 3245 484 3302 rectoratus
510 3239 613 3303 nostri
643 3237 742 3324 sigilli
771 3238 1033 3325 subappensione
1061 3239 1195 3304 fecimus
1225 3237 1413 3304 conmuniri.
1461 3235 1571 3301 Datne

154 3336 279 3424 Lipczk
300 3357 387 3401 anno
408 3345 465 3402 etc

217 3540 267 3604 82·
299 3550 473 3602 LITTERAE
496 3553 771 3604 TESTIMONIALES
793 3555 839 3604 DE
861 3555 1049 3605 LAUDABILI
1071 3553 1195 3602 EORUM
1217 3551 1501 3602 CONVEBSATIONE

457 3653 504 3700 ET
524 3653 805 3704 accenseamus
826 3657 862 3702 IN
884 3654 1031 3702 termus
1053 3653 1263 3702 ADEPTIONE.
1579 3642 1614 3699 ³0

232 3784 405 3851 Universis
429 3793 489 3850 etc.
531 3785 599 3852 Nos
623 3787 670 3850 .N.
692 3795 751 3852 etc.
772 3797 878 3854 rector
903 3785 1033 3874 publice
1060 3787 1323 3872 recognoscimus
1350 3783 1466 3850 harum
1487 3783 1569 3848 serie

154 3885 348 3965 litterarum,
371 3883 545 3952 discretum
567 3909 606 3951 ac
627 3885 780 3952 dilectum
800 3886 895 3952 nobis
918 3886 965 3952 .N.
988 3885 1028 3952 dc
1050 3887 1096 3952 .N.
1119 3885 1263 3951 eiusdem
1289 3894 1420 3950 nostrae
1443 3885 1569 3950 univer·

155 3986 256 4050 sitatis
278 3983 461 4051 membrum
480 4007 552 4050 esse
572 3995 701 4072 gratum
722 4009 761 4051 ac
781 3986 1030 4068 benemeritum,
1054 3987 1225 4073 ipsumque
1252 3987 1286 4048 in
1306 3983 1421 4049 eadem
1443 3987 1570 4048 univer-

155 4087 247 4150 sitate
267 4093 381 4149 nostra
402 4091 515 4170 (prout
535 4107 633 4173 super
645 4085 707 4150 boc
722 4085 892 4150 sufficienti
906 4095 938 4150 et
951 4083 1069 4150 idoneo
1092 4095 1123 4150 et
1141 4087 1307 4172 signanter
1328 4085 1567 4170 magistrorum,

154 4208 222 4250 cum
244 4182 363 4271 quibus
384 4193 595 4250 conversatus
617 4194 676 4267 est,
698 4185 881 4250 testimonio
900 4184 1076 4261 informati)
1098 4208 1156 4271 per
1178 4185 1350 4249 triennium
1368 4181 1612 4249 scholasticisat

155 4283 338 4373 disciplinis
372 4282 545 4369 diligenter
577 4282 770 4367 intendisse,
806 4283 1124 4371 baccslariatumqne
1153 4285 1187 4348 in
1217 4283 1357 4364 eisdem,
1390 4283 1571 4370 praemisso

154 4385 299 4470 rigoroso
329 4384 493 4464 examine,
522 4393 704 4450 assecutum
732 4385 887 4468 iuxtaque
915 4405 992 4448 snae
1014 4384 1131 4449 aetatis
1153 4384 1351 4469 exigentiam
1373 4381 1571 4448 dehoneste

154 4482 408 4564 conversatione,
430 4481 600 4569 diligentia
620 4483 717 4549 studii
739 4493 835 4570 atque
856 4505 981 4548 morum
1004 4484 1170 4564 comitate,
1194 4504 1274 4568 erga
1294 4505 1329 4548 se
1349 4503 1388 4546 ac
1411 4481 1493 4548 alios
1515 4481 1570 4546 ha-

153 4582 297 4648 bitudine
330 4579 487 4647 laudabili
519 4582 740 4669 multipliciter
771 4580 1040 4648 commendatum.
1088 4579 1199 4661 Quare
1232 4604 1304 4646 cum
1334 4580 1449 4646 deceat
1476 4579 1572 4646 fidele

153 4681 323 4770 perbibere
343 4681 472 4746 veritati
493 4684 727 4765 testimonium,
756 4703 866 4748 omnes
888 4691 919 4747 et
942 4681 1100 4769 singulos,
1132 4679 1175 4745 ad
1204 4704 1285 4768 quos
1306 4690 1436 4746 nostrae
1457 4691 1612 4766 parve-40

153 4784 256 4846 nerint
273 4779 415 4863 litterae,
442 4781 646 4848 charitativis
667 4782 877 4848 exhortamur
899 4781 1085 4863 affectibus,
1114 4791 1272 4868 quatenus
1293 4779 1398 4846 eidem
1419 4779 1483 4860 .N.,
1511 4800 1571 4864 per

153 4905 209 4947 nos
230 4884 292 4963 sic,
315 4889 353 4944 ut
373 4883 605 4966 praemittitur,
628 4881 864 4964 commendato,
892 4880 1100 4968 supradictae
1121 4891 1252 4946 nostrae
1273 4876 1357 4967 [37¹¹]
1379 4878 1571 4942 universita-

153 4983 192 5048 tis
213 4981 332 5046 intuitu
353 4978 606 5046 benivolentiam
627 4980 922 5069 beneficiorumque
943 4981 1121 5046 munimina
1152 4983 1219 5045 suis
1241 4977 1439 5066 profectibus
1463 4999 1569 5043 como·

155 5079 232 5147 dosa
257 5081 426 5148 sinceriter
451 5081 640 5169 impendere
667 5080 768 5146 velint
794 5091 826 5146 et
855 5079 1017 5146 exhibere.
1069 5077 1164 5159 Quod
1197 5101 1277 5165 erga
1312 5098 1571 5167 unumquemque
