3748 6070
590 463 642 516 Dte
662 463 782 516 Statnten
798 477 862 518 rom
878 463 961 518 lubre
980 463 1055 518 1558.
1476 469 1538 532 277

103 649 144 716 Et
162 649 229 716 hoc
254 669 319 737 quo
340 647 383 714 ad
404 648 577 734 magistros
600 653 804 734 praesentes3
826 645 977 714 absentes
991 666 1079 728 vero,
1103 646 1277 733 quamcito
1299 645 1342 712 ad
1364 643 1537 734 collegium

103 751 254 816 venerint
276 757 332 814 aut
351 770 439 812 mors
459 749 563 834 ipsius
585 748 631 812 eis
653 747 807 812 nummata
828 747 936 829 fiterit,
958 745 1044 810 infra
1056 766 1201 812 mensem
1220 744 1264 811 ad
1279 744 1365 811 idem
1381 755 1538 814 tenentur.

183 854 236 918 34.
260 849 344 914 Item
365 846 472 912 nullus
494 855 678 912 assumatur
698 847 733 910 iu
753 854 981 913 conventorem
1001 843 1122 910 bursae
1145 845 1214 910 sine
1235 843 1440 912 fideiussoris
1463 869 1537 912 eau-

103 951 188 1016 tione
211 946 257 1012 de
280 943 433 1012 solvendo
455 955 486 1010 et
507 935 668 1012 solutione
690 944 862 1028 effectuali‚
882 945 937 1030 qui
958 954 990 1009 et
1010 953 1136 1010 tenetur
1158 943 1264 1008 bisin
1286 967 1371 1012 anuo
1392 945 1538 1014 obtinere

102 1047 251 1114 favorem
267 1045 402 1132 regendi
416 1046 559 1126 bursam,
582 1055 662 1133 puta
674 1046 709 1110 iu
726 1043 778 1110 die
793 1046 898 1112 sancti
916 1042 1050 1128 Aegidii
1072 1052 1104 1110 et
1123 1043 1158 1108 in
1180 1042 1234 1110 die
1255 1046 1362 1110 saneti
1374 1045 1537 1133 Gregorii.
1564 1053 1581 1112 t

104 1145 199 1228 Quod
231 1147 262 1212 si
287 1145 464 1227 obmiserit,
491 1146 640 1231 privatus
663 1153 843 1226 censeatur,
870 1144 1075 1229 poterintque
1101 1151 1221 1210 extimo
1248 1145 1398 1230 magistri
1428 1147 1538 1234 provi·

104 1245 179 1314 dere
200 1245 244 1312 de
269 1243 333 1312 alio
356 1253 559 1310 convertere.

184 1351 236 1416 35.
266 1345 348 1410 Item
371 1341 504 1431 quilibet
528 1349 704 1408 convertor
731 1349 878 1429 tempore
905 1341 1127 1408 conventionis
1156 1339 1278 1408 bursae
1304 1351 1432 1410 tenetur
1461 1365 1538 1431 pro·

104 1447 231 1512 mittere
253 1444 440 1531 praeposito
462 1441 600 1528 collegii,
622 1440 719 1526 quod,
741 1441 769 1505 si
789 1441 957 1526 contingat
975 1440 1083 1526 ipsum
1098 1437 1186 1528 [32⁸]
1205 1441 1345 1530 aliquem
1366 1465 1538 1509 excessum

102 1546 133 1610 in
154 1543 297 1629 collegio
325 1550 524 1628 perpetrare,
551 1540 639 1630 quod
667 1563 763 1627 super
786 1539 841 1606 illo
863 1539 943 1605 velit
971 1549 1059 1604 stare
1086 1540 1121 1604 in
1148 1538 1322 1608 dictamine
1350 1542 1478 1630 collegii
1500 1551 1577 1610 etto

104 1643 188 1731 quod
217 1665 284 1708 uon
310 1641 388 1706 velit
413 1639 457 1706 ad
483 1639 617 1706 bursam
646 1640 816 1706 admittere
847 1648 979 1725 praeter
1015 1639 1245 1725 magistrorum
1274 1640 1476 1708 voluntatem
1505 1653 1537 1710 st

103 1744 165 1807 uisi
184 1743 279 1830 prius
302 1738 364 1805 sibi
384 1741 579 1826 promiserit,
601 1739 697 1827 quod,
720 1741 748 1804 si
770 1747 972 1804 cumcontra
994 1747 1115 1804 statuta
1135 1735 1264 1825 collegii
1285 1741 1446 1808 excedere
1460 1764 1535 1809 eon-

103 1843 218 1928 tingat,
246 1861 385 1927 poenam
405 1840 439 1903 in
461 1838 583 1904 eisdem
604 1847 831 1925 expressatam
851 1846 965 1924 sponte
988 1847 1020 1902 et
1041 1836 1224 1903 voluntario
1251 1838 1329 1904 velit
1357 1841 1476 1924 subire,
1505 1849 1538 1906 et

104 1939 190 2028 quod
218 1941 253 2004 in
273 1937 347 2004 aliis
369 1937 558 2004 excessibus
580 1939 614 2004 in
635 1936 770 2023 collegio
792 1935 844 2000 vel
872 1934 973 2002 bursa
997 1939 1193 2024 perpetratis
1216 1939 1251 2004 in
1278 1938 1452 2006 dictamine
1474 1939 1537 2006 eol-

104 2038 180 2126 legii
202 2036 283 2103 velit
301 2046 397 2104 stare.
1548 2047 1579 2106 1⁵

184 2141 235 2206 36.
264 2136 347 2202 Item
367 2145 560 2224 procurator
580 2135 709 2222 collegii
728 2144 785 2202 aut
804 2133 928 2200 cellarii
950 2134 1019 2199 sive
1034 2135 1193 2221 pincerna
1205 2145 1332 2204 tenetur
1348 2138 1538 2224 promittere

104 2247 134 2304 et
160 2257 295 2302 servare
321 2235 425 2301 eidem
453 2233 588 2320 collegio
616 2235 821 2318 fidelitatem
850 2243 882 2298 et
903 2235 931 2298 si
957 2237 1164 2320 procuratori
1189 2236 1247 2302 tali
1276 2238 1445 2304 servitium
1471 2261 1538 2305 nou

104 2337 271 2424 placuerit,
298 2335 395 2402 debet
415 2333 458 2400 ad
480 2355 578 2398 uuam
599 2334 794 2419 quindenam
815 2345 890 2400 ante
911 2355 1004 2399 auum
1025 2355 1190 2400 recessum
1212 2335 1376 2402 licentiam
1400 2359 1422 2402 a
1441 2359 1535 2425 prae·

105 2437 211 2522 posito
238 2443 296 2500 eut
315 2433 523 2502 cerevisiario
546 2455 671 2521 capere.
711 2433 804 2500 Idem
824 2433 925 2500 faciat
946 2434 1153 2520 praepositus
1174 2437 1243 2502 sive
1266 2434 1439 2520 collegium
1461 2459 1535 2524 pro·

106 2535 258 2616 curatori,
279 2533 390 2598 nisibi
411 2555 476 2597 non
497 2531 665 2620 placuerit.
1542 2544 1578 2602 20

185 2638 235 2702 37.
257 2629 317 2719 [Bl.
335 2629 408 2720 32¹¹]
429 2633 511 2697 Item
523 2631 609 2696 ultra
631 2640 753 2697 statuta
774 2631 942 2718 praedicta
955 2639 1105 2698 tenentur
1119 2633 1270 2718 magistri
1292 2632 1336 2697 ad
1357 2632 1533 2700 observan-

104 2733 182 2798 tium
197 2731 466 2798 consuetudinum
486 2729 697 2797 laudabilium
711 2732 799 2796 circa
820 2731 1022 2796 honestatem
1035 2753 1167 2798 mensae
1182 2741 1216 2796 ct
1236 2730 1374 2798 aliorum
1394 2735 1486 2820 priua
1500 2737 1535 2800 in

107 2831 242 2918 collegio
265 2830 322 2896 diu
343 2841 555 2898 servatorum.
580 2829 698 2916 Siquis
723 2831 920 2896 eontrarium
942 2829 1051 2896 facere
1072 2833 1340 2918 praesumpserit,
1362 2832 1540 2900 monitione
1640 2829 1643 2838 ’

108 2931 265 3018 collegiali
278 2929 318 2994 de
335 2929 394 2996 tali
413 2928 643 2995 consuetudine
660 2928 800 2994 tenenda
811 2929 1002 3016 praemissa,
1018 2928 1123 2996 eidem
1140 2931 1331 3014 satisfaciat,
1353 2930 1414 2997 sub
1430 2953 1537 3018 poena

108 3053 164 3116 per
177 3029 351 3116 collegium
367 3039 423 3095 aut
444 3029 601 3094 maiorem
620 3029 724 3115 ipsius
743 3036 872 3115 partem
892 3028 1115 3113 exprimenda,
1140 3051 1237 3116 quam
1259 3030 1386 3096 solvere
1407 3039 1576 3100 teneoras

110 3127 269 3196 excedens
292 3150 366 3194 eum
387 3128 512 3194 effectu.

496 3770 519 3820 l.
538 3769 601 3819 DIE
622 3766 814 3820 STATUTEN
832 3766 909 3819 volt
929 3767 1047 3820 thuan
1066 3769 1139 3821 1558.

115 3933 266 3984 STATUTA
294 3931 458 3984 comen
485 3935 516 3982 B.
541 3933 670 3982 Marma
694 3931 858 3999 waemls,
886 3933 984 3993 QUOD
1009 3933 1103 3982 huuc
1126 3933 1191 3984 EST
1219 3933 1363 4000 matta,
1391 3934 1538 3986 UNANIMI

185 4033 421 4084 contusarum
443 4033 621 4082 CONSENSU
641 4035 671 4082 Δ.
693 4032 725 4081 0.
747 4034 777 4080 R.
800 4033 925 4080 MDLIIX
947 4032 1148 4082 urceorum
1169 4033 1215 4082 ΕΤ
1238 4021 1474 4086 ΑΡΡΒΟΒΔΤΔιῙ

191 4163 235 4254 [S.
260 4162 288 4254 l]
313 4165 395 4233 Cum
416 4189 481 4232 non
502 4189 610 4254 pauca
631 4167 737 4230 inesse
758 4163 923 4229 veteribus
947 4165 1075 4229 statutis
1099 4163 1426 4252 deprehenderemus,
1450 4166 1580 4234 bou030

115 4263 237 4348 quidem
267 4267 436 4353 proposito
466 4289 486 4331 a
513 4265 690 4330 maioribus
719 4265 838 4329 nostris
869 4265 1008 4346 sancita,
1039 4263 1219 4330 cuiusmodi
1250 4273 1325 4330 sunt
1352 4267 1536 4351 missarum,

115 4367 320 4450 exequiarum
341 4375 372 4430 et
395 4363 582 4451 vigiliarum
605 4387 665 4452 pro
688 4363 846 4430 destinetis
874 4361 1109 4427 celebrationes
1137 4373 1168 4428 et
1197 4373 1327 4451 praeter
1352 4365 1434 4431 haec
1461 4365 1536 4450 elia,

116 4485 191 4551 quae
211 4467 330 4552 partim
353 4465 589 4552 superstitiosa,
617 4465 738 4552 partim
758 4488 823 4531 uon
843 4466 922 4530 satis
944 4461 987 4527 ad
1008 4462 1093 4528 hano
1112 4473 1257 4528 nostram
1278 4473 1419 4532 aetatem
1439 4489 1536 4554 prop·

193 4717 203 4768 1
223 4711 269 4768 Sie
287 4712 347 4766 sind
365 4713 403 4766 im
421 4711 548 4784 Original
565 4712 697 4781 erhulten,
719 4709 747 4768 S.
770 4717 848 4768 1-18
865 4713 940 4767 einer
959 4709 1236 4782 Papierhandschrift
1253 4729 1308 4770 von
1326 4717 1398 4770 etwa
1416 4718 1466 4770 200
1483 4711 1536 4768 Bll.

114 4798 152 4864 4¹¹,
176 4797 204 4852 in
228 4797 395 4868 Pergament
418 4796 580 4868 gebundeu3
609 4795 869 4852 Zusatzbesebliisse
887 4796 948 4852 siud
971 4796 1014 4850 bis
1035 4813 1097 4850 zum
1118 4802 1142 4852 9.
1160 4796 1228 4853 Dee.
1244 4801 1306 4854 1843
1328 4795 1537 4869 uaehgetragen

113 4880 165 4934 und
181 4879 297 4935 nahmen
317 4879 344 4936 S.
359 4884 454 4936 18-41
474 4880 533 4950 eiu,
552 4881 604 4936 auf
618 4881 680 4935 dem
698 4881 814 4935 vordero
834 4880 939 4936 Deelrel
963 4879 1036 4935 steht
1055 4881 1084 4935 in
1101 4881 1265 4938 Golddruch
1287 4882 1336 4936 der
1353 4879 1434 4950 obige
1451 4881 1534 4937 Titel.

114 4961 200 5020 Schon
216 4965 306 5019 dieser
321 4964 403 5034 neigt,
420 4963 483 5018 dass
501 4964 560 5018 sieb
576 4963 678 5020 bereits
695 4963 802 5019 damals
820 4965 864 5019 die
883 4963 1090 5036 unhegriindete
1108 4963 1256 5020 Auuahme
1273 4964 1385 5036 gelteud
1403 4963 1534 5035 gemacht

112 5045 192 5118 hatte,
213 5047 264 5102 das
282 5047 434 5119 Collegium
453 5049 492 5102 eei
510 5066 563 5102 nur
579 5047 724 5119 zeitweilig
744 5049 772 5104 in
792 5049 916 5119 Leipzig.
952 5047 1035 5103 Dicae
1052 5047 1181 5104 Statuten
1207 5048 1268 5104 siud
1293 5049 1322 5102 iu
1340 5047 1385 5102 die
1403 5047 1475 5104 oben
1494 5065 1535 5104 er-

113 5131 217 5190 wt'bnts
234 5131 339 5189 Schrift
356 5131 619 5189 autlallenderrreise
635 5131 715 5186 nieht
730 5133 782 5187 mit
798 5131 1017 5207 aufgenommen
