3758 6072
382 449 444 518 436
876 449 926 506 no
947 447 1164 518 psuowpasass
1180 451 1306 508 saeuas

385 633 524 720 desuper
562 645 634 700 octo
663 634 844 702 senioribus
869 637 911 702 de
940 645 1075 722 quatuor
1106 634 1296 702 nacionibus
1324 637 1509 702 convocatis
1531 645 1563 702 et
1585 637 1713 704 auditis
1749 638 1784 703 Et

386 757 449 800 uno
471 733 606 800 absente
625 735 678 801 vel
699 745 887 823 aegrotante
908 737 1043 816 seniore,
1065 756 1142 800 mox
1165 757 1302 822 sequens
1334 737 1368 799 in
1394 735 1507 802 ordine
1533 737 1567 802 in
1593 739 1663 804 eius
1690 737 1783 804 locum

385 845 582 920 surrogetur,
603 845 640 902 ιιι
661 836 708 901 sic
731 835 895 901 discordia
916 836 1053 900 evitetur
1072 835 1312 920 magistrorum.

460 1006 507 1066 ιι.
529 1019 576 1066 DE
597 1018 698 1066 IIODO
720 1018 969 1067 coucnunnum
989 1019 1025 1065 m
1045 1016 1205 1065 CONSILIO
1226 1017 1440 1066 racunuarls
1461 1019 1530 1067 PER
1549 1019 1726 1068 anessa!

344 1141 360 1196 5
465 1131 503 1196 In
542 1133 852 1220 congregacionibus
892 1156 949 1199 seu
989 1131 1274 1200 convocationibus
1316 1133 1480 1200 facultatis
1519 1134 1669 1201 concludi
1705 1133 1786 1200 debet

389 1231 563 1298 secundum
586 1232 804 1320 pluralitatem
823 1255 948 1316 vocum,
970 1233 1113 1320 exceptis
1135 1231 1421 1320 praeiudicialibus
1441 1243 1474 1298 et
1492 1234 1663 1319 graciosis.
1702 1233 1786 1298 Prae

382 1329 550 1396 iudicialis
571 1342 678 1398 autem
698 1340 828 1419 reputat
848 1331 1044 1415 facultas,
1018 1355 1046 1396 ss
1065 1355 1131 1398 non
1151 1334 1372 1419 acturegens
1362 1356 1396 1397 m
1417 1331 1655 1419 praeiudicium
1665 1331 1786 1398 alionum

383 1431 614 1515 magistrorum
635 1433 893 1516 acturegencium
915 1429 958 1495 ad
977 1430 1118 1518 aliquem
1139 1441 1257 1514 actum,
1280 1441 1399 1498 statuto
1411 1431 1463 1497 vel
1481 1431 1712 1498 consuetudine
1724 1455 1785 1518 pro

387 1528 535 1614 hibitum,
555 1529 653 1595 vellet
675 1529 817 1614 admitti,
851 1528 904 1595 vel
926 1530 1045 1614 eciam,
1080 1531 1108 1594 si
1128 1529 1245 1596 absens
1265 1531 1299 1595 in
1319 1529 1555 1618 praeiudicium
1574 1533 1785 1619 praesenciam

343 1628 426 1694 toad
448 1628 580 1715 aliquod
598 1629 740 1696 officium
761 1628 925 1694 facultatis
949 1627 1099 1716 deputari
1119 1628 1172 1694 vel
1194 1629 1376 1714 consimile3
1404 1631 1557 1718 graciosa
1576 1641 1683 1695 autam
1705 1641 1784 1717 putat

381 1749 421 1793 ea
442 1736 474 1792 et
495 1729 686 1812 consimilia,
709 1730 736 1792 si
758 1731 830 1816 quis
849 1729 1078 1815 magistrorum
1099 1737 1173 1792 ante
1195 1751 1286 1792 suam
1308 1729 1558 1816 complecionem
1576 1751 1638 1818 pro
1649 1731 1785 1814 ingressu

382 1827 426 1892 ad
447 1827 617 1894 consilium
638 1826 801 1894 facultatis
820 1825 966 1914 pulsaret
986 1836 1019 1890 et
1039 1827 1144 1892 maior
1163 1849 1242 1914 pars
1264 1827 1305 1892 ob
1327 1828 1472 1894 favorem
1494 1829 1563 1892 eina
1580 1849 1643 1915 pro
1655 1827 1784 1892 eiusdem

382 1929 602 2014 assumptione
623 1936 752 1992 rotaret
771 1936 803 1991 et
825 1926 1038 2013 dispensaret,
1060 1928 1165 1990 minor
1188 1947 1267 2012 pars
1288 1926 1511 1993 contradicens
1542 1927 1786 2014 assumpcionsm

384 2023 568 2091 huiusmodi
595 2027 715 2112 poterit
748 2025 923 2113 impedire,
967 2024 1060 2089 salva
1087 2034 1195 2090 tamen
1221 2027 1451 2092 reformacione
1478 2025 1613 2094 illustris
1641 2026 1786 2112 principis

341 2134 373 2189 15
384 2123 475 2190 ducis
497 2123 633 2212 Georgii
654 2136 686 2191 et
706 2123 828 2191 domini
849 2124 995 2211 episcopi
1014 2121 1291 2210 Merssburgensis
1323 2124 1528 2213 disponente:
1551 2125 1602 2208 „si
1628 2126 1664 2188 in
1692 2124 1787 2212 aliqua

379 2225 516 2289 nacione
543 2227 578 2289 in
605 2224 758 2290 facultate
790 2225 914 2288 arcium
940 2222 1083 2288 defectus
1116 2223 1344 2310 magistrorum
1376 2224 1475 2307 foret,
1517 2235 1638 2290 extumo
1671 2234 1785 2312 tempus

381 2326 542 2410 septennii
563 2325 737 2411 anticipari
758 2333 791 2388 et
810 2321 998 2387 abbreviari
1017 2323 1110 2387 iuxta
1132 2321 1364 2388 fflscrecionem
1386 2322 1549 2388 facultatis
1579 2324 1735 2409 poterit‘5
1760 2331 1786 2386 et

380 2423 443 2488 istc
464 2444 552 2507 casu,
575 2420 640 2510 [3¹]
663 2433 787 2488 attenta
806 2420 896 2488 dicta
916 2421 1164 2505 reformacione,
1192 2443 1265 2487 cum
1286 2423 1412 2489 minore
1433 2431 1527 2509 parte
1548 2421 1715 2488 facultatis
1734 2445 1783 2508 per

381 2519 539 2586 decanum
559 2523 662 2609 possit
683 2520 841 2586 concludi.

341 2695 376 2751 ιιι
413 2692 462 2754 12.
491 2703 588 2766 quon
610 2703 768 2753 occasus
789 2704 862 2752 ιιοιι
884 2703 1322 2770 coscnnnsr,s1s1snrna
1341 2703 1419 2770 nna,
1440 2703 1531 2764 quas
1552 2703 1592 2754 nc
1612 2703 1764 2753 acanum

791 2803 1067 2853 convocacrosss
1089 2803 1178 2851 suns
1197 2803 1382 2852 sxasnsss.

465 2918 603 3002 Placuit,
625 2917 714 3006 quod
734 2917 876 2984 decanus
896 2918 1095 3006 peramplius
1117 2942 1181 2985 non
1203 2917 1337 2984 inducat
1356 2941 1459 3006 neque
1480 2918 1655 2985 concludat
1675 2922 1709 2986 in
1725 2943 1787 2985 con·

380 3020 575 3105 gregacione
598 3017 724 3084 consilii
743 3016 917 3100 facultatis,
936 3019 1000 3083 nisi
1019 3041 1118 3106 super
1146 3041 1210 3106 quo
1237 3019 1324 3084 facta
1351 3028 1400 3083 est
1428 3040 1586 3105 expressa
1605 3019 1788 3085 convocscio

379 3119 412 3184 in
444 3117 585 3184 scedula
627 3117 721 3184 Etsi
743 3139 834 3183 secus
861 3115 1009 3182 faciendo
1033 3120 1199 3205 quitquam
1226 3117 1432 3201 concluserit,
1467 3116 1542 3182 talis
1568 3118 1730 3184 conclusio
1755 3119 1788 3182 sit

341 3219 476 3283 ttirrita
498 3226 530 3282 et
549 3219 671 3302 inanis,
693 3218 758 3282 nisi
777 3239 875 3304 quam
895 3218 930 3282 in
951 3215 1033 3299 illis,
1052 3239 1135 3305 quae
1161 3218 1332 3284 manifeste
1358 3227 1535 3305 sequuntur
1556 3226 1590 3282 et
1611 3220 1788 3305 contingunt

382 3315 425 3382 ad
445 3327 589 3384 tenorem
613 3317 865 3400 convocationis,
887 3315 1061 3382 dummodo
1083 3327 1192 3382 tamen
1212 3317 1269 3382 fiat
1290 3318 1360 3382 sine
1381 3316 1454 3382 dolo
1476 3326 1508 3381 et
1531 3317 1657 3383 fraude.

474 3489 522 3550 13.
542 3501 685 3562 cuman
705 3499 848 3550 aonrsu
869 3497 1028 3547 nscssus
1050 3499 1086 3546 ιιι
1106 3498 1244 3547 raucas
1264 3497 1559 3549 convocsmonnn
1579 3501 1698 3550 nnssr

989 3597 1182 3646 osrosnan.

462 3714 584 3798 Placet,
606 3714 694 3803 quod
715 3714 855 3780 decanus
876 3736 936 3801 pro
958 3723 1103 3802 tempore
1124 3715 1265 3779 existens
1286 3715 1320 3778 in
1336 3713 1448 3780 arduis
1461 3718 1568 3781 causis
1586 3715 1785 3784 convocando

336 3825 370 3880 30
382 3813 553 3880 consilium
573 3814 737 3880 facultatis
762 3823 907 3900 apponat
935 3812 1078 3879 debitum
1110 3815 1259 3900 praestiti
1292 3815 1480 3899 iuramenti,
1522 3817 1556 3880 in
1589 3839 1691 3881 causa
1720 3837 1786 3879 vero

379 3912 515 3978 multum
535 3913 638 3979 ardua
661 3935 797 4000 poenam
818 3913 963 3999 periurii,
984 3915 1019 3978 in
1041 3913 1113 3978 aliis
1135 3923 1241 3978 autem
1262 3912 1483 3978 communibus
1499 3915 1640 4002 negotiis
1652 3914 1784 3981 debitum

380 4012 607 4098 obedienciae,
637 4011 800 4078 interdum
822 4011 997 4078 secundum
1017 4013 1187 4078 materiam
1209 4011 1386 4077 subiectam
1399 4035 1537 4100 poenam
1558 4037 1625 4080 non
1639 4011 1785 4080 concad-

380 4112 474 4177 cendi
494 4113 547 4178 vel
570 4114 756 4196 carenciae,
786 4122 822 4176 ιιι
851 4113 886 4177 in
909 4111 1141 4178 distribucione
1167 4111 1371 4178 lectoriorum
1393 4123 1425 4176 et
1445 4111 1620 4178 lectionum
1641 4123 1672 4179 et
1694 4112 1783 4178 consi·

377 4212 519 4278 milibus.
561 4212 705 4278 Poenam
730 4213 898 4276 carenciae
920 4213 1166 4298 actsuegenciae
1192 4211 1279 4276 nullo
1305 4221 1401 4298 pacto
1429 4222 1575 4299 apponat
1594 4214 1659 4278 nisi
1679 4215 1713 4277 in
1732 4211 1785 4276 dis-

335 4321 369 4376 35
376 4315 564 4400 pensatione
585 4336 709 4379 morum
731 4321 764 4378 et
783 4310 938 4376 electione
959 4311 1145 4377 officialium
1167 4310 1346 4394 facultatis,
1366 4309 1419 4375 vel
1440 4321 1513 4376 octo
1535 4312 1718 4378 senioribus
1738 4333 1786 4376 sen

377 4411 495 4476 maiori
515 4414 602 4498 parti
623 4435 664 4478 ex
687 4433 786 4477 causa
805 4419 941 4496 urgente
960 4409 996 4475 id
1017 4411 1121 4476 ristun
1142 4411 1247 4476 liserit.

382 4584 430 4645 14.
459 4593 507 4642 nn
543 4593 703 4642 rnornus
729 4593 868 4642 rmnnrs
897 4594 934 4641 ιιι
960 4592 1158 4641 succursus
1183 4593 1252 4641 ann
1276 4593 1443 4642 naussum
1474 4593 1582 4642 mnas
1604 4591 1788 4644 nummos

849 4693 896 4741 nn
917 4691 1078 4740 cousmlo
1099 4692 1324 4742 rsonarsms.

459 4809 592 4892 Placet,
625 4807 711 4894 quod
738 4807 917 4874 decanus
906 4832 940 4873 m
969 4809 1205 4874 convocacione
1233 4809 1358 4875 consilii
1379 4805 1542 4873 facultatis
1564 4832 1630 4876 non
1650 4811 1790 4899 propinet

377 4909 417 4975 de
449 4911 607 5024 peccunia
634 4907 734 4973 facult
721 4911 808 4989 tatis,
834 4909 897 4972 nisi
918 4918 1064 4994 tempore
1086 4907 1251 4974 electionis
1274 4931 1351 4973 suae
1382 4917 1414 4972 et
1441 4907 1608 4974 electionis
1637 4911 1788 4974 examina·

333 5019 481 5075 lotorum
502 5021 533 5074 et
559 5011 593 5074 in
616 5005 730 5071 diebus
754 5018 941 5072 sanctorum
961 5006 1094 5092 Aegidii
1115 5019 1146 5072 et
1168 5007 1357 5095 Gregorii
1347 5031 1381 5072 m
1408 5009 1601 5096 recepcione
1624 5009 1787 5076 ordinario

374 5133 455 5196 rma,
485 5121 517 5174 et
537 5121 614 5175 tunc
636 5129 700 5172 una
723 5108 793 5172 vioe
819 5106 873 5171 det
893 5107 1065 5194 unicuique
1088 5107 1128 5173 de
1148 5107 1282 5175 consilio
1302 5109 1532 5196 magistrorum
1552 5117 1681 5176 tantum
1699 5128 1788 5177 nnnrn
1857 5153 1858 5158 κ
