3762 6074
359 495 420 555 526
855 491 905 538 Die
926 487 1144 553 philosophialis
1162 487 1287 540 Facultit.

361 678 495 760 cupiant
525 683 556 737 et
586 694 624 736 ea
652 670 693 734 de
719 693 754 734 re
782 671 946 758 appellent
975 670 1153 750 decanum,
1186 669 1289 734 literis
1318 668 1379 732 boc
1407 667 1451 733 ad
1479 667 1776 734 reverendissimum

359 777 549 860 episcopum
571 772 701 856 seriptis
723 769 1009 852 demonstrabitur,
1031 779 1066 834 ut
1086 769 1199 834 electio
1221 770 1263 834 sit
1282 769 1397 854 ipsius.

358 993 404 1040 os
432 989 644 1038 sxanmmns
671 987 716 1034 nr
745 985 965 1033 connsrrosn
993 985 1199 1033 rrrnsosmr
1225 983 1533 1032 sosomsrrosnmr
1554 983 1777 1032 mommsen.

974 1105 1077 1166 Caput
1101 1103 1159 1152 xu.

317 1237 333 1289 5
443 1223 603 1286 Petitores
626 1221 783 1284 honorum
806 1217 1080 1298 scholasticorum,
1103 1215 1308 1282 utbacularii
1331 1215 1425 1296 fiant,
1447 1227 1534 1281 certo
1556 1225 1704 1304 tempore
1726 1241 1776 1282 sua

359 1324 489 1388 nomina
511 1319 599 1407 apud
623 1319 780 1384 decanum
808 1317 954 1405 profiteri
982 1315 1155 1381 debebunt.
1199 1315 1261 1380 His
1284 1316 1442 1402 receptis,
1469 1317 1562 1380 statis
1583 1316 1776 1404 temporibus

359 1424 523 1486 initiorum
544 1421 659 1499 trium,
682 1423 790 1499 verni,
818 1417 933 1481 aestivi
961 1427 993 1480 et
1021 1414 1233 1498 autumnalis,
1261 1414 1356 1479 huius
1384 1417 1432 1480 rei
1459 1438 1578 1480 caussa
1608 1419 1776 1481 communi-

358 1525 435 1586 tatis
452 1518 622 1584 concilium
644 1516 828 1598 habebitur,
850 1526 881 1579 et
903 1515 1120 1580 servabuntur
1142 1537 1191 1597 ea,
1212 1536 1295 1600 quae
1315 1524 1390 1578 sunt
1410 1514 1444 1578 in
1463 1513 1620 1598 moribus,
1639 1526 1677 1580 ut
1697 1528 1777 1580 certa

359 1643 484 1685 summa
515 1616 676 1705 pendatur
705 1639 725 1680 a
756 1613 892 1700 singulis
923 1609 987 1700 [24]
1014 1613 1206 1700 petitoribus
1238 1625 1269 1677 et
1297 1615 1483 1678 aestimetur
1517 1637 1578 1701 pro
1616 1613 1776 1680 declarata

318 1732 349 1786 10
359 1717 559 1786 assiduidate
583 1725 639 1782 aut
656 1725 822 1800 comperta
844 1712 1041 1798 negligentia
1062 1713 1331 1800 uniuscuiusque,
1356 1713 1434 1800 quid
1456 1715 1591 1800 insuper
1611 1737 1777 1778 numerare

357 1821 494 1906 quisque
524 1814 650 1881 debeat
700 1813 740 1878 Id
762 1813 832 1895 fiet,
855 1824 1024 1898 postquam
1049 1811 1160 1876 audita
1181 1813 1294 1894 luerit,
1323 1821 1358 1876 ut
1385 1812 1480 1894 solet,
1503 1813 1638 1900 petitio,
1667 1825 1699 1878 et
1720 1837 1777 1878 non

358 1918 468 1986 oblata
495 1937 595 1980 causa
616 1912 839 2000 impedimenti
869 1911 981 1994 ullius,
1008 1935 1091 2000 quae
1120 1913 1229 1976 omnia
1256 1911 1357 1976 multo
1386 1909 1537 1977 breviore
1559 1923 1710 2000 tempore
1729 1937 1776 1978 ex-

358 2019 474 2106 plicari
497 2025 528 2080 et
549 2013 663 2078 molius
683 2013 753 2098 geri
777 2034 873 2098 quam
894 2011 1050 2076 hactenus
1072 2021 1223 2098 poterunt
1243 2009 1419 2076 secundum
1439 2011 1578 2078 formam
1594 2016 1778 2100 separatim,

357 2121 384 2183 si
407 2115 579 2195 videbitur,
600 2113 823 2199 perscriptam.

317 2231 347 2284 15
439 2216 492 2279 De
521 2212 636 2301 quibus
664 2221 771 2274 autem
797 2209 1020 2294 interrogandi
1050 2210 1113 2274 sint
1140 2209 1179 2290 ii,
1206 2229 1339 2294 quorum
1368 2211 1481 2298 petitio
1509 2209 1657 2278 admissa
1677 2213 1777 2294 buerit,

357 2317 552 2382 constituent
572 2315 656 2376 inter
677 2332 712 2374 se
734 2310 983 2376 examinatores.
1025 2307 1069 2372 Et
1089 2331 1186 2394 quam
1211 2310 1351 2393 primum
1373 2311 1491 2396 poterit
1511 2309 1594 2394 fieri,
1617 2313 1776 2398 negotium

354 2416 531 2482 conficient

675 2591 857 2640 Pnomsslo
877 2593 921 2639 ΔΒ
943 2589 1250 2638 summonitus
1272 2591 1463 2640 anonam.

965 2709 1073 2771 Caput
1096 2709 1168 2760 XIII.

315 2839 348 2896 b)
440 2827 534 2913 „Ego
555 2825 605 2890 .N.
628 2827 782 2912 promitto
803 2823 889 2888 bona
910 2821 989 2905 fide,
1017 2845 1068 2886 me
1089 2823 1122 2886 in
1145 2821 1254 2888 studia
1275 2845 1401 2906 eorum,
1424 2825 1480 2910 qui
1505 2847 1593 2890 nunc
1622 2824 1776 2890 bacularii

356 2929 424 2994 fieri
448 2928 597 3012 cupiunt,
625 2922 735 2988 sedulo
755 2924 982 3008 inquisiturum
1004 2932 1036 2986 et
1056 2921 1230 2987 secundum
1254 2943 1307 3004 ea,
1329 2945 1412 3010 quae
1439 2932 1581 2989 statuere
1604 2937 1721 3012 potero
1741 2925 1776 2988 de

354 3023 636 3114 responsionibus,
659 3021 814 3088 iudicium
841 3024 1001 3086 factrunm
1030 3045 1101 3085 esse
1130 3021 1170 3086 de
1197 3043 1390 3109 unoquoque
1412 3023 1481 3086 sine
1501 3023 1715 3090 inclinatione
1734 3025 1774 3088 la·

354 3129 442 3192 voris
464 3137 521 3190 aut
543 3123 608 3189 odii
630 3121 833 3210 impulsione,
856 3122 942 3185 omni
964 3121 1080 3186 fraude
1102 3120 1246 3208 undique
1267 3123 1422 3186 remota.“

837 3337 1067 3386 warmunti
1095 3335 1290 3385 Pnutroms.

309 3469 342 3524 25
958 3457 1062 3519 Caput
1085 3455 1171 3506 Xllll.

436 3573 529 3660 „Ego
553 3573 599 3638 .N.
620 3573 708 3654 iuro,
730 3571 870 3656 primum
894 3593 946 3635 me
969 3592 1040 3634 esse
1060 3569 1238 3656 legitimam
1262 3565 1407 3633 sobolem
1428 3579 1601 3657 parentum
1622 3595 1775 3652 meorum,

356 3672 497 3739 secundo
519 3693 646 3737 ornnem
669 3679 818 3736 eventum
844 3666 907 3756 [25]
930 3669 1094 3755 petitionis
1122 3689 1224 3754 aequo
1252 3667 1359 3732 animo
1386 3689 1457 3732 esse
1486 3666 1648 3755 laturum,
1677 3695 1776 3762 neque

351 3774 415 3839 ullo
439 3775 472 3836 in
494 3793 592 3852 casu,
620 3792 685 3834 non
714 3768 921 3834 admissionis
948 3778 1004 3833 aut
1031 3767 1197 3854 repulsae,
1224 3766 1402 3831 vindictam
1431 3779 1684 3855 usurpatnnrm,
1713 3773 1774 3854 sed,

354 3869 509 3960 quicquid
531 3868 697 3950 acciderit,
719 3889 948 3954 perpessurum
971 3889 1042 3931 esse
1065 3868 1134 3931 sine
1157 3865 1288 3954 querela
1308 3866 1348 3930 de
1369 3865 1451 3950 ullo;
1474 3869 1556 3931 etsi
1578 3871 1669 3955 qnid,
1692 3871 1775 3958 quod

311 3983 345 4040 30
355 3975 432 4037 deus
456 3979 598 4051 avertat,
621 3979 734 4034 contra
754 3967 834 4032 baec
855 3969 970 4031 fecisse
993 3965 1228 4053 deprehendar,
1253 3967 1421 4030 infamiam
1448 3967 1584 4052 periurii
1606 3970 1681 4056 ipse
1700 3969 1775 4034 mibi

351 4075 412 4138 hoc
434 4071 520 4135 facto
543 4071 669 4156 irrogo,
692 4081 739 4150 et,
768 4069 949 4152 quicunque
977 4066 1084 4130 laesus
1112 4086 1132 4128 a
1158 4087 1210 4128 me
1237 4065 1348 4146 luerit,
1377 4067 1407 4130 ei
1437 4068 1562 4130 iuratus
1589 4069 1774 4156 persolvam

354 4172 484 4237 florinos
505 4187 526 4233 L
549 4173 618 4234 sine
640 4169 726 4234 omni
747 4166 961 4247 recusatione,
984 4187 1056 4229 cum
1078 4165 1218 4252 primum
1239 4165 1329 4228 fitero
1352 4165 1551 4230 convictus.“

436 4285 575 4370 Propter
591 4295 727 4349 aetatem
748 4281 886 4369 aliquem
904 4279 1019 4368 repelli
1035 4303 1055 4346 a
1071 4281 1236 4368 petitione,
1258 4278 1319 4344 hoc
1340 4288 1487 4367 tempore
1499 4303 1634 4348 causam
1657 4283 1774 4349 habere

350 4409 415 4452 non
437 4393 561 4470 potcst3
590 4385 701 4467 itaque
730 4380 787 4446 illa
814 4379 956 4445 conditio
979 4383 1152 4462 omittetur,
1174 4379 1364 4466 pracsertim
1386 4401 1460 4445 cum
1482 4381 1547 4445 iam
1571 4383 1614 4448 sit
1637 4405 1774 4448 commu·

307 4487 436 4553 linitas
466 4483 556 4546 iussu
586 4482 760 4568 principali
790 4479 969 4563 admonita,
991 4490 1026 4544 ut
1053 4489 1119 4543 tam
1149 4479 1189 4544 de
1214 4488 1320 4544 aetate
1347 4502 1446 4566 quam
1472 4483 1580 4569 spatio
1609 4485 1774 4572 temporis,

349 4609 412 4673 quo
432 4581 485 4646 hic
506 4579 622 4668 aliquis
645 4583 796 4662 vixisset,
819 4579 958 4666 benigne
979 4579 1187 4666 transigere.¹

432 4699 485 4765 De
519 4697 776 4762 rennnctiatione
811 4719 936 4778 eorum,
979 4694 1095 4783 quibus
1133 4693 1295 4760 tribuendi
1336 4693 1469 4782 publica
1509 4697 1686 4763 autoritate
1717 4695 1773 4762 ba·

348 4801 544 4866 cnlariorum
578 4793 662 4860 tituli
699 4795 911 4878 ridebuntur,
941 4793 976 4859 id
1009 4805 1173 4878 servetur,
1209 4793 1295 4881 quod
1325 4794 1390 4858 iam
1424 4805 1474 4860 est
1508 4799 1715 4862 constitutum
1743 4809 1774 4862 et

347 4901 382 4966 in
407 4921 507 4965 more.

437 5154 448 5206 l
470 5145 619 5206 Vielleioht
637 5145 674 5200 ist
690 5141 866 5214 anagolassen
883 5142 956 5200 vata
