3758 6072
797 407 849 460 nis
868 405 1087 472 philosophisque
1104 405 1233 460 runca

478 597 507 662 3·
527 609 576 656 ΒΕ
597 605 883 657 ruouorlorunus
903 605 940 654 nt
960 603 1109 654 numus
1129 604 1176 652 ΕΤ
1195 601 1537 654 nmrmuoumus.

398 726 481 792 Item
501 745 565 810 quo
585 721 629 789 ad
647 725 865 811 promotiones
885 720 1010 788 fiendas
1034 722 1167 786 inantea
1192 719 1317 808 placet,
1351 718 1440 806 quod
1463 719 1522 785 liat
1547 717 1735 807 dispensatio

315 829 410 892 iuxta
431 823 657 912 antiquissima
678 831 801 888 statuta
821 821 1001 904 facultatis,
1038 829 1075 887 ut
1100 819 1225 886 scilicet
1245 839 1343 908 super
1362 841 1427 884 uno
1449 816 1533 885 libro
1555 818 1689 908 porcioli
1708 829 1736 884 et

317 925 444 992 duobus
464 921 657 990 mactatibus
679 922 839 988 duntaxat
859 943 919 1010 per
941 919 1111 987 consilium
1130 917 1293 986 facultatis
1315 915 1530 1006 dispensetur.

273 1037 290 1092 t
399 1023 626 1090 Pariformiter
656 1022 783 1110 placet,
815 1020 902 1110 quod
934 1019 1087 1106 deinceps
1115 1017 1222 1084 nullus
1243 1039 1303 1106 pro

319 1121 625 1190 vicecancellariatu
646 1130 804 1209 perpetuo
825 1119 869 1186 ad
890 1141 1010 1185 annum
1032 1139 1089 1184 seu
1110 1139 1222 1199 annos,
1243 1139 1303 1205 per

319 1247 355 1292 se
374 1223 426 1290 vel
454 1221 650 1311 paralium,
679 1223 778 1286 instet
805 1217 1048 1309 quoquomodo,
1076 1217 1136 1284 sed
1164 1239 1243 1282 casu
1268 1239 1303 1282 se

317 1325 470 1390 offerente
496 1331 631 1410 propter
651 1322 846 1386 exercicium
869 1318 910 1384 de
931 1318 1040 1384 anima
1060 1315 1112 1383 vel
1133 1314 1222 1382 uliud
1240 1338 1301 1403 pro
1349 1321 1581 1400 Amycus-ictos
1609 1325 1670 1382 ond
1699 1343 1735 1382 aa

315 1433 463 1510 tempore
496 1418 730 1510 disputandum
761 1441 820 1508 per
851 1429 918 1484 tres
949 1439 1078 1484 menses
1115 1425 1192 1482 ante
1225 1437 1300 1482 exa·
1349 1425 1406 1482 den
1425 1423 1520 1482 chd
1542 1421 1733 1498 emendator:

277 1533 309 1590 to
317 1523 414 1588 minis
442 1522 644 1609 apertionem
674 1541 732 1606 per
760 1520 908 1585 nafiones
932 1514 1108 1584 sectandum
1127 1514 1302 1582 earundem
1347 1517 1535 1606 Episcopus
1575 1540 1641 1582 non
1674 1517 1735 1584 vult

317 1621 463 1688 ordinem
504 1621 703 1707 impetretur.
761 1617 797 1682 Si
836 1620 909 1705 quis
951 1625 1060 1682 autem
1104 1615 1302 1680 contrarium
1351 1617 1538 1701 admittere,
1588 1615 1646 1682 sed
1676 1616 1735 1680 vult

317 1721 447 1805 fecerit,
476 1741 589 1786 carere
616 1716 713 1783 debet
743 1717 925 1805 impetratis
956 1723 989 1782 et
1016 1738 1036 1782 a
1062 1713 1217 1780 facultate
1242 1737 1302 1804 per
1391 1716 1471 1782 dare
1493 1718 1545 1782 cui
1565 1715 1700 1782 libuerit

316 1820 491 1887 triennium
512 1821 555 1884 sit
582 1839 769 1905 suspensus.
810 1815 864 1882 De
892 1815 1047 1882 exercitio
1073 1823 1181 1881 tamen
1202 1824 1302 1880 meta-

316 1920 465 2008 phisicae
485 1917 624 1984 facultas
646 1915 827 2005 provideat,
846 1925 883 1981 ut
908 1916 942 1980 in
964 1937 1049 1980 anno
1069 1915 1167 1981 semel
1187 1913 1303 1981 saltem

279 2031 338 2086 tta
359 2017 522 2108 principio
542 2039 644 2103 usque
665 2014 827 2082 adfinem
848 2014 1042 2103 disputetur.

400 2133 488 2214 Quia
509 2141 616 2198 autem
638 2131 759 2198 multae
780 2131 1013 2219 displicenciac
1034 2137 1066 2195 ct
1086 2129 1159 2196 lites
1181 2153 1223 2197 cx
1244 2133 1476 2221 promovendis
1495 2132 1690 2198 baccalariis
1711 2141 1738 2196 et

316 2234 485 2320 magistris
514 2241 605 2298 ortae
633 2241 707 2298 sunt
733 2241 765 2298 et
794 2233 873 2297 oriri
899 2239 1034 2319 possent
1056 2231 1090 2295 in
1117 2229 1277 2318 futurum,
1310 2232 1455 2300 volentes
1477 2231 1551 2298 illas
1573 2233 1737 2322 aequitatis

318 2330 509 2419 compendio
522 2353 742 2420 compensare,
763 2330 887 2396 idcirco
909 2329 1024 2419 placet,
1046 2329 1134 2418 quod
1149 2329 1294 2418 quilibet,
1308 2335 1343 2400 in
1358 2334 1433 2421 ipsa
1446 2331 1601 2398 facudtate
1620 2353 1737 2419 promo

317 2430 443 2496 vendus
464 2433 499 2496 in
519 2430 741 2497 baccularium
763 2429 814 2494 vel
835 2431 1045 2516 magistrum,
1070 2431 1105 2494 in
1126 2433 1256 2497 natione
1279 2456 1339 2499 sua
1360 2443 1580 2521 promotorem
1602 2431 1738 2518 recipere

277 2530 432 2614 todebet,
453 2531 517 2596 nisi
538 2528 656 2614 aliquis
677 2527 811 2595 alterius
833 2531 974 2596 nationis
995 2539 1080 2596 esset
1101 2529 1199 2596 alicui
1218 2533 1449 2620 magistrorum
1471 2529 1659 2618 specialiter
1678 2529 1739 2596 sine

318 2628 433 2696 fraude
452 2639 485 2696 et
506 2627 579 2694 dolo
598 2629 799 2712 commissus,

405 2742 566 2831 Quodque
602 2742 737 2831 quilibet
774 2743 1015 2832 promovendus
1046 2745 1081 2808 in
1113 2743 1238 2810 artibus
1269 2745 1302 2811 in

321 2843 542 2911 baccularium
563 2865 676 2926 unum,
697 2841 937 2931 promovendus
959 2843 1091 2910 veroin
1110 2845 1304 2930 magistrum
1349 2850 1579 2928 Ampsrtricten
1616 2849 1679 2907 und
1706 2867 1742 2907 aa

322 2943 403 3010 duos
431 2943 572 3009 florenos
594 2944 666 3009 auri
696 2941 736 3008 de
759 2942 848 3008 Reno
873 2942 929 3008 det
949 2965 1009 3030 pro
1031 2941 1204 3026 facultate,
1238 2945 1302 3009 nisi
1348 2952 1406 3010 dea
1434 2951 1529 3009 Raad
1547 2948 1742 3026 caetratos:

278 3041 559 3132 aspromovendos
580 3040 764 3108 huiusmodi
793 3051 972 3131 paupertas
992 3041 1145 3108 notabilis
1167 3065 1300 3109 exeusa-
1349 3045 1422 3111 Non
1458 3037 1583 3132 placuit
1623 3043 1742 3111 domino

319 3153 383 3228 ret,
413 3165 475 3232 quo
497 3164 576 3209 casu
595 3141 767 3229 privilegio
787 3143 991 3229 paupertatis
1018 3145 1133 3209 merito
1158 3142 1302 3229 gaudent
1459 3145 1624 3232 episeopo.

319 3253 417 3331 atque
437 3241 632 3310 relevantur.
673 3241 741 3308 Sed
764 3265 827 3331 quo
850 3240 894 3308 ad
910 3251 1127 3330 promotorem

402 3397 461 3458 Die
476 3397 685 3476 Aalcntlpfuay
703 3417 761 3456 orsa
775 3397 926 3474 Folqeadc
938 3396 978 3458 iat
992 3399 1160 3476 torquato
1176 3397 1272 3457 durch
1287 3395 1336 3459 dis
1356 3399 1470 3460 Wortc:
1491 3393 1644 3484 quodque
1660 3393 1744 3483 quili-

319 3493 375 3559 bet
404 3493 644 3582 promovendus
672 3495 707 3558 in
732 3491 951 3558 baccalarium
978 3492 1031 3558 vel
1052 3493 1246 3580 magistrum
1328 3493 1412 3560 liber
1434 3517 1506 3562 esse
1525 3493 1623 3560 debet
1644 3493 1744 3561 dando

278 3604 381 3661 3⁰suo
399 3594 577 3681 promotori
598 3591 698 3658 nichil
719 3591 772 3658 vel
792 3601 927 3675 tantum,
950 3601 1106 3680 quantum
1125 3615 1185 3680 pro
1197 3591 1320 3658 honore
1335 3615 1394 3660 suo
1408 3592 1572 3660 videbitur
1588 3593 1744 3684 expedire.

321 3693 375 3758 De
396 3694 543 3781 pecuniis
565 3715 644 3758 vero
667 3693 715 3758 sic
734 3714 796 3780 pro
817 3690 972 3757 facultate
991 3693 1209 3779 praesentatis
1228 3691 1378 3779 magistri
1400 3691 1442 3757 de
1462 3693 1598 3762 consilio
1619 3693 1743 3760 faculta-

322 3793 365 3857 tis
385 3791 467 3857 duas
488 3801 520 3858 et
540 3791 657 3880 reliqui
680 3793 828 3878 magistri
849 3791 985 3857 terciam
1013 3800 1142 3878 partem
1164 3789 1207 3857 ad
1228 3789 1488 3858 distribuendum
1509 3795 1593 3859 inter
1616 3817 1651 3860 se
1671 3795 1743 3860 reci·

321 3893 413 3979 pient
438 3900 471 3958 ct
501 3890 668 3958 habebunt
699 3891 824 3980 absque
859 3889 1046 3957 differenda
1075 3892 1251 3958 nationum.
1301 3889 1452 3972 Quorum
1486 3891 1689 3961 collectorem
1716 3901 1743 3958 et

323 3991 498 4058 divisorem
520 3991 680 4059 decanum
700 4014 761 4080 pro
781 3999 928 4077 tempore
950 3991 1145 4058 existentem
1167 3989 1372 4078 deputamus.

281 4165 314 4224 35
712 4163 743 4225 4.
766 4175 1094 4226 onn1s1²orar10un
1117 4174 1315 4227 onnntsuu.

406 4289 451 4355 Et
480 4291 632 4379 quoniam
653 4290 829 4380 disputatio
849 4289 1032 4374 ordinaria,
1062 4313 1146 4380 qnae
1173 4291 1208 4356 in
1227 4290 1291 4357 hac
1310 4289 1464 4358 facultate
1486 4291 1583 4360 solita
1604 4302 1653 4360 est
1672 4291 1743 4376 fieri,

323 4390 462 4478 gloriam
471 4413 537 4456 non
551 4391 713 4457 modicam
725 4392 928 4477 fructumque
948 4390 1094 4475 multum,
1116 4389 1289 4457 dummodo
1312 4413 1373 4478 per
1392 4393 1567 4480 magistros
1583 4393 1744 4480 diligenter

323 4490 452 4556 visitari
466 4491 643 4575 consuevit,
663 4491 803 4575 induxit,
822 4489 960 4577 ideoque
974 4490 1092 4579 placet,
1114 4489 1201 4576 quod
1221 4489 1356 4579 quilibet
1369 4494 1525 4578 magister
1540 4491 1636 4560 huius
1654 4491 1743 4558 facul-

324 4591 401 4656 tatis
426 4597 502 4655 ante
521 4589 698 4676 byennium
721 4589 915 4678 completum
936 4599 1012 4678 post
1031 4590 1100 4654 eius
1115 4591 1353 4676 promotionem
1374 4591 1511 4678 singulis
1528 4592 1743 4681 disputationi·

283 4690 387 4755 tobus
411 4689 604 4773 ordinariis,
634 4701 707 4776 post
727 4690 906 4777 byennium
927 4710 1005 4757 vero
1033 4688 1167 4755 alternis
1194 4687 1468 4776 disputationibus
1489 4690 1688 4774 huiusmodi,
1717 4697 1744 4754 st

325 4798 400 4877 post
421 4787 614 4854 decennium
638 4790 736 4856 semel
755 4790 788 4856 in
810 4789 953 4878 quolibet
975 4811 1101 4873 mense,
1132 4789 1197 4855 nisi
1224 4788 1370 4856 valitudo
1376 4839 1386 4874 ,
1417 4789 1590 4857 infirmitas
1611 4798 1667 4858 aut
1686 4788 1743 4856 alia

322 4890 408 4955 iusta
438 4896 471 4954 et
500 4887 704 4955 rationabilis
738 4912 838 4955 causa
868 4913 942 4956 eum
974 4897 1123 4972 exornet,
1156 4889 1371 4979 personaliter
1399 4893 1558 4958 interesse
1589 4890 1685 4958 debet
1713 4897 1742 4954 et

326 5009 473 5074 arguere,
494 4989 522 5053 si
544 4997 672 5078 tempus
694 4989 851 5055 stlocum
871 4989 993 5056 habere
1013 4989 1141 5078 poterit.
1174 4989 1212 5056 Si
1233 4991 1306 5078 quis
1327 4999 1435 5056 autem
1454 4991 1489 5056 in
1511 4991 1642 5058 casibus
1656 5011 1741 5079 prae

325 5087 434 5152 missis
456 5085 642 5154 huiusmodi
660 5091 846 5157 ordinariae
867 5090 1080 5179 disputationi
1100 5111 1166 5157 non
1178 5090 1360 5173 interesset,
1381 5090 1505 5156 tociens
1522 5091 1673 5178 quociens
1687 5089 1742 5156 boe
