3788 6078
620 541 670 593 Die
688 541 806 593 Statuten
830 557 881 594 von
911 543 1083 596 teca-1520.
1505 546 1565 612 597

148 757 191 822 18.
218 774 526 824 saccataulauuus
555 777 647 824 tura
677 776 732 824 sut
758 776 1011 826 Puouoclouuu
1033 778 1232 826 renuamus
1255 780 1351 828 UNAM
1373 779 1559 840 Quaesum-

430 876 503 924 NEM
523 861 778 950 automatum
799 877 836 924 IN
858 877 976 926 soclus
998 877 1272 926 nereaumsssu

228 1004 374 1087 Quilibet
394 1008 506 1074 volens
526 1011 713 1096 promoveri
735 1010 769 1074 in
790 1008 1031 1076 baccalaurium
1052 1009 1232 1076 medicinae
1245 1019 1371 1076 tenetur
1383 1020 1459 1075 ante
1471 1035 1564 1079 suum

141 1107 306 1192 privatum
320 1129 457 1173 examen
467 1117 499 1174 et
511 1117 586 1174 ante
598 1108 887 1197 dispensacionem,
910 1132 993 1196 quae
1014 1109 1095 1174 fiunt
1116 1131 1174 1196 per
1196 1110 1399 1176 doctoresde
1421 1111 1556 1177 consilio

139 1204 303 1270 facultatis
326 1205 480 1290 eiusdem,
502 1207 632 1294 publice
652 1211 686 1272 in
708 1207 805 1274 scolis
825 1209 884 1274 sub
907 1209 1015 1297 aliquo
1036 1207 1217 1274 medicinae
1239 1209 1371 1275 doctore
1398 1211 1557 1295 quaestio·
1586 1223 1603 1278 5

140 1325 215 1369 nem
237 1305 479 1371 medicinalem²
501 1305 734 1372 determinasse
755 1317 787 1372 et
807 1307 913 1373 eidem
935 1309 1062 1374 doctori
1085 1319 1117 1373 et
1138 1309 1210 1373 aliis
1231 1308 1397 1395 magistris
1427 1331 1467 1373 ac
1489 1333 1560 1375 sco-

139 1403 265 1470 laribus
287 1415 416 1470 nostrae
438 1405 618 1486 facultatis,
641 1429 779 1494 arguere
799 1406 981 1473 volentibus
1004 1417 1117 1474 contra
1140 1429 1231 1474 suam
1251 1408 1467 1495 posicionem,
1503 1432 1563 1498 pro

141 1526 237 1590 posse
258 1505 492 1592 respondissc³.

144 1725 190 1786 19·
218 1738 393 1788 SCOLARES
419 1739 463 1786 ET
493 1739 722 1788 uaccautuan
751 1739 787 1788 IN
817 1739 993 1789 uuutcuus
1024 1741 1213 1791 TENENTUR
1244 1742 1384 1791 oestuo
1406 1741 1451 1791 ΕΤ
1473 1743 1562 1792 tuns

508 1836 731 1889 Docrossletts
753 1839 999 1890 Ruvuauuclnu
1019 1841 1207 1890 sumansu.
1573 1837 1605 1892 10

225 1969 370 2052 Quilibet
390 1967 617 2036 baccalaurius
640 1995 696 2036 eeu
716 1971 852 2037 scolaris
872 1973 1035 2039 facultatis
1048 1975 1191 2040 medicae
1205 1984 1332 2042 tenetur
1352 1997 1413 2062 pro
1434 1972 1505 2041 loco
1528 1985 1560 2041 et

139 2077 288 2156 tempore
310 2079 509 2156 congruente
531 2069 654 2136 decano
676 2081 707 2136 et
728 2070 914 2138 doctoribus
937 2073 1082 2138 eiusdem
1102 2073 1268 2138 facultatis
1295 2073 1440 2139 debitum
1462 2075 1560 2141 hono·

136 2191 204 2232 rem
229 2177 261 2233 et
283 2171 505 2234 reverenciam
527 2169 724 2256 impendere,
747 2171 808 2237 sub
830 2195 936 2259 poena
956 2195 1021 2238 non
1040 2173 1246 2239 admissionis
1268 2173 1311 2239 ad
1334 2171 1473 2261 aliquem
1486 2197 1560 2262 gra-

136 2266 225 2333 dum.
266 2267 356 2350 Item,
380 2269 406 2332 si
429 2267 502 2355 quis
523 2289 633 2333 eorum
656 2268 793 2354 aliquem
816 2293 857 2335 ex
880 2270 1067 2338 doctoribus
1090 2269 1192 2361 (quod
1203 2272 1303 2360 absit)
1325 2274 1479 2338 iniuriose
1494 2297 1560 2340 mo·

135 2366 315 2449 lestavcrit,
347 2367 422 2433 talis
449 2389 513 2432 non
540 2367 731 2434 admittatur
752 2369 794 2434 ad
816 2369 958 2458 aliquam
986 2374 1242 2459 promocionem,
1282 2374 1345 2436 nisi
1373 2374 1463 2458 prius
1493 2372 1556 2438 sibi
1572 2383 1602 2438 15

135 2465 366 2532 reconciliatus
387 2467 500 2550 fuerit;
521 2489 596 2530 nam
617 2489 682 2531 non
706 2479 755 2532 est
777 2467 1027 2558 dignusaliqua
1047 2473 1273 2558 promocione,
1303 2474 1358 2560 qui
1380 2473 1446 2538 suis
1466 2495 1559 2560 prae·

138 2564 337 2652 captoribus,
361 2565 519 2654 aquibus
542 2587 613 2632 eam
637 2567 848 2652 affectaverit,
870 2569 1044 2636 indiscrete
1063 2571 1213 2658 insurgit.

133 2787 182 2850 tt).
213 2779 274 2870 [ΒΙ.
297 2779 347 2870 6⁸]
379 2799 475 2848 orno
497 2799 727 2848 rnouovsum
753 2801 1016 2853 encoaasuaros
1049 2805 1239 2854 omniomnis
1269 2808 1337 2855 aaa
1365 2806 1561 2873 oocroass,

511 2891 548 2946 et
569 2881 730 2968 legitur
751 2883 999 2952 doctoribus
1019 2897 1185 2954 tantum.

218 3032 342 3114 Placet,
364 3032 451 3120 quod
473 3031 628 3119 deinceps
649 3035 741 3098 iuxta
763 3039 887 3100 scnium
909 3036 1080 3102 doctorum
1102 3037 1142 3102 de
1163 3038 1298 3104 oonsilio
1320 3038 1484 3104 facultatis
1503 3061 1556 3104 ex·
1569 3047 1603 3102 20

71 3165 74 3170 ·
132 3134 309 3200 istencium
332 3131 599 3197 baccalauriandi
621 3143 883 3220 promoveantur,
910 3137 957 3200 ita
979 3137 1065 3224 quod
1094 3135 1243 3202 doctores
1265 3139 1408 3202 vicissim
1430 3159 1556 3224 promo·

135 3244 238 3300 veant
260 3243 291 3298 et
314 3231 561 3297 emolumentum
582 3230 928 3299 baccalauriandorum
948 3235 1024 3300 inde
1045 3237 1215 3322 recipiant,
1237 3237 1388 3302 videlicet
1410 3236 1508 3325 quod,
1530 3237 1558 3300 si

133 3356 217 3398 unus
240 3341 364 3396 tantum
389 3354 448 3420 pro
471 3330 578 3419 aliquo
601 3341 747 3418 tempore
768 3332 1061 3400 baccalauriandus
1081 3337 1174 3420 foret,
1198 3348 1274 3402 tunc
1296 3339 1365 3402 eius
1386 3346 1560 3423 promotor,

133 3432 161 3496 si
185 3432 278 3519 prius
299 3429 386 3496 nullo
409 3430 622 3496 emolumento
644 3433 865 3520 participavit,
887 3433 921 3497 in
943 3456 1002 3498 suo
1026 3435 1140 3500 ordine
1168 3437 1288 3503 habeat
1314 3447 1414 3503 totam
1444 3458 1559 3525 peccu-

132 3534 233 3613 niam,
255 3532 349 3596 iuxta
371 3539 523 3596 statutum
547 3529 688 3616 desuper
709 3533 887 3598 confectum
917 3532 999 3598 solvi
1028 3545 1231 3620 consuetam3
1275 3539 1302 3602 si
1326 3535 1453 3624 plures,
1482 3545 1601 3602 uncae

132 3655 206 3697 cum
243 3630 316 3695 aliis
352 3629 540 3695 doctoribus
577 3631 764 3696 immediate
789 3631 997 3720 sequentibus
1029 3634 1276 3702 emolumentum
1304 3659 1345 3702 ex
1375 3635 1559 3701 huiusmodi

132 3731 347 3818 promocione
369 3731 563 3817 proveniens
585 3729 913 3818 proporcionabiliter
933 3731 1060 3797 dividat
1081 3744 1113 3798 et
1135 3735 1309 3801 distribuat
1332 3746 1363 3800 et
1383 3738 1555 3821 unicuique

132 3831 304 3896 doctorum
326 3831 429 3894 eciam
450 3831 611 3918 integram
633 3832 820 3918 porcionem
843 3830 977 3896 alicuius
999 3837 1141 3919 promoti
1164 3834 1338 3918 offerendo,
1359 3858 1419 3923 pro
1436 3859 1471 3902 se
1484 3858 1557 3923 par·

131 3940 199 3996 tem
220 3931 316 3996 unius
336 3927 536 3996 bacoalaurii
565 3931 704 4018 promoti
731 3930 903 3995 dumtaxat
929 3932 1116 4018 retinend03
1158 3934 1350 4024 doctorque,
1383 3937 1418 4001 in
1447 3936 1559 4002 ordine

133 4052 272 4118 sequens
296 4029 395 4094 istum
418 4039 652 4116 promotorem,
680 4029 743 4095 alio
766 4039 911 4117 tempore
939 4030 1057 4097 habeat
1084 4035 1298 4121 promovendi
1326 4033 1601 4101 baccalaureos30

131 4129 331 4212 facultatem,
354 4139 386 4194 et
407 4129 634 4196 nichilominus
655 4132 689 4194 in
711 4127 944 4214 emolumento,
968 4133 1074 4218 prius,
1098 4131 1173 4198 dum
1194 4158 1258 4200 non
1280 4137 1459 4222 promovit,
1481 4141 1559 4222 'per-

132 4238 238 4317 cepto,
261 4227 357 4293 debet
379 4251 450 4294 esse
472 4238 638 4294 contentus
660 4239 692 4294 et
714 4230 861 4317 sequenti
883 4229 1008 4296 doctori
1031 4233 1084 4298 vel
1105 4232 1304 4318 doctoribus,
1328 4236 1383 4323 qui
1406 4258 1471 4302 non
1482 4256 1557 4322 par·

130 4329 283 4415 ticipavit
304 4350 361 4392 seu
380 4328 629 4414 participarunt,
648 4328 865 4394 obvenciones
886 4330 961 4396 inde
984 4343 1165 4420 perceptas,
1190 4333 1287 4399 modo
1309 4356 1372 4422 quo
1389 4358 1489 4423 supra
1503 4357 1557 4398 au-

130 4437 276 4494 notatum
309 4438 374 4510 est,
414 4426 492 4493 dare
519 4428 691 4494 tenebitur.
734 4429 779 4494 Et
805 4439 841 4494 ut
869 4431 1057 4516 praedictus
1076 4432 1156 4498 ordo
1179 4433 1347 4499 doctorum
1369 4455 1557 4521 promoven·

130 4530 218 4596 cium
241 4536 273 4594 et
294 4526 443 4610 aliorum,
467 4528 523 4614 qui
544 4528 792 4594 emolumentum
815 4550 857 4594 ex
878 4529 936 4594 tali
957 4533 1162 4618 promocione
1184 4544 1415 4621 perceperunt,
1444 4535 1477 4598 in
1505 4542 1599 4599 re=35

219 4801 231 4850 1
252 4793 403 4866 Corrigiert
418 4794 447 4850 in
465 4797 536 4850 aras
551 4796 721 4867 quasdem
738 4795 921 4853 moinum.

219 4883 235 4933 2
252 4876 404 4949 Corrigiert
420 4878 449 4934 in
467 4882 538 4935 ἀιιαε
555 4880 725 4952 minutiones
742 4881 918 4936 medinm

220 4967 236 5019 3
255 4963 308 5017 Am
328 4963 426 5018 Raude
444 4965 532 5020 Nota:
550 4965 632 5019 Novo
651 4971 752 5020 statuto
770 4971 879 5020 comen
895 4972 940 5030 eet,
959 4973 989 5019 ut
1007 4966 1050 5020 bie
1066 4971 1232 5039 respondeat
1247 4967 1345 5038 quoium.
1371 4965 1417 5021 Da
1433 4966 1485 5021 mit
1501 4965 1557 5021 die·

130 5065 188 5103 sem
205 5065 305 5102 noeman
321 5055 449 5102 suanm
467 5047 511 5104 ein
530 5048 733 5104 Zusataartikel
751 5047 829 5104 nicht
844 5049 965 5119 gemeint
986 5049 1037 5116 ist,
1061 5067 1091 5105 so
1114 5050 1202 5108 bleibt
1225 5069 1277 5106 nur
1293 5051 1337 5104 die
1356 5049 1456 5106 bdchst
1471 5049 1557 5104 wahr-

130 5129 301 5188 scheinliche
318 5131 524 5205 Vermuthung,
560 5134 625 5188 dass
648 5133 780 5188 darunter
806 5131 855 5188 der
876 5135 946 5188 ordo
960 5137 1145 5204 promovendi
1163 5154 1218 5194 von
1240 5141 1302 5192 1513
1320 5135 1487 5192 verstanden
1504 5133 1552 5190 sei.

130 5215 159 5272 S.
177 5231 205 5272 u.
239 5213 294 5270 Die
315 5213 446 5272 Statuten
465 5235 519 5272 von
542 5222 603 5273 1513
624 5217 685 5272 sind
703 5215 863 5273 schwerlicb
879 5217 1008 5289 gemeint.
