<?xml version="1.0" encoding="UTF-8"?>
<!DOCTYPE html PUBLIC "-//W3C//DTD XHTML 1.0 Transitional//EN"
    "http://www.w3.org/TR/xhtml1/DTD/xhtml1-transitional.dtd">
<html xmlns="http://www.w3.org/1999/xhtml" xml:lang="en" lang="en">
 <head>
  <title>
</title>
<meta http-equiv="Content-Type" content="text/html;charset=utf-8" />
  <meta name='ocr-system' content='tesseract 3.04.00' />
  <meta name='ocr-capabilities' content='ocr_page ocr_carea ocr_par ocr_line ocrx_word'/>
</head>
<body>
  <div class='ocr_page' id='page_1' title='image "./diestatutenbche00leipgoog_0255.png"; bbox 0 0 3768 6072; ppageno 0'>
   <div class='ocr_carea' id='block_1_1' title="bbox 331 439 1188 506">
    <p class='ocr_par' dir='ltr' id='par_1_1' title="bbox 331 439 1188 506">
     <span class='ocr_line' id='line_1_1' title="bbox 331 439 1188 506; baseline 0.004 -17"><span class='ocrx_word' id='word_1_1' title='bbox 331 439 392 506; x_wconf 72' lang='lat'><strong>234</strong></span> <span class='ocrx_word' id='word_1_2' title='bbox 907 440 962 490; x_wconf 79' lang='lat' dir='ltr'><strong>Dar</strong></span> <span class='ocrx_word' id='word_1_3' title='bbox 979 439 1067 492; x_wconf 80' lang='lat' dir='ltr'><strong>kleina</strong></span> <span class='ocrx_word' id='word_1_4' title='bbox 1085 440 1188 504; x_wconf 60' lang='lat' dir='ltr'><strong>Colice</strong></span> 
     </span>
    </p>
   </div>
   <div class='ocr_carea' id='block_1_2' title="bbox 328 617 1754 1002">
    <p class='ocr_par' dir='ltr' id='par_1_2' title="bbox 328 617 1754 1002">
     <span class='ocr_line' id='line_1_2' title="bbox 329 617 1754 708; baseline 0.001 -24"><span class='ocrx_word' id='word_1_5' title='bbox 329 617 577 705; x_wconf 88' lang='lat' dir='ltr'><strong>unumquodque</strong></span> <span class='ocrx_word' id='word_1_6' title='bbox 599 621 840 707; x_wconf 89' lang='lat' dir='ltr'><strong>suppositorum</strong></span> <span class='ocrx_word' id='word_1_7' title='bbox 862 621 1035 708; x_wconf 77' lang='lat' dir='ltr'><strong>diligenter</strong></span> <span class='ocrx_word' id='word_1_8' title='bbox 1055 620 1239 702; x_wconf 86' lang='lat' dir='ltr'><strong>admonere,</strong></span> <span class='ocrx_word' id='word_1_9' title='bbox 1259 629 1295 684; x_wconf 92' lang='lat' dir='ltr'><strong>ut</strong></span> <span class='ocrx_word' id='word_1_10' title='bbox 1317 639 1388 686; x_wconf 83' lang='lat' dir='ltr'><strong>sese</strong></span> <span class='ocrx_word' id='word_1_11' title='bbox 1410 619 1505 686; x_wconf 82' lang='lat' dir='ltr'><strong>iuxta</strong></span> <span class='ocrx_word' id='word_1_12' title='bbox 1525 621 1754 686; x_wconf 83' lang='lat' dir='ltr'><strong>continentiam</strong></span> 
     </span>
     <span class='ocr_line' id='line_1_3' title="bbox 328 716 1754 806; baseline 0.001 -23"><span class='ocrx_word' id='word_1_13' title='bbox 328 717 514 785; x_wconf 90' lang='lat' dir='ltr'><strong>huiusmodi</strong></span> <span class='ocrx_word' id='word_1_14' title='bbox 535 729 727 785; x_wconf 87' lang='lat' dir='ltr'><strong>statutorum</strong></span> <span class='ocrx_word' id='word_1_15' title='bbox 747 720 880 787; x_wconf 88' lang='lat' dir='ltr'><strong>honeste</strong></span> <span class='ocrx_word' id='word_1_16' title='bbox 900 731 1004 806; x_wconf 86' lang='lat' dir='ltr'><strong>regat,</strong></span> <span class='ocrx_word' id='word_1_17' title='bbox 1026 743 1100 786; x_wconf 89' lang='lat' dir='ltr'><strong>eum</strong></span> <span class='ocrx_word' id='word_1_18' title='bbox 1120 719 1290 806; x_wconf 76' lang='lat' dir='ltr'><strong>diligentia</strong></span> <span class='ocrx_word' id='word_1_19' title='bbox 1311 716 1440 785; x_wconf 82' lang='lat' dir='ltr'><strong>studeat</strong></span> <span class='ocrx_word' id='word_1_20' title='bbox 1460 728 1493 783; x_wconf 90' lang='lat' dir='ltr'><strong>ct</strong></span> <span class='ocrx_word' id='word_1_21' title='bbox 1512 727 1627 784; x_wconf 87' lang='lat' dir='ltr'><strong>contra</strong></span> <span class='ocrx_word' id='word_1_22' title='bbox 1648 718 1754 784; x_wconf 85' lang='lat' dir='ltr'><strong>buius-</strong></span> 
     </span>
     <span class='ocr_line' id='line_1_4' title="bbox 329 817 1754 908; baseline 0.001 -25"><span class='ocrx_word' id='word_1_23' title='bbox 329 817 419 884; x_wconf 90' lang='lat' dir='ltr'><strong>modi</strong></span> <span class='ocrx_word' id='word_1_24' title='bbox 451 827 572 883; x_wconf 89' lang='lat' dir='ltr'><strong>statuta</strong></span> <span class='ocrx_word' id='word_1_25' title='bbox 598 820 705 884; x_wconf 81' lang='lat' dir='ltr'><strong>facere</strong></span> <span class='ocrx_word' id='word_1_26' title='bbox 732 843 798 886; x_wconf 90' lang='lat' dir='ltr'><strong>non</strong></span> <span class='ocrx_word' id='word_1_27' title='bbox 826 831 1028 908; x_wconf 88' lang='lat' dir='ltr'><strong>praesumat,</strong></span> <span class='ocrx_word' id='word_1_28' title='bbox 1060 829 1096 885; x_wconf 95' lang='lat' dir='ltr'><strong>ut</strong></span> <span class='ocrx_word' id='word_1_29' title='bbox 1128 821 1175 885; x_wconf 89' lang='lat' dir='ltr'><strong>sic</strong></span> <span class='ocrx_word' id='word_1_30' title='bbox 1206 841 1328 905; x_wconf 91' lang='lat' dir='ltr'><strong>poenas</strong></span> <span class='ocrx_word' id='word_1_31' title='bbox 1360 818 1393 882; x_wconf 94' lang='lat' dir='ltr'><strong>in</strong></span> <span class='ocrx_word' id='word_1_32' title='bbox 1424 817 1547 882; x_wconf 89' lang='lat' dir='ltr'><strong>eisdem</strong></span> <span class='ocrx_word' id='word_1_33' title='bbox 1579 840 1754 906; x_wconf 86' lang='lat' dir='ltr'><strong>expressas</strong></span> 
     </span>
     <span class='ocr_line' id='line_1_5' title="bbox 331 917 596 1002; baseline 0 -20"><span class='ocrx_word' id='word_1_34' title='bbox 331 917 470 984; x_wconf 89' lang='lat' dir='ltr'><strong>evadere</strong></span> <span class='ocrx_word' id='word_1_35' title='bbox 491 927 596 1002; x_wconf 82' lang='lat' dir='ltr'>queat.</span> 
     </span>
    </p>
   </div>
   <div class='ocr_carea' id='block_1_3' title="bbox 287 1072 1335 1136">
    <p class='ocr_par' dir='ltr' id='par_1_3' title="bbox 287 1072 1335 1136">
     <span class='ocr_line' id='line_1_6' title="bbox 287 1072 1335 1136; baseline -0.001 -4"><span class='ocrx_word' id='word_1_36' title='bbox 287 1075 304 1132; x_wconf 83' lang='lat'>⁵</span> <span class='ocrx_word' id='word_1_37' title='bbox 737 1072 786 1136; x_wconf 81' lang='lat'><strong>22.</strong></span> <span class='ocrx_word' id='word_1_38' title='bbox 808 1087 855 1134; x_wconf 84' lang='lat' dir='ltr'><strong>nn</strong></span> <span class='ocrx_word' id='word_1_39' title='bbox 876 1085 1097 1135; x_wconf 76' lang='lat' dir='ltr'><strong>vrsrrsrrorus</strong></span> <span class='ocrx_word' id='word_1_40' title='bbox 1119 1083 1335 1134; x_wconf 80' lang='lat' dir='ltr'><strong>ramrosrrr.</strong></span> 
     </span>
    </p>
   </div>
   <div class='ocr_carea' id='block_1_4' title="bbox 330 1217 1757 1508">
    <p class='ocr_par' dir='ltr' id='par_1_4' title="bbox 330 1217 1757 1508">
     <span class='ocr_line' id='line_1_7' title="bbox 410 1217 1756 1307; baseline 0 -23"><span class='ocrx_word' id='word_1_41' title='bbox 410 1217 492 1284; x_wconf 84' lang='lat' dir='ltr'><strong>Item</strong></span> <span class='ocrx_word' id='word_1_42' title='bbox 519 1219 725 1306; x_wconf 88' lang='lat' dir='ltr'><strong>praepositus</strong></span> <span class='ocrx_word' id='word_1_43' title='bbox 746 1227 892 1307; x_wconf 86' lang='lat' dir='ltr'><strong>tempore</strong></span> <span class='ocrx_word' id='word_1_44' title='bbox 915 1222 1163 1306; x_wconf 74' lang='lat' dir='ltr'><strong>praepositurae</strong></span> <span class='ocrx_word' id='word_1_45' title='bbox 1191 1240 1269 1286; x_wconf 85' lang='lat' dir='ltr'><strong>suae</strong></span> <span class='ocrx_word' id='word_1_46' title='bbox 1296 1217 1494 1284; x_wconf 89' lang='lat' dir='ltr'><strong>debetcum</strong></span> <span class='ocrx_word' id='word_1_47' title='bbox 1523 1220 1590 1284; x_wconf 91' lang='lat' dir='ltr'><strong>suis</strong></span> <span class='ocrx_word' id='word_1_48' title='bbox 1618 1218 1756 1284; x_wconf 87' lang='lat' dir='ltr'><strong>aedituis</strong></span> 
     </span>
     <span class='ocr_line' id='line_1_8' title="bbox 330 1316 1755 1406; baseline 0.001 -25"><span class='ocrx_word' id='word_1_49' title='bbox 330 1316 478 1383; x_wconf 90' lang='lat' dir='ltr'><strong>adminus</strong></span> <span class='ocrx_word' id='word_1_50' title='bbox 501 1316 597 1382; x_wconf 88' lang='lat' dir='ltr'><strong>semel</strong></span> <span class='ocrx_word' id='word_1_51' title='bbox 619 1319 753 1386; x_wconf 86' lang='lat' dir='ltr'><strong>visitare</strong></span> <span class='ocrx_word' id='word_1_52' title='bbox 774 1319 990 1384; x_wconf 80' lang='lat' dir='ltr'><strong>habitationes</strong></span> <span class='ocrx_word' id='word_1_53' title='bbox 1012 1319 1256 1406; x_wconf 88' lang='lat' dir='ltr'><strong>suppositorum</strong></span> <span class='ocrx_word' id='word_1_54' title='bbox 1276 1341 1432 1405; x_wconf 81' lang='lat' dir='ltr'><strong>praesens</strong></span> <span class='ocrx_word' id='word_1_55' title='bbox 1453 1318 1625 1404; x_wconf 82' lang='lat' dir='ltr'><strong>collegium</strong></span> <span class='ocrx_word' id='word_1_56' title='bbox 1646 1319 1755 1384; x_wconf 83' lang='lat' dir='ltr'><strong>immo</strong></span> 
     </span>
     <span class='ocr_line' id='line_1_9' title="bbox 330 1413 1757 1508; baseline 0.003 -28"><span class='ocrx_word' id='word_1_57' title='bbox 330 1417 472 1481; x_wconf 86' lang='lat' dir='ltr'><strong>rentium</strong></span> <span class='ocrx_word' id='word_1_58' title='bbox 494 1427 525 1482; x_wconf 88' lang='lat' dir='ltr'><strong>et</strong></span> <span class='ocrx_word' id='word_1_59' title='bbox 542 1413 604 1503; x_wconf 76' lang='lat'>[7⁸]</span> <span class='ocrx_word' id='word_1_60' title='bbox 626 1417 748 1484; x_wconf 86' lang='lat' dir='ltr'><strong>ibidem</strong></span> <span class='ocrx_word' id='word_1_61' title='bbox 768 1419 941 1506; x_wconf 81' lang='lat' dir='ltr'><strong>respicere,</strong></span> <span class='ocrx_word' id='word_1_62' title='bbox 963 1440 1004 1484; x_wconf 90' lang='lat' dir='ltr'><strong>ne</strong></span> <span class='ocrx_word' id='word_1_63' title='bbox 1026 1417 1168 1505; x_wconf 89' lang='lat' dir='ltr'><strong>parietes</strong></span> <span class='ocrx_word' id='word_1_64' title='bbox 1189 1418 1355 1504; x_wconf 85' lang='lat' dir='ltr'><strong>perforent</strong></span> <span class='ocrx_word' id='word_1_65' title='bbox 1376 1419 1429 1486; x_wconf 92' lang='lat' dir='ltr'><strong>vel</strong></span> <span class='ocrx_word' id='word_1_66' title='bbox 1451 1417 1631 1508; x_wconf 83' lang='lat' dir='ltr'><strong>parictibus</strong></span> <span class='ocrx_word' id='word_1_67' title='bbox 1657 1415 1757 1484; x_wconf 78' lang='lat' dir='ltr'><strong>affixa</strong></span> 
     </span>
    </p>
   </div>
   <div class='ocr_carea' id='block_1_5' title="bbox 287 1515 1758 2202">
    <p class='ocr_par' dir='ltr' id='par_1_5' title="bbox 291 1515 1757 1704">
     <span class='ocr_line' id='line_1_10' title="bbox 329 1515 1756 1605; baseline 0 -25"><span class='ocrx_word' id='word_1_68' title='bbox 329 1515 491 1602; x_wconf 81' lang='lat' dir='ltr'><strong>frangant,</strong></span> <span class='ocrx_word' id='word_1_69' title='bbox 517 1524 572 1582; x_wconf 86' lang='lat' dir='ltr'><strong>eut</strong></span> <span class='ocrx_word' id='word_1_70' title='bbox 592 1517 682 1583; x_wconf 89' lang='lat' dir='ltr'><strong>focos</strong></span> <span class='ocrx_word' id='word_1_71' title='bbox 705 1519 775 1583; x_wconf 82' lang='lat' dir='ltr'><strong>sive</strong></span> <span class='ocrx_word' id='word_1_72' title='bbox 794 1519 944 1584; x_wconf 79' lang='lat' dir='ltr'><strong>fornaces</strong></span> <span class='ocrx_word' id='word_1_73' title='bbox 965 1517 1088 1582; x_wconf 91' lang='lat' dir='ltr'><strong>ibidem</strong></span> <span class='ocrx_word' id='word_1_74' title='bbox 1111 1525 1300 1582; x_wconf 87' lang='lat' dir='ltr'><strong>construant</strong></span> <span class='ocrx_word' id='word_1_75' title='bbox 1320 1517 1373 1582; x_wconf 86' lang='lat' dir='ltr'><strong>veI</strong></span> <span class='ocrx_word' id='word_1_76' title='bbox 1396 1517 1547 1600; x_wconf 83' lang='lat' dir='ltr'><strong>babeant,</strong></span> <span class='ocrx_word' id='word_1_77' title='bbox 1576 1519 1610 1582; x_wconf 91' lang='lat' dir='ltr'><strong>in</strong></span> <span class='ocrx_word' id='word_1_78' title='bbox 1639 1516 1756 1605; x_wconf 88' lang='lat' dir='ltr'><strong>quibus</strong></span> 
     </span>
     <span class='ocr_line' id='line_1_11' title="bbox 291 1614 1757 1704; baseline -0.001 -23"><span class='ocrx_word' id='word_1_79' title='bbox 291 1625 321 1682; x_wconf 82' lang='lat' dir='ltr'><strong>lo</strong></span> <span class='ocrx_word' id='word_1_80' title='bbox 329 1616 436 1701; x_wconf 87' lang='lat' dir='ltr'><strong>ignem</strong></span> <span class='ocrx_word' id='word_1_81' title='bbox 463 1616 599 1698; x_wconf 83' lang='lat' dir='ltr'><strong>faciant,</strong></span> <span class='ocrx_word' id='word_1_82' title='bbox 629 1626 684 1682; x_wconf 91' lang='lat' dir='ltr'><strong>aut</strong></span> <span class='ocrx_word' id='word_1_83' title='bbox 705 1619 821 1704; x_wconf 88' lang='lat' dir='ltr'><strong>quovis</strong></span> <span class='ocrx_word' id='word_1_84' title='bbox 843 1616 907 1683; x_wconf 88' lang='lat' dir='ltr'><strong>alio</strong></span> <span class='ocrx_word' id='word_1_85' title='bbox 928 1617 1025 1683; x_wconf 92' lang='lat' dir='ltr'><strong>modo</strong></span> <span class='ocrx_word' id='word_1_86' title='bbox 1046 1617 1200 1683; x_wconf 89' lang='lat' dir='ltr'><strong>damnum</strong></span> <span class='ocrx_word' id='word_1_87' title='bbox 1223 1614 1359 1702; x_wconf 86' lang='lat' dir='ltr'><strong>collegio</strong></span> <span class='ocrx_word' id='word_1_88' title='bbox 1384 1618 1539 1699; x_wconf 86' lang='lat' dir='ltr'><strong>inferant,</strong></span> <span class='ocrx_word' id='word_1_89' title='bbox 1566 1639 1609 1682; x_wconf 91' lang='lat' dir='ltr'><strong>ne</strong></span> <span class='ocrx_word' id='word_1_90' title='bbox 1630 1638 1757 1703; x_wconf 92' lang='lat' dir='ltr'><strong>quoque</strong></span> 
     </span>
    </p>

    <p class='ocr_par' dir='ltr' id='par_1_6' title="bbox 327 1713 1756 1804">
     <span class='ocr_line' id='line_1_12' title="bbox 327 1713 1756 1804; baseline -0.001 -24"><span class='ocrx_word' id='word_1_91' title='bbox 327 1714 494 1780; x_wconf 88' lang='lat' dir='ltr'><strong>mulierem</strong></span> <span class='ocrx_word' id='word_1_92' title='bbox 516 1713 568 1778; x_wconf 88' lang='lat' dir='ltr'><strong>vel</strong></span> <span class='ocrx_word' id='word_1_93' title='bbox 597 1714 747 1782; x_wconf 90' lang='lat' dir='ltr'><strong>mulieres</strong></span> <span class='ocrx_word' id='word_1_94' title='bbox 770 1726 954 1804; x_wconf 87' lang='lat' dir='ltr'><strong>suspectam</strong></span> <span class='ocrx_word' id='word_1_95' title='bbox 976 1716 1028 1782; x_wconf 87' lang='lat' dir='ltr'><strong>vel</strong></span> <span class='ocrx_word' id='word_1_96' title='bbox 1056 1725 1225 1803; x_wconf 89' lang='lat' dir='ltr'><strong>suspectas</strong></span> <span class='ocrx_word' id='word_1_97' title='bbox 1246 1715 1468 1800; x_wconf 82' lang='lat' dir='ltr'><strong>introducent,</strong></span> <span class='ocrx_word' id='word_1_98' title='bbox 1489 1715 1541 1781; x_wconf 84' lang='lat' dir='ltr'><strong>vel</strong></span> <span class='ocrx_word' id='word_1_99' title='bbox 1571 1717 1606 1780; x_wconf 93' lang='lat' dir='ltr'><strong>in</strong></span> <span class='ocrx_word' id='word_1_100' title='bbox 1632 1715 1756 1780; x_wconf 88' lang='lat' dir='ltr'><strong>babita-</strong></span> 
     </span>
    </p>

    <p class='ocr_par' dir='ltr' id='par_1_7' title="bbox 329 1813 1755 1904">
     <span class='ocr_line' id='line_1_13' title="bbox 329 1813 1755 1904; baseline 0.001 -26"><span class='ocrx_word' id='word_1_101' title='bbox 329 1813 470 1879; x_wconf 90' lang='lat' dir='ltr'><strong>tionibus</strong></span> <span class='ocrx_word' id='word_1_102' title='bbox 491 1815 557 1878; x_wconf 92' lang='lat' dir='ltr'><strong>suis</strong></span> <span class='ocrx_word' id='word_1_103' title='bbox 581 1837 689 1880; x_wconf 89' lang='lat' dir='ltr'><strong>secum</strong></span> <span class='ocrx_word' id='word_1_104' title='bbox 717 1826 856 1884; x_wconf 76' lang='lat' dir='ltr'><strong>teneant.</strong></span> <span class='ocrx_word' id='word_1_105' title='bbox 899 1817 944 1881; x_wconf 89' lang='lat' dir='ltr'><strong>Et</strong></span> <span class='ocrx_word' id='word_1_106' title='bbox 969 1819 1115 1904; x_wconf 88' lang='lat' dir='ltr'><strong>siquem</strong></span> <span class='ocrx_word' id='word_1_107' title='bbox 1145 1814 1341 1880; x_wconf 81' lang='lat' dir='ltr'><strong>scholarium</strong></span> <span class='ocrx_word' id='word_1_108' title='bbox 1362 1815 1494 1902; x_wconf 89' lang='lat' dir='ltr'><strong>aliquod</strong></span> <span class='ocrx_word' id='word_1_109' title='bbox 1514 1813 1755 1903; x_wconf 86' lang='lat' dir='ltr'><strong>praedictorum</strong></span> 
     </span>
    </p>

    <p class='ocr_par' dir='ltr' id='par_1_8' title="bbox 327 1913 1756 2003">
     <span class='ocr_line' id='line_1_14' title="bbox 327 1913 1756 2003; baseline 0.001 -26"><span class='ocrx_word' id='word_1_110' title='bbox 327 1913 444 1978; x_wconf 90' lang='lat' dir='ltr'><strong>fecisse</strong></span> <span class='ocrx_word' id='word_1_111' title='bbox 464 1915 638 2001; x_wconf 89' lang='lat' dir='ltr'><strong>repererit,</strong></span> <span class='ocrx_word' id='word_1_112' title='bbox 668 1917 776 2003; x_wconf 88' lang='lat' dir='ltr'><strong>ipsum</strong></span> <span class='ocrx_word' id='word_1_113' title='bbox 801 1918 895 1982; x_wconf 85' lang='lat' dir='ltr'><strong>iuxta</strong></span> <span class='ocrx_word' id='word_1_114' title='bbox 921 1923 1043 1982; x_wconf 84' lang='lat' dir='ltr'><strong>statuta</strong></span> <span class='ocrx_word' id='word_1_115' title='bbox 1063 1914 1115 1980; x_wconf 86' lang='lat' dir='ltr'><strong>vel</strong></span> <span class='ocrx_word' id='word_1_116' title='bbox 1143 1913 1341 2000; x_wconf 88' lang='lat' dir='ltr'><strong>condignum</strong></span> <span class='ocrx_word' id='word_1_117' title='bbox 1370 1916 1485 2002; x_wconf 89' lang='lat' dir='ltr'><strong>puniat</strong></span> <span class='ocrx_word' id='word_1_118' title='bbox 1509 1917 1666 2002; x_wconf 84' lang='lat' dir='ltr'><strong>locosque</strong></span> <span class='ocrx_word' id='word_1_119' title='bbox 1698 1913 1756 1979; x_wconf 88' lang='lat' dir='ltr'><strong>ibi-</strong></span> 
     </span>
    </p>

    <p class='ocr_par' dir='ltr' id='par_1_9' title="bbox 287 2012 1758 2202">
     <span class='ocr_line' id='line_1_15' title="bbox 327 2012 1758 2102; baseline -0.001 -24"><span class='ocrx_word' id='word_1_120' title='bbox 327 2012 400 2078; x_wconf 91' lang='lat' dir='ltr'><strong>dem</strong></span> <span class='ocrx_word' id='word_1_121' title='bbox 429 2023 577 2100; x_wconf 90' lang='lat' dir='ltr'><strong>repertos</strong></span> <span class='ocrx_word' id='word_1_122' title='bbox 601 2014 721 2102; x_wconf 87' lang='lat' dir='ltr'><strong>deponi</strong></span> <span class='ocrx_word' id='word_1_123' title='bbox 740 2014 793 2082; x_wconf 84' lang='lat' dir='ltr'><strong>vel</strong></span> <span class='ocrx_word' id='word_1_124' title='bbox 822 2017 983 2102; x_wconf 87' lang='lat' dir='ltr'><strong>confringi</strong></span> <span class='ocrx_word' id='word_1_125' title='bbox 1004 2012 1192 2097; x_wconf 86' lang='lat' dir='ltr'><strong>demandet,</strong></span> <span class='ocrx_word' id='word_1_126' title='bbox 1221 2025 1278 2080; x_wconf 88' lang='lat' dir='ltr'><strong>aut</strong></span> <span class='ocrx_word' id='word_1_127' title='bbox 1304 2016 1550 2102; x_wconf 88' lang='lat' dir='ltr'><strong>perseipsum</strong></span> <span class='ocrx_word' id='word_1_128' title='bbox 1572 2014 1758 2101; x_wconf 79' lang='lat' dir='ltr'><strong>confringat</strong></span> 
     </span>
     <span class='ocr_line' id='line_1_16' title="bbox 287 2111 530 2202; baseline 0.012 -25"><span class='ocrx_word' id='word_1_129' title='bbox 287 2119 361 2177; x_wconf 76' lang='lat' dir='ltr'><strong>ttet</strong></span> <span class='ocrx_word' id='word_1_130' title='bbox 380 2111 530 2202; x_wconf 82' lang='lat' dir='ltr'><strong>deponat</strong></span> 
     </span>
    </p>
   </div>
   <div class='ocr_carea' id='block_1_6' title="bbox 808 2269 1266 2333">
    <p class='ocr_par' dir='ltr' id='par_1_10' title="bbox 808 2269 1266 2333">
     <span class='ocr_line' id='line_1_17' title="bbox 808 2269 1266 2333; baseline -0.004 -3"><span class='ocrx_word' id='word_1_131' title='bbox 808 2269 857 2333; x_wconf 82' lang='lat'><strong>23.</strong></span> <span class='ocrx_word' id='word_1_132' title='bbox 878 2283 925 2330; x_wconf 84' lang='lat' dir='ltr'><strong>nn</strong></span> <span class='ocrx_word' id='word_1_133' title='bbox 948 2281 1117 2330; x_wconf 76' lang='lat' dir='ltr'><strong>assensn</strong></span> <span class='ocrx_word' id='word_1_134' title='bbox 1137 2281 1266 2330; x_wconf 75' lang='lat' dir='ltr'><strong>omns.</strong></span> 
     </span>
    </p>
   </div>
   <div class='ocr_carea' id='block_1_7' title="bbox 214 2412 1756 3401">
    <p class='ocr_par' dir='ltr' id='par_1_11' title="bbox 328 2412 1756 2700">
     <span class='ocr_line' id='line_1_18' title="bbox 411 2412 1755 2503; baseline 0 -25"><span class='ocrx_word' id='word_1_135' title='bbox 411 2414 494 2480; x_wconf 83' lang='lat' dir='ltr'><strong>Item</strong></span> <span class='ocrx_word' id='word_1_136' title='bbox 517 2414 652 2502; x_wconf 87' lang='lat' dir='ltr'><strong>quilibet</strong></span> <span class='ocrx_word' id='word_1_137' title='bbox 673 2412 919 2500; x_wconf 80' lang='lat' dir='ltr'><strong>collegiatarum</strong></span> <span class='ocrx_word' id='word_1_138' title='bbox 938 2437 1128 2503; x_wconf 92' lang='lat' dir='ltr'><strong>quocunque</strong></span> <span class='ocrx_word' id='word_1_139' title='bbox 1148 2424 1294 2501; x_wconf 88' lang='lat' dir='ltr'><strong>tempore</strong></span> <span class='ocrx_word' id='word_1_140' title='bbox 1317 2415 1392 2479; x_wconf 90' lang='lat' dir='ltr'><strong>anni</strong></span> <span class='ocrx_word' id='word_1_141' title='bbox 1414 2437 1474 2502; x_wconf 91' lang='lat' dir='ltr'><strong>per</strong></span> <span class='ocrx_word' id='word_1_142' title='bbox 1494 2437 1591 2478; x_wconf 89' lang='lat' dir='ltr'><strong>unum</strong></span> <span class='ocrx_word' id='word_1_143' title='bbox 1611 2435 1755 2480; x_wconf 87' lang='lat' dir='ltr'><strong>mensem</strong></span> 
     </span>
     <span class='ocr_line' id='line_1_19' title="bbox 329 2511 1756 2602; baseline 0.001 -26"><span class='ocrx_word' id='word_1_144' title='bbox 329 2511 447 2578; x_wconf 88' lang='lat' dir='ltr'><strong>absens</strong></span> <span class='ocrx_word' id='word_1_145' title='bbox 470 2535 541 2580; x_wconf 87' lang='lat' dir='ltr'><strong>esse</strong></span> <span class='ocrx_word' id='word_1_146' title='bbox 562 2515 690 2602; x_wconf 84' lang='lat' dir='ltr'><strong>poterit,</strong></span> <span class='ocrx_word' id='word_1_147' title='bbox 712 2515 810 2580; x_wconf 87' lang='lat' dir='ltr'><strong>etiam</strong></span> <span class='ocrx_word' id='word_1_148' title='bbox 831 2514 919 2581; x_wconf 89' lang='lat' dir='ltr'><strong>nullo</strong></span> <span class='ocrx_word' id='word_1_149' title='bbox 941 2513 984 2580; x_wconf 90' lang='lat' dir='ltr'><strong>ad</strong></span> <span class='ocrx_word' id='word_1_150' title='bbox 1004 2514 1067 2580; x_wconf 91' lang='lat' dir='ltr'><strong>hoc</strong></span> <span class='ocrx_word' id='word_1_151' title='bbox 1085 2515 1251 2602; x_wconf 86' lang='lat' dir='ltr'><strong>requisito,</strong></span> <span class='ocrx_word' id='word_1_152' title='bbox 1283 2513 1341 2580; x_wconf 89' lang='lat' dir='ltr'><strong>sed</strong></span> <span class='ocrx_word' id='word_1_153' title='bbox 1363 2523 1501 2602; x_wconf 90' lang='lat' dir='ltr'><strong>protunc</strong></span> <span class='ocrx_word' id='word_1_154' title='bbox 1520 2535 1582 2580; x_wconf 86' lang='lat' dir='ltr'><strong>sua</strong></span> <span class='ocrx_word' id='word_1_155' title='bbox 1602 2515 1756 2600; x_wconf 87' lang='lat' dir='ltr'><strong>porcione</strong></span> 
     </span>
     <span class='ocr_line' id='line_1_20' title="bbox 328 2610 1756 2700; baseline 0.001 -24"><span class='ocrx_word' id='word_1_156' title='bbox 328 2610 466 2694; x_wconf 83' lang='lat' dir='ltr'><strong>sellarii,</strong></span> <span class='ocrx_word' id='word_1_157' title='bbox 495 2615 523 2678; x_wconf 92' lang='lat' dir='ltr'><strong>si</strong></span> <span class='ocrx_word' id='word_1_158' title='bbox 544 2612 729 2680; x_wconf 86' lang='lat' dir='ltr'><strong>sallariatus</strong></span> <span class='ocrx_word' id='word_1_159' title='bbox 758 2615 870 2697; x_wconf 85' lang='lat' dir='ltr'><strong>fuerit,</strong></span> <span class='ocrx_word' id='word_1_160' title='bbox 901 2613 1035 2678; x_wconf 78' lang='lat' dir='ltr'><strong>carebit</strong></span> <span class='ocrx_word' id='word_1_161' title='bbox 1075 2613 1111 2678; x_wconf 80' lang='lat' dir='ltr'><strong>Si</strong></span> <span class='ocrx_word' id='word_1_162' title='bbox 1131 2635 1210 2680; x_wconf 84' lang='lat' dir='ltr'><strong>vero</strong></span> <span class='ocrx_word' id='word_1_163' title='bbox 1231 2613 1349 2699; x_wconf 89' lang='lat' dir='ltr'><strong>aliquis</strong></span> <span class='ocrx_word' id='word_1_164' title='bbox 1368 2614 1530 2678; x_wconf 91' lang='lat' dir='ltr'><strong>iuniorum</strong></span> <span class='ocrx_word' id='word_1_165' title='bbox 1551 2635 1611 2700; x_wconf 91' lang='lat' dir='ltr'><strong>per</strong></span> <span class='ocrx_word' id='word_1_166' title='bbox 1632 2621 1756 2678; x_wconf 85' lang='lat' dir='ltr'><strong>tantum</strong></span> 
     </span>
    </p>

    <p class='ocr_par' dir='ltr' id='par_1_12' title="bbox 214 2711 1756 3401">
     <span class='ocr_line' id='line_1_21' title="bbox 286 2711 1755 2800; baseline 0.003 -26"><span class='ocrx_word' id='word_1_167' title='bbox 286 2718 457 2798; x_wconf 72' lang='lat' dir='ltr'><strong>wtempus</strong></span> <span class='ocrx_word' id='word_1_168' title='bbox 485 2711 604 2778; x_wconf 91' lang='lat' dir='ltr'><strong>absens</strong></span> <span class='ocrx_word' id='word_1_169' title='bbox 632 2712 738 2796; x_wconf 85' lang='lat' dir='ltr'><strong>fuerit,</strong></span> <span class='ocrx_word' id='word_1_170' title='bbox 769 2712 839 2778; x_wconf 90' lang='lat' dir='ltr'><strong>sola</strong></span> <span class='ocrx_word' id='word_1_171' title='bbox 868 2715 1016 2800; x_wconf 88' lang='lat' dir='ltr'><strong>portione</strong></span> <span class='ocrx_word' id='word_1_172' title='bbox 1043 2712 1204 2799; x_wconf 84' lang='lat' dir='ltr'><strong>collegiali</strong></span> <span class='ocrx_word' id='word_1_173' title='bbox 1232 2735 1344 2779; x_wconf 85' lang='lat' dir='ltr'><strong>carere</strong></span> <span class='ocrx_word' id='word_1_174' title='bbox 1365 2723 1508 2799; x_wconf 85' lang='lat' dir='ltr'><strong>cogetur,</strong></span> <span class='ocrx_word' id='word_1_175' title='bbox 1536 2723 1569 2777; x_wconf 92' lang='lat' dir='ltr'><strong>et</strong></span> <span class='ocrx_word' id='word_1_176' title='bbox 1597 2715 1755 2800; x_wconf 83' lang='lat' dir='ltr'><strong>magistro</strong></span> 
     </span>
     <span class='ocr_line' id='line_1_22' title="bbox 329 2809 1755 2900; baseline 0.003 -26"><span class='ocrx_word' id='word_1_177' title='bbox 329 2809 492 2878; x_wconf 89' lang='lat' dir='ltr'><strong>licentiam</strong></span> <span class='ocrx_word' id='word_1_178' title='bbox 515 2811 682 2879; x_wconf 86' lang='lat' dir='ltr'><strong>absentiae</strong></span> <span class='ocrx_word' id='word_1_179' title='bbox 703 2815 825 2898; x_wconf 89' lang='lat' dir='ltr'><strong>petenti</strong></span> <span class='ocrx_word' id='word_1_180' title='bbox 847 2813 987 2900; x_wconf 90' lang='lat' dir='ltr'><strong>spatium</strong></span> <span class='ocrx_word' id='word_1_181' title='bbox 1005 2814 1100 2878; x_wconf 91' lang='lat' dir='ltr'><strong>unius</strong></span> <span class='ocrx_word' id='word_1_182' title='bbox 1126 2815 1203 2878; x_wconf 88' lang='lat' dir='ltr'><strong>anni</strong></span> <span class='ocrx_word' id='word_1_183' title='bbox 1230 2822 1262 2879; x_wconf 91' lang='lat' dir='ltr'><strong>et</strong></span> <span class='ocrx_word' id='word_1_184' title='bbox 1282 2814 1402 2879; x_wconf 91' lang='lat' dir='ltr'><strong>mensis</strong></span> <span class='ocrx_word' id='word_1_185' title='bbox 1429 2835 1495 2878; x_wconf 92' lang='lat' dir='ltr'><strong>non</strong></span> <span class='ocrx_word' id='word_1_186' title='bbox 1522 2822 1572 2878; x_wconf 90' lang='lat' dir='ltr'><strong>est</strong></span> <span class='ocrx_word' id='word_1_187' title='bbox 1593 2812 1755 2900; x_wconf 85' lang='lat' dir='ltr'><strong>denegan-</strong></span> 
     </span>
     <span class='ocr_line' id='line_1_23' title="bbox 330 2908 1755 3000; baseline 0 -23"><span class='ocrx_word' id='word_1_188' title='bbox 330 2910 416 2994; x_wconf 90' lang='lat' dir='ltr'><strong>dum,</strong></span> <span class='ocrx_word' id='word_1_189' title='bbox 447 2911 531 2980; x_wconf 87' lang='lat' dir='ltr'><strong>datis</strong></span> <span class='ocrx_word' id='word_1_190' title='bbox 561 2922 670 2978; x_wconf 84' lang='lat' dir='ltr'><strong>tamen</strong></span> <span class='ocrx_word' id='word_1_191' title='bbox 698 2922 836 2996; x_wconf 88' lang='lat' dir='ltr'><strong>quatuor</strong></span> <span class='ocrx_word' id='word_1_192' title='bbox 864 2913 988 2999; x_wconf 86' lang='lat' dir='ltr'><strong>grossis</strong></span> <span class='ocrx_word' id='word_1_193' title='bbox 1015 2926 1160 3000; x_wconf 89' lang='lat' dir='ltr'><strong>tempore</strong></span> <span class='ocrx_word' id='word_1_194' title='bbox 1192 2914 1359 2999; x_wconf 88' lang='lat' dir='ltr'><strong>petitionis</strong></span> <span class='ocrx_word' id='word_1_195' title='bbox 1391 2911 1576 2980; x_wconf 91' lang='lat' dir='ltr'><strong>huiusmodi</strong></span> <span class='ocrx_word' id='word_1_196' title='bbox 1604 2908 1671 3000; x_wconf 65' lang='lat'>[7⁵]</span> <span class='ocrx_word' id='word_1_197' title='bbox 1701 2911 1755 2978; x_wconf 81' lang='lat' dir='ltr'><strong>ab</strong></span> 
     </span>
     <span class='ocr_line' id='line_1_24' title="bbox 330 3011 1754 3100; baseline 0.001 -24"><span class='ocrx_word' id='word_1_198' title='bbox 330 3012 460 3080; x_wconf 88' lang='lat' dir='ltr'><strong>sentiae.</strong></span> <span class='ocrx_word' id='word_1_199' title='bbox 502 3012 539 3078; x_wconf 88' lang='lat' dir='ltr'><strong>Si</strong></span> <span class='ocrx_word' id='word_1_200' title='bbox 559 3025 679 3095; x_wconf 86' lang='lat' dir='ltr'><strong>tamen,</strong></span> <span class='ocrx_word' id='word_1_201' title='bbox 702 3014 807 3099; x_wconf 89' lang='lat' dir='ltr'><strong>spatio</strong></span> <span class='ocrx_word' id='word_1_202' title='bbox 830 3011 1014 3078; x_wconf 89' lang='lat' dir='ltr'><strong>huiusmodi</strong></span> <span class='ocrx_word' id='word_1_203' title='bbox 1034 3012 1156 3100; x_wconf 91' lang='lat' dir='ltr'><strong>elapso,</strong></span> <span class='ocrx_word' id='word_1_204' title='bbox 1184 3016 1339 3100; x_wconf 84' lang='lat' dir='ltr'><strong>magister</strong></span> <span class='ocrx_word' id='word_1_205' title='bbox 1362 3011 1481 3077; x_wconf 81' lang='lat' dir='ltr'><strong>absens</strong></span> <span class='ocrx_word' id='word_1_206' title='bbox 1503 3033 1546 3076; x_wconf 88' lang='lat' dir='ltr'><strong>ex</strong></span> <span class='ocrx_word' id='word_1_207' title='bbox 1567 3011 1754 3079; x_wconf 83' lang='lat' dir='ltr'><strong>rationabili</strong></span> 
     </span>
     <span class='ocr_line' id='line_1_25' title="bbox 329 3110 1756 3201; baseline 0.001 -25"><span class='ocrx_word' id='word_1_208' title='bbox 329 3133 429 3176; x_wconf 86' lang='lat' dir='ltr'><strong>causa</strong></span> <span class='ocrx_word' id='word_1_209' title='bbox 449 3111 556 3178; x_wconf 87' lang='lat' dir='ltr'><strong>redire</strong></span> <span class='ocrx_word' id='word_1_210' title='bbox 574 3135 641 3178; x_wconf 92' lang='lat' dir='ltr'><strong>non</strong></span> <span class='ocrx_word' id='word_1_211' title='bbox 660 3113 803 3200; x_wconf 86' lang='lat' dir='ltr'><strong>potuerit</strong></span> <span class='ocrx_word' id='word_1_212' title='bbox 822 3121 854 3177; x_wconf 89' lang='lat' dir='ltr'><strong>et</strong></span> <span class='ocrx_word' id='word_1_213' title='bbox 874 3134 935 3198; x_wconf 93' lang='lat' dir='ltr'><strong>pro</strong></span> <span class='ocrx_word' id='word_1_214' title='bbox 956 3111 1103 3177; x_wconf 90' lang='lat' dir='ltr'><strong>ulteriori</strong></span> <span class='ocrx_word' id='word_1_215' title='bbox 1125 3112 1276 3178; x_wconf 83' lang='lat' dir='ltr'><strong>absentia</strong></span> <span class='ocrx_word' id='word_1_216' title='bbox 1297 3113 1441 3201; x_wconf 87' lang='lat' dir='ltr'><strong>petierit,</strong></span> <span class='ocrx_word' id='word_1_217' title='bbox 1468 3110 1569 3176; x_wconf 87' lang='lat' dir='ltr'><strong>stabit</strong></span> <span class='ocrx_word' id='word_1_218' title='bbox 1590 3112 1756 3180; x_wconf 86' lang='lat' dir='ltr'><strong>ulterioris</strong></span> 
     </span>
     <span class='ocr_line' id='line_1_26' title="bbox 286 3210 1754 3300; baseline 0 -24"><span class='ocrx_word' id='word_1_219' title='bbox 286 3211 496 3278; x_wconf 84' lang='lat' dir='ltr'><strong>25absentiae</strong></span> <span class='ocrx_word' id='word_1_220' title='bbox 518 3213 684 3278; x_wconf 89' lang='lat' dir='ltr'><strong>concessio</strong></span> <span class='ocrx_word' id='word_1_221' title='bbox 705 3213 740 3277; x_wconf 94' lang='lat' dir='ltr'><strong>in</strong></span> <span class='ocrx_word' id='word_1_222' title='bbox 761 3211 936 3277; x_wconf 86' lang='lat' dir='ltr'><strong>dictamine</strong></span> <span class='ocrx_word' id='word_1_223' title='bbox 964 3212 1098 3276; x_wconf 90' lang='lat' dir='ltr'><strong>maioris</strong></span> <span class='ocrx_word' id='word_1_224' title='bbox 1121 3213 1227 3300; x_wconf 89' lang='lat' dir='ltr'><strong>partis</strong></span> <span class='ocrx_word' id='word_1_225' title='bbox 1248 3211 1386 3300; x_wconf 84' lang='lat' dir='ltr'><strong>collegii,</strong></span> <span class='ocrx_word' id='word_1_226' title='bbox 1417 3210 1692 3300; x_wconf 85' lang='lat' dir='ltr'><strong>quemadmodum</strong></span> <span class='ocrx_word' id='word_1_227' title='bbox 1713 3211 1754 3276; x_wconf 90' lang='lat' dir='ltr'><strong>ab</strong></span> 
     </span>
     <span class='ocr_line' id='line_1_27' title="bbox 214 3312 767 3401; baseline 0 -24"><span class='ocrx_word' id='word_1_228' title='bbox 214 3382 217 3388; x_wconf 66' lang='grc'><strong>,</strong></span> <span class='ocrx_word' id='word_1_229' title='bbox 328 3314 459 3401; x_wconf 87' lang='lat' dir='ltr'><strong>antiquo</strong></span> <span class='ocrx_word' id='word_1_230' title='bbox 482 3312 690 3378; x_wconf 87' lang='lat' dir='ltr'><strong>observatum</strong></span> <span class='ocrx_word' id='word_1_231' title='bbox 710 3321 767 3377; x_wconf 88' lang='lat' dir='ltr'><strong>est</strong></span> 
     </span>
    </p>
   </div>
   <div class='ocr_carea' id='block_1_8' title="bbox 577 3484 1502 3556">
    <p class='ocr_par' dir='ltr' id='par_1_13' title="bbox 577 3484 1502 3556">
     <span class='ocr_line' id='line_1_28' title="bbox 577 3484 1502 3556; baseline -0.003 -11"><span class='ocrx_word' id='word_1_232' title='bbox 577 3484 626 3546; x_wconf 74' lang='lat'><strong>24.</strong></span> <span class='ocrx_word' id='word_1_233' title='bbox 646 3497 693 3544; x_wconf 85' lang='lat' dir='ltr'><strong>nn</strong></span> <span class='ocrx_word' id='word_1_234' title='bbox 715 3495 815 3545; x_wconf 83' lang='lat' dir='ltr'><strong>mono</strong></span> <span class='ocrx_word' id='word_1_235' title='bbox 836 3495 1002 3544; x_wconf 73' lang='lat' dir='ltr'><strong>sarviam</strong></span> <span class='ocrx_word' id='word_1_236' title='bbox 1023 3495 1120 3556; x_wconf 77' lang='lat' dir='ltr'><strong>quen</strong></span> <span class='ocrx_word' id='word_1_237' title='bbox 1142 3494 1409 3544; x_wconf 71' lang='lat' dir='ltr'><strong>conseerarunt</strong></span> <span class='ocrx_word' id='word_1_238' title='bbox 1431 3494 1502 3544; x_wconf 78' lang='lat' dir='ltr'><strong>sus.</strong></span> 
     </span>
    </p>
   </div>
   <div class='ocr_carea' id='block_1_9' title="bbox 286 3609 1831 4094">
    <p class='ocr_par' dir='ltr' id='par_1_14' title="bbox 410 3609 1754 3698">
     <span class='ocr_line' id='line_1_29' title="bbox 410 3609 1754 3698; baseline -0.001 -20"><span class='ocrx_word' id='word_1_239' title='bbox 410 3613 492 3678; x_wconf 89' lang='lat' dir='ltr'><strong>Item</strong></span> <span class='ocrx_word' id='word_1_240' title='bbox 518 3611 626 3678; x_wconf 91' lang='lat' dir='ltr'><strong>nullus</strong></span> <span class='ocrx_word' id='word_1_241' title='bbox 655 3613 883 3698; x_wconf 84' lang='lat' dir='ltr'><strong>magistrorum</strong></span> <span class='ocrx_word' id='word_1_242' title='bbox 915 3609 1033 3676; x_wconf 86' lang='lat' dir='ltr'><strong>absens</strong></span> <span class='ocrx_word' id='word_1_243' title='bbox 1062 3610 1274 3698; x_wconf 88' lang='lat' dir='ltr'><strong>collegiatura</strong></span> <span class='ocrx_word' id='word_1_244' title='bbox 1305 3633 1365 3676; x_wconf 88' lang='lat' dir='ltr'><strong>sua</strong></span> <span class='ocrx_word' id='word_1_245' title='bbox 1394 3611 1520 3697; x_wconf 88' lang='lat' dir='ltr'><strong>privari</strong></span> <span class='ocrx_word' id='word_1_246' title='bbox 1550 3610 1664 3694; x_wconf 88' lang='lat' dir='ltr'><strong>debet,</strong></span> <span class='ocrx_word' id='word_1_247' title='bbox 1692 3611 1754 3676; x_wconf 89' lang='lat' dir='ltr'><strong>nisi</strong></span> 
     </span>
    </p>

    <p class='ocr_par' dir='ltr' id='par_1_15' title="bbox 329 3708 1754 3799">
     <span class='ocr_line' id='line_1_30' title="bbox 329 3708 1754 3799; baseline -0.001 -21"><span class='ocrx_word' id='word_1_248' title='bbox 329 3714 419 3799; x_wconf 88' lang='lat' dir='ltr'><strong>prius</strong></span> <span class='ocrx_word' id='word_1_249' title='bbox 448 3713 478 3776; x_wconf 93' lang='lat' dir='ltr'><strong>ei</strong></span> <span class='ocrx_word' id='word_1_250' title='bbox 502 3710 665 3776; x_wconf 88' lang='lat' dir='ltr'><strong>scribatur</strong></span> <span class='ocrx_word' id='word_1_251' title='bbox 693 3724 725 3776; x_wconf 89' lang='lat' dir='ltr'><strong>et</strong></span> <span class='ocrx_word' id='word_1_252' title='bbox 752 3711 882 3776; x_wconf 90' lang='lat' dir='ltr'><strong>nuntius</strong></span> <span class='ocrx_word' id='word_1_253' title='bbox 914 3709 974 3774; x_wconf 91' lang='lat' dir='ltr'><strong>sub</strong></span> <span class='ocrx_word' id='word_1_254' title='bbox 1005 3712 1158 3797; x_wconf 85' lang='lat' dir='ltr'><strong>expensis</strong></span> <span class='ocrx_word' id='word_1_255' title='bbox 1186 3713 1253 3776; x_wconf 92' lang='lat' dir='ltr'><strong>suis</strong></span> <span class='ocrx_word' id='word_1_256' title='bbox 1286 3708 1329 3775; x_wconf 91' lang='lat' dir='ltr'><strong>ad</strong></span> <span class='ocrx_word' id='word_1_257' title='bbox 1363 3731 1436 3776; x_wconf 89' lang='lat' dir='ltr'><strong>eum</strong></span> <span class='ocrx_word' id='word_1_258' title='bbox 1464 3711 1612 3776; x_wconf 88' lang='lat' dir='ltr'><strong>mittatur</strong></span> <span class='ocrx_word' id='word_1_259' title='bbox 1645 3734 1686 3776; x_wconf 87' lang='lat' dir='ltr'><strong>ac</strong></span> <span class='ocrx_word' id='word_1_260' title='bbox 1713 3710 1754 3776; x_wconf 86' lang='lat' dir='ltr'><strong>ab</strong></span> 
     </span>
    </p>

    <p class='ocr_par' dir='ltr' id='par_1_16' title="bbox 286 3807 1831 3897">
     <span class='ocr_line' id='line_1_31' title="bbox 286 3807 1831 3897; baseline -0.003 -19"><span class='ocrx_word' id='word_1_261' title='bbox 286 3811 444 3878; x_wconf 74' lang='lat' dir='ltr'><strong>{loeodem</strong></span> <span class='ocrx_word' id='word_1_262' title='bbox 463 3812 577 3876; x_wconf 89' lang='lat' dir='ltr'><strong>nuntio</strong></span> <span class='ocrx_word' id='word_1_263' title='bbox 598 3832 689 3876; x_wconf 90' lang='lat' dir='ltr'><strong>mens</strong></span> <span class='ocrx_word' id='word_1_264' title='bbox 710 3811 779 3874; x_wconf 88' lang='lat' dir='ltr'><strong>eius</strong></span> <span class='ocrx_word' id='word_1_265' title='bbox 800 3808 1007 3894; x_wconf 87' lang='lat' dir='ltr'><strong>intelligatur.</strong></span> <span class='ocrx_word' id='word_1_266' title='bbox 1041 3809 1107 3890; x_wconf 76' lang='lat' dir='ltr'><strong>Qui</strong></span> <span class='ocrx_word' id='word_1_267' title='bbox 1129 3811 1285 3896; x_wconf 81' lang='lat' dir='ltr'><strong>magister</strong></span> <span class='ocrx_word' id='word_1_268' title='bbox 1305 3807 1425 3874; x_wconf 84' lang='lat' dir='ltr'><strong>absens</strong></span> <span class='ocrx_word' id='word_1_269' title='bbox 1444 3808 1541 3874; x_wconf 81' lang='lat' dir='ltr'><strong>finale</strong></span> <span class='ocrx_word' id='word_1_270' title='bbox 1562 3832 1754 3897; x_wconf 89' lang='lat' dir='ltr'><strong>responsum</strong></span> <span class='ocrx_word' id='word_1_271' title='bbox 1825 3879 1831 3886; x_wconf 59' lang='grc'><strong><em>,</em></strong></span> 
     </span>
    </p>

    <p class='ocr_par' dir='ltr' id='par_1_17' title="bbox 329 3907 1754 4094">
     <span class='ocr_line' id='line_1_32' title="bbox 330 3907 1754 3997; baseline -0.001 -21"><span class='ocrx_word' id='word_1_272' title='bbox 330 3932 407 3976; x_wconf 89' lang='lat' dir='ltr'><strong>suae</strong></span> <span class='ocrx_word' id='word_1_273' title='bbox 427 3907 603 3975; x_wconf 85' lang='lat' dir='ltr'><strong>voluntatis</strong></span> <span class='ocrx_word' id='word_1_274' title='bbox 632 3910 667 3974; x_wconf 93' lang='lat' dir='ltr'><strong>in</strong></span> <span class='ocrx_word' id='word_1_275' title='bbox 696 3909 825 3997; x_wconf 90' lang='lat' dir='ltr'><strong>scriptis</strong></span> <span class='ocrx_word' id='word_1_276' title='bbox 853 3908 932 3974; x_wconf 89' lang='lat' dir='ltr'><strong>dare</strong></span> <span class='ocrx_word' id='word_1_277' title='bbox 957 3908 1128 3992; x_wconf 88' lang='lat' dir='ltr'><strong>tenebitur,</strong></span> <span class='ocrx_word' id='word_1_278' title='bbox 1158 3909 1217 3974; x_wconf 90' lang='lat' dir='ltr'><strong>sub</strong></span> <span class='ocrx_word' id='word_1_279' title='bbox 1247 3931 1352 3996; x_wconf 88' lang='lat' dir='ltr'><strong>poena</strong></span> <span class='ocrx_word' id='word_1_280' title='bbox 1380 3909 1574 3996; x_wconf 85' lang='lat' dir='ltr'><strong>privationis</strong></span> <span class='ocrx_word' id='word_1_281' title='bbox 1604 3908 1754 3995; x_wconf 80' lang='lat' dir='ltr'><strong>collegia·</strong></span> 
     </span>
     <span class='ocr_line' id='line_1_33' title="bbox 329 4009 733 4094; baseline -0.005 -19"><span class='ocrx_word' id='word_1_282' title='bbox 329 4021 421 4076; x_wconf 89' lang='lat' dir='ltr'><strong>turae</strong></span> <span class='ocrx_word' id='word_1_283' title='bbox 443 4030 521 4075; x_wconf 89' lang='lat' dir='ltr'><strong>suae</strong></span> <span class='ocrx_word' id='word_1_284' title='bbox 544 4010 616 4094; x_wconf 89' lang='lat' dir='ltr'><strong>ipso</strong></span> <span class='ocrx_word' id='word_1_285' title='bbox 637 4009 733 4074; x_wconf 74' lang='lat' dir='ltr'><strong>face.</strong></span> 
     </span>
    </p>
   </div>
   <div class='ocr_carea' id='block_1_10' title="bbox 685 4180 1390 4252">
    <p class='ocr_par' dir='ltr' id='par_1_18' title="bbox 685 4180 1390 4252">
     <span class='ocr_line' id='line_1_34' title="bbox 685 4180 1390 4252; baseline -0.007 -10"><span class='ocrx_word' id='word_1_286' title='bbox 685 4180 735 4242; x_wconf 80' lang='lat'><strong>25.</strong></span> <span class='ocrx_word' id='word_1_287' title='bbox 759 4191 901 4252; x_wconf 77' lang='lat' dir='ltr'><strong>ousuno</strong></span> <span class='ocrx_word' id='word_1_288' title='bbox 923 4189 1002 4252; x_wconf 79' lang='lat' dir='ltr'><strong>oms</strong></span> <span class='ocrx_word' id='word_1_289' title='bbox 1023 4191 1232 4240; x_wconf 72' lang='lat' dir='ltr'><strong>manseron</strong></span> <span class='ocrx_word' id='word_1_290' title='bbox 1252 4189 1390 4240; x_wconf 77' lang='lat' dir='ltr'><strong>nessus.</strong></span> 
     </span>
    </p>
   </div>
   <div class='ocr_carea' id='block_1_11' title="bbox 288 4305 1757 5195">
    <p class='ocr_par' dir='ltr' id='par_1_19' title="bbox 288 4305 1757 5195">
     <span class='ocr_line' id='line_1_35' title="bbox 411 4305 1755 4398; baseline -0.002 -25"><span class='ocrx_word' id='word_1_291' title='bbox 411 4309 492 4374; x_wconf 90' lang='lat' dir='ltr'><strong>Item</strong></span> <span class='ocrx_word' id='word_1_292' title='bbox 515 4309 544 4373; x_wconf 87' lang='lat' dir='ltr'><strong>si</strong></span> <span class='ocrx_word' id='word_1_293' title='bbox 565 4307 682 4398; x_wconf 84' lang='lat' dir='ltr'><strong>aliquis</strong></span> <span class='ocrx_word' id='word_1_294' title='bbox 702 4309 934 4394; x_wconf 84' lang='lat' dir='ltr'><strong>magistrorum</strong></span> <span class='ocrx_word' id='word_1_295' title='bbox 962 4329 1020 4395; x_wconf 90' lang='lat' dir='ltr'><strong>per</strong></span> <span class='ocrx_word' id='word_1_296' title='bbox 1047 4319 1113 4373; x_wconf 89' lang='lat' dir='ltr'><strong>tres</strong></span> <span class='ocrx_word' id='word_1_297' title='bbox 1141 4306 1210 4372; x_wconf 89' lang='lat' dir='ltr'><strong>dies</strong></span> <span class='ocrx_word' id='word_1_298' title='bbox 1237 4305 1289 4372; x_wconf 90' lang='lat' dir='ltr'><strong>vel</strong></span> <span class='ocrx_word' id='word_1_299' title='bbox 1316 4305 1427 4393; x_wconf 89' lang='lat' dir='ltr'><strong>plures</strong></span> <span class='ocrx_word' id='word_1_300' title='bbox 1454 4307 1489 4371; x_wconf 94' lang='lat' dir='ltr'><strong>in</strong></span> <span class='ocrx_word' id='word_1_301' title='bbox 1516 4305 1630 4372; x_wconf 84' lang='lat' dir='ltr'><strong>eadem</strong></span> <span class='ocrx_word' id='word_1_302' title='bbox 1658 4307 1755 4394; x_wconf 88' lang='lat' dir='ltr'><strong>septi-</strong></span> 
     </span>
     <span class='ocr_line' id='line_1_36' title="bbox 288 4406 1755 4494; baseline -0.003 -18"><span class='ocrx_word' id='word_1_303' title='bbox 288 4419 429 4476; x_wconf 72' lang='lat' dir='ltr'><strong>ttmana</strong></span> <span class='ocrx_word' id='word_1_304' title='bbox 449 4409 616 4474; x_wconf 89' lang='lat' dir='ltr'><strong>continuos</strong></span> <span class='ocrx_word' id='word_1_305' title='bbox 638 4408 757 4474; x_wconf 87' lang='lat' dir='ltr'><strong>absens</strong></span> <span class='ocrx_word' id='word_1_306' title='bbox 776 4409 882 4491; x_wconf 85' lang='lat' dir='ltr'><strong>fuerit,</strong></span> <span class='ocrx_word' id='word_1_307' title='bbox 910 4407 985 4472; x_wconf 88' lang='lat' dir='ltr'><strong>talis</strong></span> <span class='ocrx_word' id='word_1_308' title='bbox 1009 4430 1068 4494; x_wconf 91' lang='lat' dir='ltr'><strong>pro</strong></span> <span class='ocrx_word' id='word_1_309' title='bbox 1090 4406 1147 4472; x_wconf 90' lang='lat' dir='ltr'><strong>illa</strong></span> <span class='ocrx_word' id='word_1_310' title='bbox 1167 4409 1296 4493; x_wconf 88' lang='lat' dir='ltr'><strong>integra</strong></span> <span class='ocrx_word' id='word_1_311' title='bbox 1319 4407 1500 4493; x_wconf 90' lang='lat' dir='ltr'><strong>septimana</strong></span> <span class='ocrx_word' id='word_1_312' title='bbox 1521 4406 1641 4472; x_wconf 89' lang='lat' dir='ltr'><strong>absens</strong></span> <span class='ocrx_word' id='word_1_313' title='bbox 1660 4430 1755 4494; x_wconf 89' lang='lat' dir='ltr'><strong>repu-</strong></span> 
     </span>
     <span class='ocr_line' id='line_1_37' title="bbox 331 4505 1757 4594; baseline -0.001 -21"><span class='ocrx_word' id='word_1_314' title='bbox 331 4508 462 4590; x_wconf 89' lang='lat' dir='ltr'><strong>tabitur,</strong></span> <span class='ocrx_word' id='word_1_315' title='bbox 491 4509 538 4572; x_wconf 88' lang='lat' dir='ltr'><strong>sic</strong></span> <span class='ocrx_word' id='word_1_316' title='bbox 559 4508 646 4594; x_wconf 90' lang='lat' dir='ltr'><strong>quod</strong></span> <span class='ocrx_word' id='word_1_317' title='bbox 673 4507 714 4573; x_wconf 92' lang='lat' dir='ltr'><strong>de</strong></span> <span class='ocrx_word' id='word_1_318' title='bbox 739 4507 899 4573; x_wconf 87' lang='lat' dir='ltr'><strong>fructibus</strong></span> <span class='ocrx_word' id='word_1_319' title='bbox 926 4516 958 4572; x_wconf 90' lang='lat' dir='ltr'><strong>et</strong></span> <span class='ocrx_word' id='word_1_320' title='bbox 982 4506 1204 4571; x_wconf 88' lang='lat' dir='ltr'><strong>emolumentis</strong></span> <span class='ocrx_word' id='word_1_321' title='bbox 1230 4505 1357 4592; x_wconf 79' lang='lat' dir='ltr'><strong>collegii</strong></span> <span class='ocrx_word' id='word_1_322' title='bbox 1383 4515 1509 4593; x_wconf 88' lang='lat' dir='ltr'><strong>partem</strong></span> <span class='ocrx_word' id='word_1_323' title='bbox 1532 4517 1673 4594; x_wconf 90' lang='lat' dir='ltr'><strong>protunc</strong></span> <span class='ocrx_word' id='word_1_324' title='bbox 1693 4531 1757 4573; x_wconf 91' lang='lat' dir='ltr'><strong>non</strong></span> 
     </span>
     <span class='ocr_line' id='line_1_38' title="bbox 330 4601 1756 4695; baseline -0.001 -20"><span class='ocrx_word' id='word_1_325' title='bbox 330 4607 479 4690; x_wconf 79' lang='lat' dir='ltr'><strong>babebit3</strong></span> <span class='ocrx_word' id='word_1_326' title='bbox 512 4616 543 4671; x_wconf 89' lang='lat' dir='ltr'><strong>et</strong></span> <span class='ocrx_word' id='word_1_327' title='bbox 565 4616 600 4672; x_wconf 90' lang='lat' dir='ltr'><strong>ut</strong></span> <span class='ocrx_word' id='word_1_328' title='bbox 629 4607 817 4695; x_wconf 87' lang='lat' dir='ltr'><strong>praeposito</strong></span> <span class='ocrx_word' id='word_1_329' title='bbox 841 4604 882 4672; x_wconf 89' lang='lat' dir='ltr'><strong>de</strong></span> <span class='ocrx_word' id='word_1_330' title='bbox 910 4627 1042 4670; x_wconf 90' lang='lat' dir='ltr'><strong>recessu</strong></span> <span class='ocrx_word' id='word_1_331' title='bbox 1066 4607 1216 4692; x_wconf 85' lang='lat' dir='ltr'><strong>magistri</strong></span> <span class='ocrx_word' id='word_1_332' title='bbox 1238 4601 1301 4690; x_wconf 81' lang='lat'>[8⁸]</span> <span class='ocrx_word' id='word_1_333' title='bbox 1324 4627 1360 4670; x_wconf 88' lang='lat' dir='ltr'><strong>se</strong></span> <span class='ocrx_word' id='word_1_334' title='bbox 1381 4605 1585 4672; x_wconf 90' lang='lat' dir='ltr'><strong>absentantis</strong></span> <span class='ocrx_word' id='word_1_335' title='bbox 1608 4618 1756 4673; x_wconf 87' lang='lat' dir='ltr'><strong>constare</strong></span> 
     </span>
     <span class='ocr_line' id='line_1_39' title="bbox 330 4703 1756 4796; baseline -0.001 -22"><span class='ocrx_word' id='word_1_336' title='bbox 330 4708 444 4796; x_wconf 88' lang='lat' dir='ltr'><strong>possit,</strong></span> <span class='ocrx_word' id='word_1_337' title='bbox 468 4706 566 4772; x_wconf 93' lang='lat' dir='ltr'><strong>debet</strong></span> <span class='ocrx_word' id='word_1_338' title='bbox 585 4707 719 4792; x_wconf 89' lang='lat' dir='ltr'><strong>quilibet</strong></span> <span class='ocrx_word' id='word_1_339' title='bbox 737 4707 969 4792; x_wconf 84' lang='lat' dir='ltr'><strong>magistrorum</strong></span> <span class='ocrx_word' id='word_1_340' title='bbox 998 4705 1151 4771; x_wconf 86' lang='lat' dir='ltr'><strong>recedere</strong></span> <span class='ocrx_word' id='word_1_341' title='bbox 1174 4705 1286 4771; x_wconf 88' lang='lat' dir='ltr'><strong>volens</strong></span> <span class='ocrx_word' id='word_1_342' title='bbox 1309 4703 1395 4770; x_wconf 90' lang='lat' dir='ltr'><strong>diem</strong></span> <span class='ocrx_word' id='word_1_343' title='bbox 1416 4707 1467 4771; x_wconf 87' lang='lat' dir='ltr'><strong>sui</strong></span> <span class='ocrx_word' id='word_1_344' title='bbox 1488 4708 1595 4772; x_wconf 83' lang='lat' dir='ltr'><strong>exitus</strong></span> <span class='ocrx_word' id='word_1_345' title='bbox 1619 4715 1651 4772; x_wconf 93' lang='lat' dir='ltr'><strong>et</strong></span> <span class='ocrx_word' id='word_1_346' title='bbox 1672 4705 1756 4772; x_wconf 89' lang='lat' dir='ltr'><strong>redi·</strong></span> 
     </span>
     <span class='ocr_line' id='line_1_40' title="bbox 329 4805 1756 4893; baseline -0.001 -20"><span class='ocrx_word' id='word_1_347' title='bbox 329 4818 382 4873; x_wconf 87' lang='lat' dir='ltr'><strong>tus</strong></span> <span class='ocrx_word' id='word_1_348' title='bbox 401 4807 553 4873; x_wconf 89' lang='lat' dir='ltr'><strong>intimare</strong></span> <span class='ocrx_word' id='word_1_349' title='bbox 581 4809 767 4893; x_wconf 89' lang='lat' dir='ltr'><strong>praeposito</strong></span> <span class='ocrx_word' id='word_1_350' title='bbox 789 4805 843 4872; x_wconf 85' lang='lat' dir='ltr'><strong>vel</strong></span> <span class='ocrx_word' id='word_1_351' title='bbox 868 4827 927 4892; x_wconf 88' lang='lat' dir='ltr'><strong>per</strong></span> <span class='ocrx_word' id='word_1_352' title='bbox 954 4829 1047 4872; x_wconf 90' lang='lat' dir='ltr'><strong>suum</strong></span> <span class='ocrx_word' id='word_1_353' title='bbox 1077 4815 1332 4892; x_wconf 87' lang='lat' dir='ltr'><strong>procuratorem,</strong></span> <span class='ocrx_word' id='word_1_354' title='bbox 1362 4807 1390 4870; x_wconf 88' lang='lat' dir='ltr'><strong>si</strong></span> <span class='ocrx_word' id='word_1_355' title='bbox 1421 4827 1517 4890; x_wconf 92' lang='lat' dir='ltr'><strong>quem</strong></span> <span class='ocrx_word' id='word_1_356' title='bbox 1545 4807 1756 4888; x_wconf 86' lang='lat' dir='ltr'><strong>constituerit,</strong></span> 
     </span>
     <span class='ocr_line' id='line_1_41' title="bbox 289 4907 611 4975; baseline -0.012 0"><span class='ocrx_word' id='word_1_357' title='bbox 289 4909 439 4975; x_wconf 79' lang='lat' dir='ltr'><strong>sefacere</strong></span> <span class='ocrx_word' id='word_1_358' title='bbox 457 4907 611 4972; x_wconf 90' lang='lat' dir='ltr'><strong>intimari.</strong></span> 
     </span>
     <span class='ocr_line' id='line_1_42' title="bbox 411 5003 1757 5095; baseline -0.002 -22"><span class='ocrx_word' id='word_1_359' title='bbox 411 5008 493 5073; x_wconf 88' lang='lat' dir='ltr'><strong>Item</strong></span> <span class='ocrx_word' id='word_1_360' title='bbox 514 5005 651 5095; x_wconf 89' lang='lat' dir='ltr'><strong>quilibet</strong></span> <span class='ocrx_word' id='word_1_361' title='bbox 672 5006 903 5092; x_wconf 86' lang='lat' dir='ltr'><strong>magistrorum</strong></span> <span class='ocrx_word' id='word_1_362' title='bbox 920 5004 1039 5071; x_wconf 88' lang='lat' dir='ltr'><strong>absens</strong></span> <span class='ocrx_word' id='word_1_363' title='bbox 1060 5025 1134 5070; x_wconf 89' lang='lat' dir='ltr'><strong>curn</strong></span> <span class='ocrx_word' id='word_1_364' title='bbox 1154 5025 1305 5070; x_wconf 83' lang='lat' dir='ltr'><strong>reversus</strong></span> <span class='ocrx_word' id='word_1_365' title='bbox 1325 5004 1431 5088; x_wconf 84' lang='lat' dir='ltr'><strong>luerit,</strong></span> <span class='ocrx_word' id='word_1_366' title='bbox 1452 5003 1550 5070; x_wconf 91' lang='lat' dir='ltr'><strong>debet</strong></span> <span class='ocrx_word' id='word_1_367' title='bbox 1570 5027 1643 5072; x_wconf 87' lang='lat' dir='ltr'><strong>esse</strong></span> <span class='ocrx_word' id='word_1_368' title='bbox 1664 5007 1757 5072; x_wconf 83' lang='lat' dir='ltr'><strong>astri·</strong></span> 
     </span>
     <span class='ocr_line' id='line_1_43' title="bbox 333 5104 1756 5195; baseline -0.001 -23"><span class='ocrx_word' id='word_1_369' title='bbox 333 5117 402 5174; x_wconf 73' lang='lat' dir='ltr'><strong>cars</strong></span> <span class='ocrx_word' id='word_1_370' title='bbox 425 5107 468 5174; x_wconf 89' lang='lat' dir='ltr'><strong>ad</strong></span> <span class='ocrx_word' id='word_1_371' title='bbox 496 5105 672 5195; x_wconf 90' lang='lat' dir='ltr'><strong>petendum</strong></span> <span class='ocrx_word' id='word_1_372' title='bbox 700 5129 720 5170; x_wconf 92' lang='lat' dir='ltr'><strong>a</strong></span> <span class='ocrx_word' id='word_1_373' title='bbox 748 5104 884 5192; x_wconf 87' lang='lat' dir='ltr'><strong>collegio</strong></span> <span class='ocrx_word' id='word_1_374' title='bbox 907 5104 1082 5172; x_wconf 86' lang='lat' dir='ltr'><strong>astantiam</strong></span> <span class='ocrx_word' id='word_1_375' title='bbox 1109 5104 1144 5169; x_wconf 92' lang='lat' dir='ltr'><strong>in</strong></span> <span class='ocrx_word' id='word_1_376' title='bbox 1171 5105 1339 5188; x_wconf 86' lang='lat' dir='ltr'><strong>cerevisia,</strong></span> <span class='ocrx_word' id='word_1_377' title='bbox 1366 5105 1394 5172; x_wconf 93' lang='lat' dir='ltr'><strong>si</strong></span> <span class='ocrx_word' id='word_1_378' title='bbox 1423 5113 1561 5193; x_wconf 88' lang='lat' dir='ltr'><strong>protunc</strong></span> <span class='ocrx_word' id='word_1_379' title='bbox 1590 5104 1756 5188; x_wconf 87' lang='lat' dir='ltr'><strong>habeatur,</strong></span> 
     </span>
    </p>
   </div>
   <div class='ocr_carea' id='block_1_12' title="bbox 0 0 1893 6072">
    <p class='ocr_par' dir='ltr' id='par_1_20' title="bbox 0 0 1893 6072">
     <span class='ocr_line' id='line_1_44' title="bbox 0 0 1893 6072; baseline 0 0"><span class='ocrx_word' id='word_1_380' title='bbox 0 0 1893 6072; x_wconf 95' lang='lat' dir='ltr'><strong> </strong></span> 
     </span>
    </p>
   </div>
  </div>
 </body>
</html>
