3748 6070
576 509 628 560 Dic
645 507 765 560 saturer
786 521 840 558 rou
861 507 1037 560 tros-rste.
1459 511 1521 574 319,

177 695 207 756 l.
237 689 394 772 Primum,
422 689 510 775 quod
535 712 647 756 omnes
669 691 819 775 magistri
840 687 881 753 de
903 688 1039 754 consilio
1058 685 1223 752 facultatis
1245 687 1310 750 iam
1332 697 1520 773 praesentes

90 791 201 854 iurent
221 791 258 854 in
275 791 383 856 forma
404 787 597 877 subscripta,
623 799 656 854 et
675 787 757 853 tales
780 791 827 854 sic
847 789 993 854 iurantes
1014 787 1204 852 nominatim
1225 783 1408 850 scribantur
1417 789 1434 867 ¹,
1461 785 1517 850 alii

91 910 170 954 vero
198 888 362 971 absentes,
390 911 488 974 quam
516 889 657 974 primum
677 889 834 969 venerint,
861 886 905 952 ad
931 885 1019 950 idem
1045 887 1260 950 iuramentum
1288 884 1518 971 praestandum

92 989 158 1053 sint
179 989 320 1070 asti-icti,
341 988 385 1053 ad
405 986 492 1075 qnod
512 986 736 1074 exequendum
757 995 789 1050 et
810 985 1005 1071 exigendum
1026 991 1173 1048 teneatur
1194 983 1337 1048 decanus
1359 1005 1419 1070 pro
1440 995 1519 1048 tem·

91 1110 171 1174 pore
201 1089 348 1154 existens
377 1087 437 1152 snb
467 1109 524 1152 suo
551 1089 742 1152 iuramento.
784 1083 881 1166 Quod
910 1086 938 1149 si
967 1085 1123 1170 magister
1149 1085 1323 1171 requisitus
1351 1093 1562 1169 praestares

91 1188 306 1268 recusaverit,
328 1209 349 1250 a
369 1185 503 1252 consilio
524 1185 696 1268 facultatis,
718 1206 885 1273 quousque
904 1185 1112 1271 praestiterit,
1132 1185 1174 1247 sit
1194 1182 1354 1248 exclusus.
1375 1183 1420 1247 Et
1441 1205 1519 1268 ergo

91 1285 239 1373 expedit,
267 1295 302 1351 ut
321 1287 513 1367 imamento,
539 1284 738 1372 praestando
758 1283 881 1348 deamo
910 1305 969 1370 per
989 1284 1164 1348 intrantem
1184 1282 1225 1347 de
1245 1303 1330 1347 novo
1353 1283 1521 1348 consilium

91 1383 275 1467 facultatis,
306 1385 518 1472 apponatur².
559 1385 605 1450 Et
635 1385 740 1472 primo
771 1382 928 1464 decanus,
960 1383 1055 1446 tactis
1084 1383 1299 1447 sacrosanctis
1327 1382 1521 1468 euangeliis,

92 1483 216 1549 iurabit
247 1493 279 1548 et
308 1493 539 1571 consequenter
568 1483 625 1548 alii
653 1484 803 1568 magistri
832 1481 872 1546 de
903 1480 1037 1546 consilio
1066 1480 1229 1545 facultatis
1258 1483 1432 1546 existentes
1461 1483 1522 1548 sub

92 1583 154 1648 hac
177 1583 302 1648 forma:
336 1581 428 1670 „Ego
450 1582 497 1646 Ν.
518 1583 599 1666 iuro,
622 1580 709 1670 quod
730 1604 816 1646 nunc
836 1581 923 1644 etin
945 1589 1049 1660 antea,
1079 1581 1352 1668 quotienscunque
1370 1582 1405 1646 in
1425 1580 1562 1649 deca-10

93 1705 169 1746 num
186 1691 220 1746 et
241 1684 496 1748 examinatorem
518 1680 813 1769 promovendorum
833 1689 900 1744 tam
921 1679 964 1744 ad
983 1678 1204 1764 magisterium
1225 1701 1323 1766 quam
1343 1681 1386 1746 ad
1407 1680 1521 1746 bacca·

94 1781 251 1846 lariatum
273 1780 393 1848 electus
418 1783 521 1864 fuero,
550 1779 720 1845 admittere
741 1779 840 1844 velim
860 1777 976 1865 dignos
998 1787 1030 1842 et
1049 1779 1173 1842 reicere
1193 1777 1353 1865 indignos.
1397 1779 1452 1845 Sic
1471 1803 1523 1846 me

95 1879 173 1946 deus
196 1879 334 1946 adiuvet
354 1889 387 1945 et
411 1890 526 1946 sancta
549 1878 601 1944 dei
624 1878 831 1964 ewangelia“
871 1877 915 1942 Et
945 1876 1016 1942 illos
1041 1875 1179 1942 facultas
1201 1887 1331 1964 reputat
1361 1878 1519 1966 gradibus

94 1979 223 2064 dignos,
247 1979 364 2068 quibus
384 2002 449 2044 non
473 1978 575 2045 solum
597 1978 767 2044 literarum
789 1979 929 2042 sciencia
949 2000 1061 2042 verum
1083 1977 1187 2041 eciam
1207 1981 1296 2042 vitae
1318 1981 1467 2044 meritum
1489 1989 1521 2044 et

94 2101 222 2144 morum
244 2079 397 2144 honestas
420 2079 631 2164 suffragatum
660 2080 695 2141 in
725 2079 874 2143 scienciis
901 2089 1008 2143 autem
1035 2074 1093 2140 hoa
1117 2086 1247 2162 reputat
1267 2075 1384 2164 dignos
1406 2077 1564 2144 bacca-15

94 2177 224 2260 lariatu,
255 2179 311 2263 qui
332 2180 425 2242 iuxta
452 2187 605 2242 statutum
626 2175 791 2243 facultatis
813 2178 979 2262 antiquum
1002 2173 1084 2239 bene
1106 2196 1141 2239 se
1162 2175 1283 2240 habent
1302 2179 1336 2240 in
1363 2199 1524 2264 gramma-

95 2279 170 2360 tica,
193 2277 228 2340 in
249 2279 361 2362 parvis
382 2276 575 2362 loycalibns,
596 2278 630 2340 in
651 2276 753 2340 veteri
775 2285 855 2357 arte,
877 2277 963 2338 etin
982 2274 1055 2338 aliis
1076 2283 1306 2361 competenter.
1332 2274 1522 2362 Magisterio

95 2387 204 2441 autem
227 2375 346 2462 dignos
369 2383 508 2461 reputat,
530 2376 585 2462 qui
606 2373 688 2439 bene
710 2397 745 2438 se
766 2372 888 2439 babent
908 2376 942 2438 in
962 2378 1066 2440 veteri
1088 2385 1167 2455 arte,
1194 2375 1229 2439 in
1249 2396 1336 2439 nova
1357 2374 1463 2462 loyca,
1489 2378 1525 2442 in

96 2473 306 2562 philosophia
324 2473 476 2556 naturali,
500 2475 585 2538 etin
606 2473 679 2538 aliis
701 2483 927 2561 competenter.
968 2473 1013 2538 Et
1035 2473 1095 2538 sub
1115 2472 1227 2538 eodem
1249 2475 1441 2558 iuramento,
1463 2498 1523 2562 per

96 2572 258 2639 decanum
270 2575 305 2638 in
326 2575 461 2662 propria
480 2573 586 2638 forma
608 2572 828 2660 proponendo,
849 2572 986 2659 quilibet
1004 2574 1261 2638 examinatorum
1282 2573 1424 2660 quolibet
1444 2585 1567 2641 tem-20

96 2695 175 2759 pore
195 2695 277 2738 suae
297 2673 468 2739 eleccionis
489 2673 523 2738 in
545 2675 799 2739 examinatorem
825 2669 947 2738 decano
966 2673 1155 2759 promittere
1175 2681 1330 2737 teneatur.

300 2810 328 2872 2.
348 2824 395 2871 DE
417 2823 517 2872 MODO
539 2823 759 2872 samareum
780 2821 1002 2870 nxssssnsros
1021 2823 1091 2870 AU'I'
1114 2822 1331 2872 TEMPTATOS.

178 2923 262 2988 Item
285 2924 523 2988 examinatores
545 2921 719 2988 admittant
746 2923 947 2986 examinatos
969 2920 1021 2985 vel
1046 2932 1221 3009 temptatos
1243 2923 1417 2989 secundum
1440 2925 1525 2990 hnnc

98 3021 241 3088 modum.
284 3021 430 3102 Quilibet
451 3023 654 3086 examinator
674 3019 795 3086 babeat
811 3030 859 3086 tot
878 3023 952 3107 pisa
972 3030 1004 3084 et
1023 3028 1072 3085 tot
1092 3019 1231 3107 lapillos,
1261 3032 1339 3109 quot
1358 3035 1432 3088 sunt
1450 3049 1525 3112 pro-

98 3121 260 3204 movendi,
289 3131 322 3186 et
348 3131 509 3208 ponantur
535 3123 651 3186 mitrae
681 3119 974 3206 promovendorum
1003 3119 1179 3184 secundum
1204 3120 1351 3186 ordinem
1377 3125 1566 3211 ipsorum25

99 3221 142 3286 ad
161 3243 320 3303 mensam,
340 3219 471 3284 traditis
491 3229 600 3284 tame'n
620 3219 711 3305 prius
732 3221 767 3284 in
788 3219 950 3306 principio
965 3219 1124 3282 examinis
1145 3217 1198 3283 vel
1219 3223 1440 3306 temptaminis
1461 3225 1525 3288 cui·

98 3319 178 3386 libet
200 3321 418 3386 examinatori
438 3317 622 3384 nominibus
646 3317 844 3404 singulorum
874 3315 1163 3383 examinandorum
1184 3316 1236 3382 vel
1264 3321 1526 3407 temptandorum

98 3443 157 3507 per
184 3418 344 3484 decanum
371 3417 544 3484 facultatis.
585 3416 640 3482 Ad
667 3440 748 3505 quas
775 3417 917 3482 decenus
946 3425 979 3481 et
1007 3417 1244 3482 examinatores
1266 3418 1466 3503 transibunt,
1495 3430 1528 3485 et

99 3519 212 3586 volens
235 3519 375 3605 aliquem
396 3518 567 3584 admittere
588 3528 690 3604 ponat
710 3518 779 3582 sine
795 3515 868 3581 dolo
882 3525 915 3579 et
934 3513 1049 3580 frande
1068 3516 1175 3602 pisum
1197 3517 1241 3582 ad
1259 3518 1392 3582 mitram
1412 3519 1527 3605 ipsius,

100 3617 211 3684 volens
233 3641 312 3684 vero
334 3620 458 3684 reicere
479 3627 579 3704 ponat
600 3616 713 3682 eodem
733 3615 828 3682 modo
849 3615 1006 3703 lapillum.
1047 3614 1123 3696 Qua
1142 3616 1354 3703 imposicione
1374 3640 1434 3706 pro
1458 3629 1568 3686 σπι-30

99 3717 195 3783 nibus
225 3740 328 3806 usqne
359 3717 401 3782 ad
431 3717 529 3782 finem
559 3716 736 3804 completa,
767 3716 826 3782 fiat
856 3717 1048 3780 scrutinium
1078 3717 1248 3781 mitrarum
1275 3719 1309 3780 in
1338 3722 1528 3804 praesencia

101 3817 218 3882 decani
245 3827 277 3882 et
304 3819 449 3882 omnium
470 3818 738 3898 examinatorum,
765 3813 947 3880 inchoando
975 3837 996 3879 a
1022 3817 1194 3902 principio.
1236 3813 1281 3880 Et
1308 3819 1336 3882 si
1362 3820 1428 3883 tria
1455 3820 1528 3906 pisa

100 3917 134 3980 in
156 3919 255 3981 mitra
276 3916 414 3981 alicuius
436 3915 648 4003 promovendi
676 3914 719 3979 ad
745 3915 850 3978 minus
880 3916 1013 3978 inventa
1041 3913 1175 3998 fixerint,
1206 3916 1248 3980 sit
1275 3915 1451 4002 admissns;
1478 3922 1528 3984 ain

102 4027 209 4081 antem
231 4025 297 4080 tres
319 4013 423 4102 lapilli
445 4014 488 4079 ad
504 4017 623 4080 ,minus
648 4013 695 4079 ibi
720 4015 843 4078 inventi
871 4013 1004 4095 fuerint,
1034 4017 1076 4078 sit
1103 4015 1243 4080 reiectus
1272 4014 1394 4102 absque
1420 4015 1529 4103 aliqua

101 4114 248 4181 ulteriori
261 4114 370 4180 vocali
388 4113 588 4179 induccione.
610 4112 654 4179 Et
667 4111 773 4178 nullus
795 4113 1037 4200 magistrorum,
1060 4112 1120 4180 sub
1143 4137 1201 4180 sua
1214 4116 1426 4200 consciencia,
1449 4116 1571 4204 quidet

102 4215 302 4301 imposuerit,
323 4212 422 4280 debet
440 4212 538 4280 alicui
558 4213 713 4279 revelare.

504 4353 533 4416 ³.
554 4364 601 4410 nn
624 4363 730 4413 unam
749 4365 843 4413 rsus
864 4363 1124 4413 moisraoanu.

183 4463 267 4532 Item
288 4464 317 4530 si
338 4463 378 4529 de
399 4463 508 4552 aliquo
529 4465 687 4550 magistro
702 4473 901 4551 compertum
920 4463 1028 4545 fuerit,
1049 4461 1138 4550 qnod
1157 4463 1192 4528 in
1204 4463 1338 4530 comodo
1354 4487 1412 4533 sno
1426 4467 1532 4554 publi-

105 4585 176 4629 cam
197 4565 401 4630 meretricem
421 4562 586 4646 habuerit,
614 4562 667 4629 vel
696 4565 730 4628 iu
758 4562 857 4628 bursa
883 4562 935 4628 vel
962 4561 1028 4628 alia
1057 4563 1154 4628 domo
1177 4584 1235 4628 seu
1256 4563 1451 4632 domuncula
1475 4591 1533 4634 seu

106 4663 240 4730 comodo
262 4664 426 4729 meretrici
448 4662 599 4750 publicae
618 4661 671 4728 vel
698 4662 923 4729 meretricibus
946 4660 1086 4750 publicis
1108 4673 1320 4729 conversatus
1341 4666 1453 4749 fuerit,
1477 4668 1574 4735 vello

191 4853 202 4905 l
225 4847 265 4902 Ea
290 4844 413 4917 gssobah
438 4845 497 4901 dies
522 4843 574 4900 auf
596 4845 646 4901 der
668 4845 820 4902 Riiclrseite
843 4847 893 4901 der
918 4844 1151 4916 urspriinglicben
1176 4845 1306 4902 Matrikel
1333 4847 1387 4916 (Bl.
1412 4849 1462 4904 38¹⁵
1485 4849 1534 4905 des

107 4937 198 4988 ersten
215 4930 347 5000 Bandes),
363 4947 405 4986 wo
421 4928 510 4984 bisin
526 4930 572 4984 die
588 4928 671 4984 Mitte
687 4929 738 4985 der
754 4935 838 5002 loger
854 4927 942 4985 Jabre
968 4931 1010 5000 (so
1027 4927 1110 5001 lange
1127 4929 1203 4985 diere
1220 4931 1351 4987 Matrikel
1369 4933 1534 5007 amraichte)

107 5016 178 5072 anch
203 5016 250 5072 die
275 5015 383 5071 Namsn
405 5015 455 5070 der
482 5018 575 5084 aptter
601 5013 629 5067 in
655 5011 700 5068 die
722 5013 855 5070 Faculttt
880 5013 1079 5069 Eintretenden
1105 5014 1163 5070 und
1190 5014 1392 5072 Scbwtirenden
1414 5017 1533 5090 nachge

105 5105 203 5174 tragen
220 5099 290 5154 sind.
314 5097 379 5170 vgs
396 5097 533 5154 Urknndl.
551 5097 669 5163 Quellen
686 5097 713 5153 S.
732 5104 784 5154 ⁷84
799 5117 826 5154 n.
846 5099 874 5155 S.
893 5103 951 5155 823.

188 5190 204 5243 2
222 5183 264 5240 lat
281 5180 444 5257 gescbeben
462 5181 526 5254 Vgl.
545 5182 616 5240 oben
636 5185 652 5250 θ
670 5187 686 5239 6
704 5181 754 5239 der
771 5183 888 5241 tiltesten
907 5182 1044 5241 Statutcn.
