3748 6070
876 435 931 490 Das
948 435 1073 488 Paulines
1091 435 1195 500 Collag.

956 655 1068 721 Caput
1085 655 1118 708 V.

411 789 551 856 Aedium
576 787 703 874 collegii
723 787 809 854 fores
830 787 885 852 ubi
907 787 1037 854 clausae
1062 786 1196 870 fuerint,
1223 785 1340 852 nullius
1363 794 1513 873 respectu
1534 783 1660 872 aperiri
1687 783 1748 870 pri

330 900 405 955 vato
426 889 554 954 nomine
576 889 708 953 sinatur.
731 885 827 968 Quod
849 887 878 952 si
900 895 1029 970 temere,
1050 909 1115 952 non
1137 895 1271 972 cogente
1294 883 1426 973 publiea
1446 907 1557 966 causa,
1579 907 1601 950 a
1622 883 1749 971 privato

332 990 440 1074 aliquo
468 985 625 1074 singulari
653 1007 730 1050 casu
759 986 940 1073 patefactae
969 987 1101 1069 fuerint,
1130 986 1381 1073 quotiescunque
1410 983 1472 1049 hoc
1496 984 1619 1049 factum
1646 983 1751 1064 fuerit,

289 1097 305 1154 5
331 1091 426 1155 toties
459 1085 642 1174 persolvere
663 1095 799 1172 cogatur
825 1088 989 1173 magister,
1019 1086 1177 1150 curationi
1207 1085 1362 1149 trimestri
1393 1083 1587 1171 praefectus,
1619 1081 1750 1148 florines

331 1201 405 1253 tres.
445 1185 608 1251 Videbunt
636 1195 742 1250 autem
772 1184 890 1271 singuli
917 1195 1081 1250 curatores
1109 1184 1268 1265 vicissim,
1296 1193 1333 1249 ut
1361 1206 1418 1249 suo
1447 1193 1595 1270 tempore
1624 1179 1751 1267 collegii

330 1286 426 1354 aedes
458 1283 648 1350 claudantur
679 1293 802 1350 aestate
825 1293 900 1350 ante
930 1283 1104 1367 decimam,
1136 1284 1252 1372 hyeme
1281 1283 1391 1350 statim
1418 1291 1495 1348 ante
1521 1303 1654 1364 nonam,
1683 1289 1752 1346 utut

330 1397 404 1454 ante
426 1385 547 1452 dictum
569 1393 627 1450 est.

943 1502 1120 1566 CaputVL

292 1647 323 1702 to
415 1636 622 1722 Flagitiosos,
643 1635 835 1723 impudicos,
857 1633 1041 1718 insolentes,
1069 1634 1250 1716 seditiosos,
1272 1631 1527 1717 tumultuatores,
1549 1630 1750 1718 negligentes

331 1736 508 1801 studiorum
542 1758 671 1800 suorum
700 1737 727 1799 si
760 1737 908 1820 magistri
934 1735 1148 1818 castigatione
1180 1755 1239 1798 sua
1264 1731 1412 1798 meliores
1438 1731 1576 1796 reddere
1603 1753 1670 1796 non
1697 1753 1749 1816 po

331 1838 451 1900 tuerint
471 1857 574 1922 neque
587 1836 629 1920 'in
650 1833 713 1898 hae
734 1843 826 1920 parte
849 1834 1035 1921 praesidum
1056 1843 1222 1922 respectus
1244 1833 1428 1920 profecerit,
1449 1853 1606 1896 accusare
1633 1828 1750 1895 debent

330 1933 418 2022 apud
448 1943 607 1998 rectorem
636 1933 856 1998 universitatis
884 1941 1024 2016 nostrae,
1054 1934 1109 2021 qui
1137 1933 1177 1998 de
1204 1931 1268 1998 illis
1296 1931 1482 1998 coercendis
1512 1953 1586 1997 cum
1615 1927 1748 1995 consilio

330 2057 388 2100 suo
412 2031 605 2098 deliberabit
625 2043 722 2120 atque
743 2041 870 2098 statuet

291 2210 321 2265 15
945 2201 1054 2265 Caput
1070 2201 1132 2252 vn,

414 2331 449 2396 Si
470 2331 541 2419 quis
563 2331 790 2417 magistrorum
814 2333 982 2396 convictus
1001 2332 1098 2396 fuerit
1118 2331 1278 2418 flagitiose
1298 2331 1430 2418 aliquid,
1452 2333 1485 2396 in
1506 2329 1644 2415 collegio
1659 2349 1750 2416 prae

332 2432 451 2514 sertim,
472 2439 689 2517 perpetrasse,
711 2433 819 2496 statim
841 2432 989 2517 privetur
1012 2453 1032 2494 a
1052 2440 1179 2496 rectore
1200 2441 1232 2496 et
1252 2431 1457 2518 praesidibus
1479 2451 1612 2495 munere
1636 2451 1702 2494 suo.

939 2632 1045 2696 Caput
1062 2631 1135 2683 vm.

414 2763 645 2849 Magistrorum
666 2764 727 2827 erit
746 2761 868 2846 videre,
897 2785 937 2826 ne
963 2762 1043 2851 quid
1063 2762 1153 2849 apud
1181 2761 1355 2851 inquilinos
1383 2786 1545 2828 minorum
1574 2763 1751 2851 repositum

291 2863 378 2928 weit
398 2885 501 2951 neque
529 2861 660 2926 abillis
689 2871 852 2943 tractetur,
883 2885 993 2927 eorum
1014 2864 1217 2950 praesertim,
1244 2884 1328 2950 quae
1356 2865 1455 2928 noxia
1482 2885 1554 2928 esse
1576 2863 1692 2944 solent,
1719 2872 1752 2926 ut

334 2973 408 3028 sunt
430 2983 524 3027 arcus
546 2971 579 3027 et
599 2984 680 3049 quae
702 2958 902 3026 bombardae
914 2973 1081 3046 vocantur,
1100 2971 1132 3028 et
1152 2963 1305 3050 quicquid
1324 2973 1554 3027 tormentorum
1577 2964 1612 3028 in
1633 2984 1751 3049 genere

334 3072 391 3128 est.
435 3061 471 3126 Si
494 3062 564 3150 quis
587 3069 700 3125 contra
723 3061 967 3148 permissionem
989 3063 1217 3148 magistrorum
1239 3060 1295 3126 illa
1315 3059 1435 3126 habere
1457 3070 1515 3126 aut
1534 3063 1665 3127 omnino
1688 3059 1751 3125 ullo

332 3165 365 3228 in
389 3159 595 3227 contubernio
616 3159 793 3226 obversans
815 3160 868 3226 die
889 3170 1027 3227 noctuvc
1048 3173 1177 3248 gestare
1199 3185 1296 3226 ausus
1317 3161 1428 3246 fuerit,
1449 3161 1622 3226 mulctetur
1644 3182 1666 3225 a
1686 3181 1751 3224 ma·

333 3263 442 3350 gistris
471 3259 651 3348 quadrante
681 3261 789 3326 florini
819 3271 851 3327 et
878 3261 1018 3328 renitens
1048 3284 1088 3326 ac
1114 3261 1266 3326 mulctam
1297 3258 1422 3327 solvere
1449 3284 1604 3326 recusans
1634 3259 1752 3326 rectori

291 3361 551 3428 2tuuiversitatis
573 3358 742 3426 indicetur.

953 3514 1059 3579 Caput
1077 3513 1125 3565 lx.

416 3643 607 3732 Quicunque
643 3643 873 3730 magistrorum
903 3646 1109 3733 conspexerit
1141 3647 1175 3712 in
1204 3645 1268 3711 ullo
1299 3644 1429 3733 publico
1461 3647 1653 3733 privatoque
1683 3645 1751 3710 loco

334 3742 510 3829 discipulos
538 3745 693 3825 rixantes,
716 3743 954 3827 tumultuantes,
984 3745 1208 3832 confligentes,
1236 3767 1369 3832 operam
1399 3744 1504 3827 dabit,
1533 3755 1569 3810 ut
1590 3745 1751 3811 contentio

336 3842 466 3907 sedetur
488 3849 520 3905 et
539 3852 575 3906 ut
596 3851 723 3906 autores
746 3843 929 3928 puniantur.
970 3843 1125 3910 Similiter
1150 3846 1206 3930 qui
1237 3843 1347 3910 datum
1370 3843 1522 3910 darnnum
1549 3844 1649 3910 rebus
1681 3867 1750 3911 con·

292 3940 476 4008 totubernii
496 3943 685 4026 cognoverit
712 3949 744 4005 et
772 3940 1039 4026 dissimulaverit,
1066 3945 1094 4008 ie
1124 3945 1214 4026 scito,
1244 3965 1278 4008 se
1305 3943 1492 4008 fidelitatem
1518 3942 1665 4009 debitam
1685 3946 1750 4010 uni·

334 4039 480 4106 versitati
500 4049 630 4106 nostrae
650 4040 790 4105 violasse
817 4051 858 4123 et,
881 4042 949 4106 sive
976 4041 1017 4108 de
1045 4041 1160 4107 fraude
1185 4065 1241 4106 seu
1268 4041 1308 4107 de
1335 4043 1531 4130 negligentia
1552 4045 1659 4132 ipsius
1681 4067 1750 4110 con·

335 4139 467 4221 stiterit,
499 4161 621 4227 poenas
653 4141 786 4204 meritas
819 4142 1062 4227 persoluturum
1077 4163 1155 4208 esse.
1198 4142 1266 4228 Ipsi
1297 4144 1446 4229 magistri
1475 4143 1580 4209 modis
1604 4143 1752 4210 omnibus

335 4259 467 4326 operam
501 4237 641 4322 dabunt,
672 4249 708 4304 ut
740 4239 914 4327 discipulos
942 4251 974 4306 et
1005 4241 1252 4307 contubernales
1281 4265 1347 4308 non
1379 4243 1482 4308 solum
1514 4244 1663 4308 oratione
1696 4243 1751 4308 sed

335 4339 432 4404 etiam
453 4339 520 4402 vita
543 4361 603 4403 sua
622 4340 792 4426 instruant,
813 4341 962 4428 inprimis
982 4339 1146 4406 levitatem
1167 4351 1198 4406 et
1219 4341 1449 4428 turpitudinem
1472 4343 1633 4408 dictorum
1654 4343 1751 4408 facto

293 4447 448 4504 aramve
485 4437 527 4504 ab
556 4438 682 4504 illorum
712 4438 812 4504 oeulis
840 4451 872 4504 et
901 4439 1034 4506 auribus
1069 4439 1295 4524 removebunt,
1328 4442 1479 4506 convivia
1512 4443 1750 4530 intempestiva,

335 4537 515 4626 potationes
538 4537 706 4622 deformes,
729 4541 829 4624 rixas,
858 4540 992 4606 scuriles
1012 4539 1103 4604 lusus
1124 4538 1266 4605 citando.
1302 4540 1368 4621 Qui
1391 4543 1648 4626 contrafecerit,
1673 4541 1750 4608 mul·

336 4645 420 4702 ctam
440 4637 534 4703 unius
554 4636 662 4703 florini
683 4637 809 4704 solvito.

963 4758 1070 4823 Caput
1085 4759 1118 4810 X.

417 4887 608 4954 Rectissime
630 4885 759 4973 quidem
786 4888 995 4976 praecipitur,
1023 4889 1283 4956 assuefaciendus
1305 4911 1376 4956 esse
1398 4889 1440 4955 cd
1467 4913 1560 4956 mum
1580 4889 1750 4958 locutionis

294 4989 454 5056 tolatinae
477 4986 637 5053 studiosos
658 4985 787 5074 linguae
806 4987 907 5072 illius,
936 4985 994 5053 sed
1013 4987 1084 5071 hoc,
1104 4989 1168 5054 nisi
1187 5011 1267 5054 vera
1287 4991 1414 5056 ratione
1436 4989 1502 5074 fiat,
1523 4999 1625 5056 uocet
1666 4991 1749 5057 Nam

337 5097 456 5155 temere
484 5109 673 5176 quacunque
700 5085 810 5174 lingua
838 5089 902 5170 usi,
930 5089 1100 5153 veritatem
1127 5088 1214 5154 illius
1242 5089 1331 5156 mala
1355 5089 1586 5158 consuetudine
1607 5114 1746 5158 corrum-
1867 5093 1868 5111 ¹
