3748 6070
618 441 669 493 Dte
686 441 806 495 81111111
823 455 877 494 ron
899 439 1070 496 troo-tue.
1500 441 1560 507 313

133 628 154 691 4
176 637 218 708 91.
247 621 314 690 Pro
334 621 579 707 elencorum,
601 626 888 712 posteriorum,
908 621 1166 689 tractatibus
1187 619 1301 687 Petri
1320 621 1499 708 Hispani
1521 619 1565 686 ad

136 725 318 790 maximum
346 729 365 792 3
391 745 528 807 menses,
556 726 725 791 minimum
752 731 790 792 10
817 725 1034 814 septimanam
1064 733 1175 810 pastus
1204 722 1245 789 de
1274 722 1379 809 primo
1407 727 1497 806 295,
1523 719 1564 786 de

134 821 394 907 1111111391,
417 823 457 890 de
477 825 572 890 tertio
595 830 673 911 191.
713 825 778 890 Pro
799 827 1042 911 yconomica
1063 829 1082 892 3
1105 823 1320 910 septimanam
1348 830 1461 908 pastus
1485 827 1500 886 t
1523 837 1563 905 cg.

24 924 48 1023 ,s
131 921 200 988 Pro
221 922 445 989 Prisciano
466 923 652 990 breviori
674 930 693 990 2
717 921 795 1012 [th]
817 945 958 1008 menses3
987 932 1099 1010 pastus
1127 928 1209 1008 295.
1251 919 1315 986 Pro
1343 917 1428 984 libro
1450 920 1562 1006 prio·

131 1028 673 1112 rumtmenses3pastus4gr.
1585 1030 1602 1084 1

682 1212 1015 1224 ——n—-—

655 1383 705 1446 22·
731 1397 809 1446 Vom
828 1397 934 1448 «labra
954 1396 1041 1450 1412.

221 1517 251 1576 1.
270 1507 351 1576 Item
370 1509 506 1595 quilibet
524 1509 666 1578 decanus
686 1511 847 1576 tenebitur
872 1533 932 1598 per
957 1510 1084 1598 singula
1108 1510 1258 1576 conclusa
1286 1517 1318 1574 et
1340 1517 1463 1574 statuta
1486 1531 1560 1575 con·

135 1609 296 1692 scribere,
323 1609 475 1676 conclusa
503 1610 546 1677 ad
572 1608 691 1676 librum
722 1613 894 1699 papireum
922 1614 1193 1698 cognominatum,
1221 1618 1343 1676 statuta
1372 1608 1415 1674 ad
1443 1607 1562 1673 librum

130 1709 310 1790 facultatis,
332 1709 391 1775 sub
412 1711 592 1776 iuramento
614 1733 682 1792 suo,
705 1709 792 1799 quod
809 1713 886 1776 feeit
905 1711 1062 1776 facultati.

219 1814 249 1874 2.
272 1809 352 1874 Item
367 1811 532 1895 magister,
554 1810 724 1898 disputans
746 1811 920 1893 ordinarie,
942 1811 985 1876 ad
1004 1813 1181 1876 maximum
1195 1808 1328 1874 cuilibet
1348 1806 1556 1894 respondenti
1569 1815 1600 1872 10

132 1907 255 1973 debeat
272 1929 455 1994 proponere
474 1919 613 1997 quatuor
633 1919 825 1996 argumenta
839 1919 871 1975 11
891 1910 1023 1976 cuilibet
1043 1933 1143 1975 unum
1160 1908 1329 1990 deducere,
1351 1915 1386 1972 ut
1405 1906 1556 1992 magistri

133 2017 307 2096 sequentes
327 2005 469 2072 habeant
488 2006 595 2072 locum
617 2009 784 2095 arguendi.

217 2113 248 2174 3.
268 2105 350 2172 Item
378 2105 564 2172 conclusum
590 2116 623 2172 et
653 2117 808 2174 statutum
837 2109 914 2191 fuit,
944 2108 1030 2174 nullo
1060 2107 1310 2189 contradicente,
1339 2104 1428 2195 quod
1456 2103 1562 2169 nullus

134 2214 369 2292 promoveatur
393 2205 436 2270 ad
464 2205 603 2291 gradum
624 2205 862 2274 baccalariatus
882 2211 916 2274 in
942 2207 1077 2291 artibus,
1106 2209 1169 2272 nisi
1190 2208 1244 2294 qui
1270 2203 1429 2270 studuerit
1447 2205 1481 2268 11
1500 2205 1565 2269 1111

132 2304 345 2370 universitate
366 2303 453 2370 ultra
473 2327 601 2372 annum.
642 2306 686 2373 Et
706 2306 768 2372 boc
788 2306 979 2394 intelligitur
1008 2307 1049 2372 de
1077 2308 1158 2390 istis,
1188 2307 1244 2394 qui
1272 2306 1307 2370 in
1335 2304 1407 2369 aliis
1437 2303 1563 2385 studiis,
1574 2311 1605 2366 15

134 2413 312 2492 antequam
332 2402 395 2469 buc
413 2405 570 2484 venirent,
593 2428 657 2472 non
676 2407 814 2471 fuerunt.

218 2512 249 2572 4.
275 2503 367 2585 Item,
396 2503 424 2568 si
450 2501 578 2592 aliquis,
608 2505 651 2570 ad
679 2505 817 2592 gradum
844 2505 1082 2572 baccalariatus
1110 2503 1358 2592 promovendus,
1386 2503 1563 2590 indiguerit

134 2603 394 2690 dispensacione,
423 2625 489 2668 non
519 2605 683 2689 potuerint
704 2603 944 2692 dispensatores
965 2604 1068 2672 lacius
1092 2628 1165 2670 cum
1185 2604 1257 2690 ipso
1280 2603 1470 2689 dispensare
1498 2603 1561 2668 nisi

134 2724 209 2768 cum
231 2724 296 2767 uno
324 2701 408 2768 libro
430 2701 568 2790 parciali
596 2713 628 2768 11
656 2702 760 2770 tribus
785 2705 986 2770 nortatibus.
1029 2703 1121 2770 Idem
1149 2702 1340 2789 intelligitur
1365 2702 1406 2768 de
1434 2724 1562 2790 promo·

134 2802 242 2868 vendo
263 2799 307 2866 ad
328 2802 561 2888 magisterium,
582 2804 645 2868 nisi
666 2802 750 2886 talia,
771 2805 943 2870 sufficienti
960 2802 1134 2890 diligencia
1155 2801 1312 2884 adhibita,
1333 2825 1399 2868 non
1421 2804 1604 2890 potuerit20

132 2901 271 2967 lectores
291 2899 455 2982 babuisse,
476 2899 599 2988 dequo
621 2902 681 2968 sub
701 2904 903 2995 consciencia
924 2927 983 2968 sua
1003 2903 1243 2990 dispensatores
1258 2901 1465 2984 informabit,
1485 2911 1562 2968 1111

134 3001 301 3088 potuerint
323 3023 396 3064 cum
419 2999 545 3066 duobus
565 2999 658 3066 libris
680 3002 832 3067 totalibus
856 3025 928 3067 cum
950 3003 1022 3089 ipso
1044 3002 1243 3089 dispensare.

218 3106 248 3166 5.
270 3101 352 3165 Item
372 3099 487 3182 nullus,
516 3101 648 3166 veniens
671 3100 711 3166 de
733 3101 799 3167 alia
827 3103 1046 3184 rmiversitate,
1073 3102 1257 3187 promoveri
1278 3099 1395 3166 debeat
1417 3099 1459 3164 ad
1489 3121 1563 3186 gra·

137 3199 214 3266 dnm
235 3198 487 3281 baccalariatus,
514 3199 578 3264 nisi
599 3203 690 3287 prius
714 3203 837 3267 steterit
857 3201 889 3266 in
912 3202 992 3266 ista¹
1018 3201 1229 3264 universitate
1258 3223 1317 3287 per
1337 3199 1481 3264 medium
1510 3221 1563 3263 an-

136 3323 225 3381 num,
252 3308 285 3364 et
304 3299 339 3363 in
357 3299 432 3380 ista,
453 3297 539 3364 unde
554 3301 652 3380 veuit,
679 3301 782 3364 eciam
803 3299 887 3364 ultra
908 3298 1050 3364 medium
1070 3321 1199 3381 annum,
1225 3307 1258 3363 et
1279 3297 1454 3363 dummodo
1477 3297 1606 3364 suffi·25

136 3400 257 3464 cientes
277 3397 521 3463 informationes
542 3397 655 3464 fecerit
674 3398 715 3463 de
736 3400 906 3465 audicione
927 3398 1084 3464 librorum
1105 3399 1138 3461 in
1162 3396 1226 3462 alia
1248 3399 1468 3462 universitate.

219 3505 248 3565 6.
270 3497 350 3562 Item
373 3496 615 3583 dispensatores
636 3497 677 3562 de
699 3497 964 3586 responsionibus
986 3497 1161 3562 ordinariis
1181 3496 1343 3561 faciendis
1365 3518 1425 3583 per
1447 3495 1563 3562 bacca·

134 3595 303 3664 lariandos
333 3619 399 3663 non
428 3594 550 3662 babent
577 3596 766 3684 dispensare
795 3609 906 3662 111111
935 3607 1104 3679 statutum,
1133 3595 1191 3660 sed
1223 3595 1264 3660 de
1294 3594 1564 3661 extraordinariis

136 3704 274 3785 possunt
294 3696 386 3760 iuxta
408 3696 611 3782 exigenciam
632 3719 791 3784 personae
811 3698 959 3784 petentis.
987 3695 1078 3761 Idem
1097 3694 1291 3781 intelligitur
1311 3694 1352 3760 de
1370 3693 1564 3760 baccalariis

137 3793 368 3884 promovendis
390 3793 433 3860 ad
455 3795 686 3880 magisterium.
1573 3803 1607 3860 30

221 3903 251 3962 7.
272 3895 355 3959 Item
385 3892 533 3982 quilibet,
561 3893 674 3961 volens
702 3904 876 3961 esseauu
902 3917 1034 3981 regens,
1065 3893 1162 3959 debet
1189 3895 1334 3981 incipere
1363 3891 1564 3958 ordinarium

137 4019 232 4061 suum
252 4003 327 4060 ante
347 3993 465 4059 festum
487 3995 629 4060 omnium
650 4005 834 4062 sanctorum
859 3999 932 4072 (den
955 4001 981 4060 1.
1003 3998 1192 4076 November),
1221 3995 1249 4057 si
1275 3993 1373 4057 fuerit
1392 4015 1564 4080 praesens3

136 4098 166 4161 si
195 4103 305 4161 autem
332 4093 451 4159 absens
482 4094 595 4177 buerit,
627 4105 703 4160 tunc
729 4095 831 4160 currit
867 4092 929 4158 sibi
956 4101 1083 4180 tempus
1112 4091 1289 4179 incipiendi
1321 4099 1353 4156 et
1383 4091 1564 4178 recipiendi

136 4205 213 4261 ante
234 4194 352 4259 festum
373 4194 553 4258 nativitatis
567 4193 699 4261 Christi.
722 4193 766 4260 Et
784 4192 945 4257 tenebitur
961 4190 1096 4279 quilibet
1118 4190 1317 4255 ordinarium
1340 4213 1432 4257 suurn
1454 4191 1564 4277 legere

136 4294 269 4383 publice
290 4294 324 4358 in
347 4293 454 4376 scolis,
476 4294 540 4358 nisi
561 4292 683 4360 decano
704 4293 893 4373 constiterit,
913 4291 999 4378 quod
1020 4313 1084 4356 non
1103 4291 1222 4376 poterit
1241 4287 1363 4355 babere
1382 4289 1605 4358 lectoriumae

220 4415 251 4478 8.
274 4407 334 4496 [Bl.
357 4405 429 4496 52¹]
462 4409 545 4474 Item
565 4409 678 4476 volens
700 4407 860 4495 complere
882 4407 1058 4494 byennium
1080 4407 1262 4492 magisterii
1285 4408 1334 4472 sui
1355 4417 1481 4472 tenetur
1503 4429 1562 4494 per

138 4510 221 4577 duos
243 4531 345 4574 annos
367 4507 511 4596 quolibet
529 4508 636 4574 medio
658 4530 742 4575 anno
768 4508 881 4594 legere
896 4505 939 4572 ad
967 4507 1073 4572 minus
1103 4528 1163 4592 per
1190 4515 1257 4570 tres
1285 4529 1410 4572 meuses
1438 4506 1564 4595 aliquas

136 4609 299 4676 lecciones
322 4607 365 4673 ad
385 4607 524 4693 gradum
545 4608 725 4693 magisterii
745 4606 797 4672 vel
818 4605 1059 4672 baccalariatus
1079 4604 1287 4690 pertinentes.

222 4762 381 4823 Hiemucb
404 4762 475 4822 sind
495 4766 515 4824 4
535 4761 579 4820 bia
599 4763 618 4822 5
640 4761 742 4821 Zeilen
762 4761 943 4837 vollstdudip
963 4760 1145 4819 1111111111.

220 4909 290 4975 Ista
318 4917 439 4975 statuta
468 4908 617 4996 superius
649 4909 756 4996 posita
785 4920 860 4974 1111
886 4909 921 4973 11
948 4903 1102 4972 facudtate
1130 4875 1282 4971 conclusa
1309 4904 1391 4969 feria
1420 4901 1604 4970 secundato

225 5113 236 5165 ι
256 5106 293 5163 1.
310 5104 406 5162 usur
418 5105 515 5162 nee.
534 5103 600 5177 ugr
617 5106 689 5164 osen
704 5102 887 5162 111111.
907 5107 947 5174 as,
967 5107 987 5160 1.
