3788 6078
344 431 405 500 564
859 431 910 482 Die
930 427 1259 494 11110103111111111111ῑί1Ι

346 625 403 698 est,
425 612 512 701 quod
534 613 575 678 de
596 622 714 695 cetero,
736 614 790 701 qui
812 615 846 677 in
867 611 932 677 alia
954 611 1165 676 universitate
1189 619 1325 698 quatuor
1345 608 1447 674 libros
1471 609 1714 673 semunciarum
1726 605 1766 670 le

345 713 461 800 gendo,
485 712 652 796 arguendo
674 723 706 776 et
727 711 963 798 respondendo,
985 710 1112 798 aliaque
1134 712 1242 774 omnia
1265 709 1307 774 ad
1328 709 1467 773 formam
1493 729 1553 795 pro
1569 705 1708 770 licencia
1728 704 1767 769 ad

346 813 546 877 doctoratum
569 811 725 898 legittime
747 810 958 897 reeipiend0¹
983 819 1148 896 promotus
1176 811 1236 892 sit,
1258 808 1399 896 velitque
1422 807 1524 892 recipi
1546 805 1589 870 ad
1611 807 1767 890 gremium

346 911 508 976 facultatis
531 911 730 996 theologicae
752 919 784 974 et
804 909 908 974 locum
933 906 1020 996 [24¹¹]
1043 909 1203 974 obtinere:
1234 909 1261 973 si
1295 908 1348 974 hic
1375 930 1436 972 nec
1463 927 1595 970 cursum
1615 926 1766 968 11111111-

304 1021 320 1074 5
346 1011 469 1074 tanciae
489 1009 612 1095 legerit,
634 1009 730 1074 debet
750 1008 828 1074 dare
850 1007 1000 1072 adminus
1023 1009 1157 1093 triginta
1177 1006 1316 1074 florenos
1331 1010 1353 1090 ²,
1372 1007 1454 1072 duos
1474 1005 1618 1070 florenos
1639 1003 1767 1068 famulis

347 1121 378 1174 et
400 1109 571 1196 prandium
592 1109 795 1190 doctoribus3
839 1109 867 1172 si
888 1131 966 1173 vero
985 1107 1037 1170 hic
1061 1130 1190 1172 cursum
1212 1109 1282 1172 sine
1309 1108 1480 1172 sentenciis
1502 1104 1640 1188 legerit,
1666 1101 1769 1166 solvat

347 1209 462 1293 viginti
484 1211 624 1296 quinque
646 1207 784 1272 florenos
806 1219 838 1272 et
859 1230 956 1271 unum
978 1207 1136 1271 florenum
1155 1206 1283 1272 famulis
1314 1217 1346 1270 et
1367 1204 1555 1272 doctoribus
1577 1200 1767 1290 prandium

347 1309 473 1372 sivero
496 1309 676 1372 sentencias
704 1307 757 1372 hic
785 1305 914 1392 legerit,
947 1305 1053 1370 solvat
1083 1307 1203 1392 viginti
1227 1306 1262 1370 fl.
1287 1317 1320 1372 et
1341 1329 1439 1371 unum
1459 1303 1618 1368 florenum
1640 1300 1767 1366 famulis

348 1406 584 1494 prandiumque
604 1405 800 1472 doctoribus.
840 1405 971 1470 Debent
991 1407 1093 1470 eciam
1115 1404 1207 1486 tales,
1237 1407 1427 1493 priusquam
1455 1403 1498 1468 ad
1525 1401 1699 1467 consilium
1725 1401 1768 1464 fa·

309 1517 341 1571 10
351 1506 481 1571 cultatis
501 1507 711 1592 recipiantur,
732 1527 791 1592 pro
815 1503 1034 1590 complecione
1056 1503 1185 1590 publice
1207 1515 1344 1590 quatuor
1366 1527 1468 1568 anuos
1489 1505 1523 1566 in
1536 1500 1768 1566 lectoriotheo·

348 1604 495 1691 logorum
517 1605 634 1691 legere,
656 1603 738 1668 alias
760 1603 802 1668 ad
824 1603 989 1669 consilium
1013 1627 1079 1669 non
1100 1605 1309 1690 recipiantur.
1352 1603 1418 1683 Qui
1439 1604 1571 1666 veroin
1593 1600 1685 1666 nulla
1705 1603 1769 1663 uni·

348 1707 501 1769 versitate
522 1715 687 1791 promotus
710 1705 766 1784 sit,
798 1725 902 1787 neque
928 1703 979 1767 hic
997 1725 1100 1788 neque
1122 1705 1155 1767 in
1176 1702 1311 1791 aliqua³
1342 1703 1553 1766 universitate
1577 1700 1768 1778 sentencias,

351 1814 386 1867 ut
406 1805 633 1888 praemittitur,
656 1802 781 1888 legerit,
803 1824 907 1888 neque
929 1801 972 1865 ad
993 1800 1097 1867 locum
1125 1805 1209 1866 inter
1230 1801 1379 1866 doctores
1407 1821 1511 1884 neque
1540 1799 1584 1863 ad
1612 1799 1768 1884 gremium

349 1900 516 1967 doctorum
537 1901 718 1988 theologiae
737 1901 896 1966 ullatenus
917 1903 1103 1988 recipiatur.

311 2076 341 2130 15
436 2073 486 2135 48.
506 2067 632 2134 Habita
652 2070 785 2153 insuper
806 2067 903 2154 plena
925 2067 1090 2132 doctorum
1114 2069 1351 2132 convocacione
1371 2088 1431 2152 pro
1455 2065 1637 2152 superioris
1664 2064 1770 2127 statuti

349 2165 581 2250 declaracione,
603 2168 665 2232 fuit
684 2166 878 2250 conclusum,
902 2166 989 2255 quod
1011 2166 1217 2252 recipiendus
1241 2165 1359 2231 debeat
1379 2166 1486 2252 recipi
1508 2164 1552 2229 ad
1570 2160 1657 2250 [25⁸]
1671 2165 1771 2226 instar

349 2266 608 2352 recipiendorum
627 2267 766 2332 aliarum
786 2266 984 2348 facultatum,
1005 2267 1053 2330 ita
1072 2265 1176 2353 quod,
1205 2265 1261 2330 ubi
1290 2275 1386 2330 antea
1413 2267 1448 2330 in
1476 2265 1539 2328 hec
1561 2263 1771 2328 universitate

349 2363 449 2430 nichil
471 2388 531 2452 pro
552 2365 731 2452 theologico
754 2365 859 2451 gradu
879 2365 1099 2452 compleverit,
1121 2362 1239 2429 debeat
1259 2363 1303 2428 ad
1324 2367 1429 2430 minus
1450 2385 1511 2451 per
1531 2364 1697 2448 integrum
1718 2383 1771 2426 an-

349 2485 425 2528 num
453 2464 506 2529 hic
532 2467 674 2548 stetisse3
715 2463 773 2528 ubi
799 2487 878 2529 vero
905 2463 1029 2550 aliquid
1059 2462 1270 2549 compleverit
1302 2485 1362 2550 per
1389 2462 1531 2528 medium
1559 2485 1699 2544 annum,
1727 2462 1772 2525 sic

308 2563 441 2650 2⁰quod
462 2565 495 2627 in
517 2563 625 2651 aliquo
646 2563 803 2629 librorum
826 2563 888 2628 sibi
909 2586 929 2628 a
949 2563 1102 2628 facultate
1127 2563 1365 2648 assignatorum
1387 2561 1552 2628 ordinarie
1574 2559 1675 2646 legat,
1697 2561 1772 2626 hinc

350 2685 410 2749 pro
432 2662 503 2728 loco
526 2661 723 2749 respondeat
747 2662 864 2748 detque
885 2685 947 2726 non
969 2661 1070 2728 solnm
1094 2661 1280 2727 doctoribus
1301 2662 1360 2726 sed
1387 2673 1418 2726 et
1440 2660 1655 2746 arguentibus
1678 2682 1771 2747 pran-

351 2763 449 2844 dium,
471 2761 638 2848 solvatque
660 2773 789 2848 praeter
809 2783 984 2843 summam,
1014 2763 1048 2825 in
1077 2762 1238 2848 superiori
1265 2771 1384 2826 statuto
1412 2783 1614 2847 expressam,
1635 2759 1770 2824 doctori·

350 2861 412 2927 bus
434 2861 578 2926 debitam
600 2871 632 2925 et
652 2861 695 2926 ad
716 2861 829 2926 fiscum
851 2860 1013 2926 facultatis
1034 2860 1083 2942 id,
1114 2861 1201 2948 quod
1225 2862 1316 2946 prius
1339 2861 1381 2925 ad
1401 2861 1515 2924 fiscum
1538 2883 1604 2924 non
1629 2858 1770 2940 solverit,

353 2971 468 3046 utputa
479 2963 502 3042 ⁴,
524 2961 551 3024 si
573 2970 669 3026 antea
690 2959 769 3025 fisco
791 2959 891 3026 nichil
912 2959 1054 3043 solverit,
1078 2972 1216 3046 protunc
1237 2959 1344 3024 solvat
1365 2959 1514 3024 undecim
1537 2959 1698 3040 florenos3
1718 2959 1770 3022 uhi

310 3069 342 3124 25
355 3082 431 3124 vero
454 3081 514 3144 pro
537 3058 758 3124 baccalariatu
780 3071 836 3124 aut
861 3062 1033 3124 sentenciis
1054 3058 1228 3140 solverit⁵,
1270 3057 1351 3123 illud
1380 3058 1521 3124 solutum
1549 3058 1592 3122 ah
1622 3057 1771 3124 undecim

352 3159 484 3224 florenis
506 3157 552 3223 illi
576 3157 763 3240 defalcetur,
783 3157 965 3246 habeatque
987 3158 1112 3240 locum,
1134 3159 1161 3222 si
1180 3167 1276 3222 antea
1287 3157 1533 3224 hicsentencias
1554 3156 1683 3243 legerit,
1704 3169 1773 3244 post

351 3258 537 3323 licenciatos
560 3269 592 3321 et
612 3281 676 3340 eos,
700 3261 755 3344 qui
777 3269 851 3322 ante
873 3282 944 3324 eum
967 3259 1146 3322 sentencias
1169 3256 1323 3343 legerint3
1361 3259 1388 3322 si
1415 3279 1494 3323 vero
1516 3256 1569 3322 hic
1592 3259 1770 3322 sentencias

351 3381 416 3424 non
436 3357 559 3444 legerit,
583 3367 656 3444 post
676 3381 786 3423 omnes
809 3359 1040 3423 sentenciarios
1069 3367 1100 3421 et
1127 3355 1316 3422 licenciatos
1344 3357 1450 3422 locum
1477 3356 1640 3438 obtineat,
1671 3358 1771 3444 priori

355 3467 475 3523 statuto
496 3458 530 3521 in
552 3479 610 3521 suo
632 3457 747 3522 robore
769 3453 856 3543 [251]
879 3458 1007 3522 omnino
1028 3466 1248 3543 permanente.

311 3633 345 3689 ³0
438 3629 486 3689 49.
519 3621 606 3702 Quia
631 3623 780 3688 retractis
810 3622 982 3710 partibust
1009 3621 1049 3687 de
1078 3620 1140 3686 loci
1165 3624 1392 3689 reservacione
1411 3622 1621 3688 differenciae
1641 3623 1771 3688 odiosae

354 3734 386 3787 et
405 3721 635 3808 displicenciae
656 3721 855 3808 periculosae
884 3721 1155 3803 habitaclum,
1197 3721 1238 3787 ob
1269 3721 1303 3787 id
1332 3724 1365 3788 in
1392 3722 1490 3809 plena
1516 3725 1771 3808 congregacione

358 3823 524 3887 doctorum
548 3820 709 3884 facultatis
731 3820 931 3906 theologicae
950 3821 991 3886 de
1019 3845 1103 3886 anno
1132 3820 1253 3886 domini
1285 3827 1362 3888 1455
1395 3821 1448 3886 dic
1479 3831 1667 3886 sanctorum
1702 3822 1770 3886 dor·

353 3921 524 3985 miencium
546 3926 587 3994 td.
609 3925 655 3985 27.
677 3923 785 3998 JoniJ⁸
805 3921 1006 3986 concorditer
1028 3919 1213 3985 conclusum
1234 3921 1303 4003 fuit,
1327 3920 1414 4008 quod
1435 3919 1476 3984 de
1498 3931 1606 3984 cetere
1629 3920 1711 3986 nulli
1729 3921 1770 3986 lo

355 4043 412 4085 cus
435 4019 521 4083 ultra
542 4041 639 4083 unum
663 4041 783 4085 annum
810 4029 934 4084 tantum
963 4021 1125 4085 reservari
1152 4018 1258 4084 debet.
1301 4019 1397 4099 Quod
1427 4019 1558 4106 quidem
1586 4021 1769 4086 conclusum

320 4131 353 4186 ³5
368 4129 520 4184 statutum
553 4121 669 4182 iterum
709 4121 743 4183 in
769 4116 867 4205 plena
894 4120 1150 4206 congregacione
1180 4117 1348 4184 doctorum
1369 4119 1514 4184 unanimi
1536 4141 1711 4203 consensu,
1734 4120 1770 4184 de

356 4241 440 4284 anno
464 4217 585 4282 domini
607 4219 816 4303 nonagesimo
838 4219 948 4304 quinto
968 4219 1021 4283 die
1041 4217 1170 4283 sabbati
1196 4219 1283 4282 infra
1313 4229 1446 4284 octavas
1474 4219 1601 4284 Pascae
1628 4223 1724 4298 (1495
1744 4223 1769 4281 d.

354 4327 404 4386 25,
426 4320 541 4399 April),
562 4339 619 4403 per
641 4317 826 4382 facultatem
847 4316 1060 4404 theologicam
1091 4327 1139 4382 est
1162 4319 1368 4403 innovatum,
1395 4317 1615 4406 approbatum
1642 4329 1675 4382 et
1702 4341 1768 4382 con-

441 4521 449 4571 1
472 4513 658 4571 Geechn'eben
675 4515 749 4570 steht
766 4517 960 4586 remittendam.

435 4605 450 4655 2
469 4599 523 4652 Am
541 4599 650 4654 Raude:
671 4599 734 4654 Hor
752 4600 836 4654 solvit
851 4601 891 4654 D.
911 4599 1069 4654 Auxanum
1086 4601 1203 4656 Atesim.
1223 4605 1295 4658 154³.

438 4687 453 4739 3
471 4681 556 4738 Wohl
572 4683 641 4738 alio.

437 4774 454 4823 4
474 4766 659 4824 Gaschriehea
677 4767 751 4821 steht
767 4775 797 4820 at
810 4775 883 4838 pate.

439 4860 454 4908 5
472 4849 659 4909 Geschriehen
676 4850 749 4906 steht
763 4852 901 4908 salvetat.

437 4943 454 4992 6
475 4935 562 4992 Sollte
581 4935 640 4990 hier
657 4933 734 4989 nicht
751 4935 787 4989 im
806 4935 933 5008 Original
950 4935 1102 5008 gestanden
1119 4934 1210 4993 haben
1227 4941 1374 4996 retroactae
1390 4941 1575 5014 ruopertum

440 5028 454 5076 ’1
472 5019 658 5078 Geschricben
670 5018 743 5074 steht
758 5020 862 5075 habe-e.

444 5105 522 5162 SAn
540 5105 643 5159 andern
663 5103 749 5158 Orten
768 5103 812 5158 fiel
832 5103 874 5157 ihr
890 5103 954 5176 'fag
972 5101 1025 5160 auf
1039 5104 1091 5160 den
1109 5110 1148 5162 at.
1166 5105 1233 5162 Juli.
