3794 6060
533 411 581 460 mit
598 409 863 464 Zusstsbesebltsssn
879 411 920 462 bis
940 425 999 460 snm
1017 413 1100 462 Jshre
1123 417 1194 462 1⁴90.
1534 417 1573 478 55

152 613 278 673 eorum,
306 601 373 654 tarn
393 589 521 656 illorum
544 587 650 655 officio
672 589 810 658 durante
830 612 928 676 quam
949 603 1022 682 post
1035 593 1061 674 ¹,
1090 599 1126 658 ut
1147 593 1344 678 promissum
1368 602 1437 675 est,
1466 593 1572 658 defen·

155 689 231 758 dere
250 699 283 754 a
305 687 445 755 totaliter
466 687 651 774 exbrigsre.

232 889 258 952 8.
288 886 394 952 Item²
415 887 444 952 si
464 909 570 973 poena
590 887 631 954 de
653 888 842 955 excessibus
864 911 924 976 per
947 899 1104 956 rectorem
1126 888 1264 956 collecta
1283 889 1520 955 nonextendit
1541 911 1576 955 se

151 987 235 1052 ultra
255 1005 470 1070 sexagenum,
497 995 604 1052 rector
625 987 758 1052 habebit
779 1011 850 1052 eam
873 997 990 1072 totam3
1013 991 1041 1054 si
1062 1012 1140 1054 vero
1163 989 1310 1055 extendit
1330 1012 1364 1054 se
1379 989 1465 1056 ultra
1479 1011 1575 1054 sexa-

151 1107 283 1174 genum,
316 1093 425 1152 rector
456 1086 562 1171 primo
594 1086 729 1154 habebit
762 1087 804 1152 de
838 1107 878 1154 ea
913 1109 1113 1172 sexagenum
1149 1097 1181 1153 et
1211 1087 1251 1154 de
1277 1088 1408 1154 residuo
1438 1089 1598 1154 terciamt

151 1194 289 1272 partem.

232 1288 262 1350 9.
291 1283 399 1350 Item³
426 1283 561 1372 quilibet
589 1283 631 1350 de
652 1286 878 1367 universitate,
909 1287 1028 1352 rectori
1051 1286 1091 1352 de
1113 1309 1250 1353 excessu
1270 1287 1443 1352 commisso
1466 1309 1576 1372 suspe-

151 1391 221 1448 ctus
241 1391 299 1448 aut
320 1381 569 1465 demmcciatus,
599 1393 725 1449 tenetur
747 1383 842 1450 sede
863 1383 977 1450 eodem
999 1407 1071 1450 cum
1093 1409 1151 1452 suo
1173 1389 1353 1452 iuramento
1373 1407 1576 1472 expurgare3

151 1481 232 1548 alias
260 1490 428 1569 tamquam
449 1485 615 1548 convictus
636 1480 677 1546 de
698 1482 811 1548 eodem
832 1485 998 1570 puniatur.
1040 1483 1085 1550 Et
1109 1484 1152 1550 ad
1171 1486 1421 1573 requisicionem
1440 1485 1576 1549 rectoris

151 1589 277 1646 tenetur
298 1581 446 1649 revelare
468 1581 677 1662 excedentes,
700 1583 729 1645 si
751 1579 964 1670 sal[11b]tom
980 1583 1043 1648 sibi
1057 1593 1216 1667 constent,
1240 1583 1300 1648 sub
1313 1606 1371 1648 suo
1382 1584 1574 1650 iuramento.
1587 1592 1619 1648 to

236 1686 284 1746 10.
316 1679 399 1746 Item
425 1690 532 1746 rector
558 1701 631 1746 cum
657 1681 723 1746 suis
750 1680 970 1748 assessoribus
992 1680 1113 1748 habent
1134 1683 1308 1749 arbitrario
1329 1682 1444 1768 punire
1466 1703 1577 1747 omnes

49 1817 55 1824 ·
152 1801 310 1846 excessus
341 1781 582 1867 suppositorum
607 1780 842 1862 universitatis,
872 1779 914 1846 de
941 1779 1057 1868 quibus
1078 1783 1114 1846 in
1135 1784 1263 1848 statutis
1284 1803 1349 1847 non
1369 1789 1419 1846 est
1439 1789 1578 1846 cautum.

150 1877 196 1942 Et
214 1880 243 1944 si
263 1881 386 1946 rectori
408 1889 441 1944 et
461 1881 529 1944 suis
550 1877 772 1944 assessoribus
796 1900 901 1965 poena
922 1880 956 1944 in
978 1889 1096 1946 statuto
1118 1883 1226 1966 posita
1247 1888 1385 1968 apparet
1400 1881 1497 1945 nimis
1510 1880 1577 1946 exi·

151 1999 233 2064 gua,
253 1987 393 2064 possunt
412 1979 476 2065 ipsi
495 1977 666 2044 excedenti
687 1979 853 2065 imponere
874 1978 1045 2063 maiorem,
1074 1981 1179 2046 eciam
1203 2001 1342 2067 poenam
1363 1981 1520 2060 auseris,
1548 1979 1577 2042 si

151 2076 269 2142 maiori
291 2079 379 2163 parti
399 2099 601 2142 assessorum
623 2075 791 2163 placuerit
1588 2086 1619 2142 15

228 2175 281 2242 ‚Et
300 2176 483 2264 impediens
504 2197 558 2242 eos
579 2176 614 2240 in
632 2177 711 2259 isto,
733 2175 856 2242 directe
869 2173 928 2240 'vel
949 2173 1124 2260 indirecte,
1148 2177 1327 2264 periurium
1348 2177 1486 2243 incurrit
1506 2177 1578 2262 ipso

151 2273 249 2342 facto.

680 2413 726 2474 14.
760 2425 831 2475 Vom
851 2430 874 2475 t.
892 2424 949 2475 Jnu
972 2429 1043 2476 1⁴22.

237 2537 335 2605 Anno
357 2539 481 2606 domini
501 2539 672 2606 millesimo
695 2541 874 2628 ccec⁰xxij,
905 2537 1095 2627 diequarte
1116 2541 1236 2606 mensis
1260 2537 1352 2622 Iulii,
1378 2539 1414 2604 in
1435 2534 1581 2622 generali

152 2640 393 2704 convocacione
426 2640 658 2724 magistrorum
685 2639 906 2704 universitatis
937 2639 1122 2725 specialiter
1153 2638 1196 2704 ad
1222 2639 1285 2704 hoc
1310 2637 1423 2703 facta⁴
1450 2635 1624 2701 fueruntw

152 2761 214 2825 per
241 2747 380 2826 quatuor
409 2739 564 2804 naciones
586 2738 729 2804 eiusdem
750 2739 971 2802 universitatis
993 2737 1197 2804 concorditer
1218 2735 1419 2824 approbata,
1448 2736 1581 2820 insuper

153 2848 249 2904 sexta
271 2835 325 2902 die
346 2839 467 2902 mensis
490 2837 692 2925 Septembris
714 2837 858 2904 eiusdem
880 2837 957 2901 anni
978 2837 1107 2902 fuenmt
1127 2838 1161 2900 in
1180 2835 1327 2922 generali
1344 2833 1582 2901 convocscione

153 2939 259 3003 tocius
280 2937 503 3002 universitatis
525 2937 703 3023 publicata.

241 3037 291 3102 1.⁵
319 3035 431 3101 Primo
459 3037 648 3123 percuciens
675 3034 727 3100 vel
749 3034 812 3101 alio
834 3034 930 3100 modo
952 3035 1107 3098 iniuriose
1128 3032 1342 3120 corporaliter
1362 3029 1528 3097 offendens
1549 3030 1584 3094 in

153 3135 226 3202 loco
253 3145 420 3221 suspecto,
454 3137 537 3200 citra
569 3145 679 3201 tamen
716 3135 903 3200 effusionem
931 3133 1099 3220 sanguinis
1128 3131 1179 3196 vel
1205 3127 1459 3218 oflen[12⁸]sam
1486 3137 1623 3195 anor-25

153 3259 258 3318 mem,
281 3233 387 3300 solvat
406 3256 505 3299 unum
526 3233 684 3300 florenum
704 3255 766 3322 pro
788 3255 894 3320 poena
915 3230 967 3296 vel
990 3230 1101 3296 sedeat
1121 3232 1156 3295 in
1177 3231 1259 3296 turri
1284 3252 1343 3317 per
1363 3228 1433 3296 dies
1456 3238 1539 3294 octo.

240 3339 268 3400 2.
295 3334 378 3399 Item
407 3333 572 3399 offendens
599 3333 634 3398 in
659 3332 731 3397 loco
761 3331 930 3418 praedicto
957 3331 1112 3395 iniuriose
1138 3328 1181 3394 ad
1203 3329 1372 3415 sanguinis
1394 3329 1583 3423 effusionem

154 3433 209 3498 vel
230 3433 389 3499 offensam
410 3455 589 3513 enormem,
612 3433 695 3496 citra
715 3441 824 3495 tamen
846 3427 1100 3509 mutilationem,
1129 3427 1235 3493 solvat
1257 3428 1338 3492 duos
1361 3425 1501 3492 florenos
1522 3447 1583 3512 pro

155 3555 264 3620 poena
284 3530 339 3597 vel
361 3530 473 3597 sedeat
493 3534 527 3596 in
547 3531 629 3596 turn
648 3552 708 3618 per
731 3528 936 3618 quindenam.
971 3526 1007 3592 Si
1028 3550 1106 3592 vero
1127 3525 1268 3614 aliquem
1288 3527 1322 3590 in
1336 3525 1469 3590 minimo
1484 3545 1583 3588 mem·

155 3631 216 3698 bro
237 3629 453 3713 mutilaverit,
475 3631 545 3696 sive
565 3631 600 3696 in
619 3630 690 3696 loco
713 3635 863 3716 suspecto
886 3627 954 3692 sive
976 3633 1084 3710 extra,
1109 3624 1216 3692 solvat
1234 3647 1295 3713 pro
1317 3647 1425 3712 poena
1446 3630 1627 3712 quatuorto

156 3729 299 3797 florenos
321 3730 374 3795 vel
397 3729 510 3796 sedeat
528 3731 562 3794 in
586 3731 669 3795 turri
688 3751 747 3816 per
768 3749 922 3793 mensem.

242 3833 272 3897 3.
298 3829 381 3894 Item
409 3839 504 3894 exus
531 3827 638 3894 locum
666 3826 870 3916 praedictum
902 3827 1091 3913 percuciens
1125 3824 1178 3890 vel
1212 3824 1277 3890 alio
1311 3819 1407 3889 modo
1432 3821 1587 3888 iniuriose

158 3927 372 4018 corporaliter
398 3927 581 4010 offendens,
611 3928 693 3993 citra
714 3935 823 3992 tamen
846 3925 1013 4010 sanguinis
1035 3923 1222 3989 effusionem
1243 3922 1296 3988 vel
1317 3922 1473 3988 offensam
1496 3943 1587 3985 enor-

158 4051 260 4112 mem,
291 4027 398 4093 solvat
419 4025 590 4092 dimidium
611 4025 769 4091 florenum
791 4047 851 4112 pro
874 4045 980 4111 poena
1000 4021 1053 4088 vel
1075 4021 1187 4088 sedeat
1207 4023 1242 4086 in
1263 4023 1345 4086 turri
1366 4042 1427 4109 per
1447 4029 1587 4109 quatuor

160 4126 239 4194 dies.
1594 4125 1628 4182 ³5

240 4233 271 4293 4.
303 4225 481 4294 Offendens
503 4247 580 4292 vero
599 4224 739 4312 aliquem
755 4219 970 4307 corporaliter
985 4219 1141 4286 iniuriose
1158 4228 1252 4284 extra
1264 4217 1371 4283 locum
1384 4216 1587 4304 praedictum

161 4325 204 4392 ad
223 4327 393 4412 sanguinis
417 4325 607 4390 effusionem
629 4323 681 4390 vel
702 4323 857 4388 offensam
880 4341 1062 4400 enormem,
1090 4318 1173 4382 citra
1197 4327 1306 4382 tamen
1335 4316 1586 4398 mutilaciouem,

162 4425 266 4492 solvat
285 4447 386 4490 unum
407 4424 568 4490 florenum
590 4445 649 4510 pro
672 4444 780 4510 poena
800 4417 853 4484 vel
875 4415 989 4484 sedeat
1008 4419 1043 4482 in
1065 4417 1147 4482 turri
1169 4438 1228 4503 per
1250 4416 1321 4482 dies
1341 4424 1425 4484 octo.

279 4679 375 4744 lpost
395 4669 481 4738 fehlt,
508 4668 581 4724 auch
597 4670 627 4724 in
644 4669 699 4724 den
716 4667 847 4723 Statuten
866 4679 929 4720 vom
946 4661 974 4719 J.
993 4667 1076 4730 ¹⁵t⁰t
1102 4661 1132 4716 in
1156 4661 1290 4718 letuteren
1313 4660 1380 4718 aber
1405 4661 1441 4715 ist
1462 4675 1495 4715 es
1511 4655 1630 4728 nachgo-

202 4764 318 4832 tragon,
347 4752 606 4852 rubrocheinlicber
627 4754 668 4810 als
690 4753 741 4808 das
764 4747 892 4808 einfache
910 4753 978 4818 post
1001 4747 1039 4802 ist
1063 4745 1134 4802 wohl
1151 4745 1224 4802 noch
1238 4755 1305 4818 port
1320 4747 1552 4818 qaoesdomuqtoe,
1580 4740 1631 4796 wie

204 4861 233 4899 ω
250 4839 478 4982 olenflriimfliinde
494 4939 550 4976 noo
566 4920 674 4991 upana.
812 4919 828 4971 3
847 4914 902 4970 Am
919 4912 1018 4969 Raude
1034 4915 1144 4984 lapsum

268 5015 285 5066 4
303 5005 388 5063 Feblt
404 5004 465 5060 hier
482 5002 560 5061 nicht
575 5011 678 5058 ammte
695 4999 902 5072 infrascripta!

273 5098 289 5148 5
308 5088 447 5146 Hieriiber
464 5087 538 5142 steht
553 5087 653 5143 wieder
669 5082 849 5157 gescbrieben
866 5081 994 5136 Primum
1012 5080 1128 5150 loqutus.
