3788 6078
689 489 739 538 Dis
757 489 866 538 atreum
882 487 1009 538 Ststcteu.
1505 483 1564 547 553

149 667 236 758 quod
257 667 365 734 senior
386 677 535 736 teneatur
555 669 617 736 sibi
640 671 755 738 cedere
782 673 815 738 in
835 671 1043 760 praemissis;
1086 671 1161 736 item
1194 669 1282 758 quod
1309 665 1445 754 quilibet
1473 664 1563 746 ordo,

149 770 375 856 incorporatus
397 769 448 835 vel
469 771 726 858 incorporandus
745 773 949 838 universitati
970 780 1002 836 et
1022 769 1169 836 facultati
1195 767 1411 855 theologicae,
1440 765 1566 832 ordinet

148 867 189 933 ad
211 870 317 934 minus
341 868 432 952 duos,
454 871 509 956 qui
531 872 662 936 visitent
684 880 716 937 et
737 873 871 938 audiant
892 871 1051 938 lecciones
1078 870 1305 956 magistrorum
1332 866 1511 954 legencium
1532 865 1565 929 iu

147 965 279 1033 lectorio
300 967 522 1056 theologorum
544 969 671 1058 collegii
692 973 834 1038 maioris.

525 1179 571 1240 14.
593 1191 639 1238 us
661 1192 901 1240 raouovnuno
925 1193 972 1240 sn
994 1191 1192 1240 nrcnucuur.
1590 1174 1606 1228 ⁵

229 1319 350 1385 Voleus
372 1324 557 1407 promoveri
579 1324 622 1390 ad
642 1323 820 1409 licenciam,
844 1327 943 1391 finitis
966 1327 1137 1391 sentenciis
1170 1347 1227 1410 per
1256 1321 1337 1386 duos
1361 1341 1462 1384 annos
1497 1317 1561 1382 dis·

147 1419 337 1505 putaciones
359 1429 391 1484 et
410 1420 570 1488 leccioues
592 1427 821 1510 magistrorum
844 1426 1016 1511 diligenter
1037 1424 1184 1490 visitabit
1207 1431 1239 1488 et
1259 1418 1403 1509 quolibet
1417 1441 1501 1483 anno
1522 1415 1565 1481 ad

147 1519 253 1582 minus
276 1518 375 1584 semel
396 1521 624 1608 respondebit3
647 1535 772 1590 tenetur
794 1527 896 1592 eciam
920 1525 1068 1590 doctores
1091 1523 1262 1609 diligenter
1290 1517 1457 1607 perlegere
1479 1526 1510 1580 et
1532 1538 1566 1580 se

144 1618 186 1684 ad
208 1618 377 1687 licenciam
401 1620 593 1708 disponere,
626 1625 652 1688 si
675 1623 810 1690 adeam
834 1624 973 1690 voluerit
1003 1623 1198 1710 promoveri.
1240 1623 1320 1686 Item
1353 1618 1464 1686 volens
1490 1638 1563 1703 pro-

145 1721 268 1784 moveri
292 1719 334 1782 ad
352 1717 521 1786 licenciam
541 1733 615 1808 post
637 1723 887 1810 complecionem
915 1723 1153 1810 praedictorum
1187 1730 1276 1808 petat
1305 1718 1368 1784 sibi
1394 1718 1465 1782 fieri
1491 1724 1606 1779 oon-10

143 1819 374 1904 gregacionem
408 1821 551 1884 omnium
584 1824 815 1908 magistrorum
847 1825 1032 1909 regencium
1067 1822 1110 1888 ad
1143 1819 1337 1886 audiendum
1370 1817 1562 1904 peticionem

146 1941 237 1984 suam
256 1941 353 2004 super
374 1917 439 1982 illo.
468 1918 542 1998 Qua
557 1921 643 1986 facta
665 1931 695 1986 ct
717 1925 877 2009 peticione
899 1946 957 1987 sua
979 1924 1157 2010 proposita,
1179 1919 1325 2004 magistri
1339 1914 1565 1982 deliberabunt

142 2020 175 2083 in
198 2018 353 2084 absencia
372 2019 520 2104 magistri
545 2021 595 2085 sui
610 2023 628 2102 ¹,
651 2032 683 2086 et
705 2024 733 2087 si
754 2045 864 2087 omnes
886 2031 1035 2108 regentes
1056 2021 1096 2086 de
1121 2019 1308 2106 ydoncitate
1329 2012 1414 2102 [lob]
1442 2038 1500 2079 sua
1520 2012 1562 2078 ad

142 2118 203 2182 hoc
226 2119 458 2199 consenserint,
481 2117 684 2200 admittatur3
708 2131 739 2186 et
760 2123 906 2207 magistri
931 2121 1076 2186 scribant
1096 2144 1154 2207 pro
1177 2142 1213 2184 eo
1238 2113 1431 2195 cancelario,
1453 2123 1561 2200 peten-

141 2227 205 2298 tes,
248 2225 284 2280 ut
318 2215 404 2281 illius
428 2219 669 2304 promocionem
698 2222 752 2284 uni
781 2223 1009 2306 magistrorum
1040 2220 1079 2286 de
1109 2217 1259 2284 facultate
1284 2223 1358 2280 actu
1378 2213 1562 2298 regencium
1575 2223 1605 2275 15

141 2317 338 2397 committat,
370 2338 467 2400 quam
497 2321 754 2385 commissionem
779 2319 1021 2407 promovendus
1052 2319 1214 2386 tenebitur
1243 2314 1385 2404 propriis
1409 2314 1562 2402 expensis

140 2424 318 2502 exportare
328 2415 349 2479 ².

413 2605 459 2666 15.
486 2618 533 2664 DE
555 2617 757 2667 IURAMENTO
780 2621 1003 2669 moncellum
1023 2622 1059 2668 m
1080 2619 1291 2669 rfluonoura

226 2751 458 2816 Praesentatus
481 2751 524 2816 ad
546 2751 736 2834 licenciam,
772 2763 946 2842 postquam
967 2754 1129 2820 admissus
1150 2755 1256 2836 fuerit,
1280 2755 1387 2819 statim
1409 2753 1494 2818 iuret
1515 2775 1562 2818 se·

138 2850 280 2916 cundum
302 2850 451 2933 formam,
474 2874 558 2938 quae
578 2854 737 2940 sequitur:
1572 2861 1605 2916 20

223 2966 316 3052 „ligo
328 2965 377 3032 .N.
400 2969 471 3034 iuro
493 2968 716 3034 obedienciam
738 2980 870 3034 sanctae
888 2971 1055 3036 Romanae
1078 2970 1243 3050 ecclesiae,
1260 2969 1481 3034 reverenciam
1496 2991 1561 3033 ma·

139 3068 318 3152 gistrorum
340 3065 374 3130 iu
391 3067 553 3154 theologia
576 3091 718 3148 servare,
741 3078 773 3132 et
794 3090 971 3154 procurare
992 3091 1106 3155 pacem
1131 3069 1214 3132 inter
1236 3069 1410 3152 magistros
1441 3065 1562 3131 secula-

136 3191 191 3232 res
213 3174 246 3229 et
267 3163 446 3251 religiosos,
467 3167 636 3232 licenciam
657 3189 722 3232 non
743 3189 916 3248 resumere,
938 3190 996 3232 nec
1021 3169 1054 3231 in
1073 3167 1137 3232 alia
1166 3168 1377 3231 universitate
1405 3165 1561 3230 birretum

137 3267 305 3352 recipere,
349 3268 489 3353 quinque
523 3266 662 3331 florenos
697 3265 739 3329 ad
768 3265 882 3330 fiscum
909 3265 1072 3330 facultatis
1100 3267 1186 3331 infra
1208 3265 1402 3352 quindenam
1425 3263 1560 3344 solvere,

136 3365 225 3430 infra
247 3385 368 3428 annum
386 3363 556 3430 licenciam
576 3367 722 3452 recipere
742 3377 774 3430 et
795 3374 870 3452 post
889 3363 1057 3430 licenciam
1081 3375 1244 3450 receptam
1266 3365 1352 3428 infra
1372 3385 1492 3428 annum
1511 3365 1554 3426 iu·
1570 3371 1602 3426 25

137 3461 281 3528 mediate
301 3471 482 3550 sequentem
505 3465 652 3550 recipere
672 3465 814 3549 insignia
836 3487 894 3551 pro
923 3466 1111 3550 magisterio
1140 3466 1174 3528 in
1207 3463 1390 3548 theologia,
1435 3463 1498 3526 nisi
1528 3463 1562 3524 in

136 3573 277 3650 utroque
296 3560 348 3626 vel
369 3561 471 3628 altero
493 3584 604 3628 eorum
627 3586 686 3651 pro
710 3561 854 3628 ulteriori
876 3563 1035 3629 dilacione
1057 3586 1116 3650 per
1137 3563 1321 3629 facultatem
1343 3584 1467 3626 mecum
1495 3562 1560 3625 fue·

136 3663 182 3726 rit
202 3659 434 3746 dispensatum,
453 3659 582 3750 aliaque
601 3672 723 3728 statuta
743 3673 775 3727 et
797 3663 976 3745 statuenda,
999 3686 1081 3749 quae
1102 3673 1177 3728 sunt
1204 3685 1262 3749 pro
1285 3660 1406 3726 honore
1426 3659 1560 3724 faculta-

135 3763 181 3826 tis
203 3757 402 3847 praedictae,
424 3783 573 3827 servare:
595 3765 671 3828 item
692 3761 733 3828 de
761 3759 786 3850 [1
799 3771 808 3828 1
821 3761 846 3849 ⁸]
876 3773 1020 3849 tempore
1048 3761 1227 3849 recipiendi
1253 3761 1411 3827 birretum
1444 3762 1560 3841 facere,

136 3861 223 3925 sicut
243 3857 408 3924 videbitur
425 3862 592 3947 magistris
613 3861 783 3948 expedire,
807 3864 883 3926 item
905 3873 991 3927 stare
1013 3862 1182 3927 dictamini
1207 3859 1371 3926 facultatis
1401 3861 1434 3922 in
1460 3859 1558 3924 licitis
1568 3869 1602 3924 ³0

135 3969 170 4024 et
191 3959 345 4025 honestis.
389 3958 444 4024 Sic
465 3983 517 4025 me
538 3961 616 4027 deus
640 3961 772 4027 adiuvet
794 3970 825 4026 et
847 3971 959 4026 saneta
981 3960 1034 4025 dei
1056 3961 1265 4048 ewangelio.“

375 4164 423 4226 16.
444 4177 491 4224 ns
512 4179 612 4228 nouo
633 4179 856 4228 messenum
876 4179 1032 4238 aaronem
1055 4179 1091 4226 nv
1114 4176 1324 4226 rnnonocrs.

221 4305 456 4374 Commissione
474 4332 495 4374 a
517 4311 699 4377 cancelario
721 4313 894 4398 impetrata
916 4320 947 4376 et
968 4310 1108 4392 obtenta,
1130 4309 1295 4394 magister,
1311 4309 1362 4372 cui
1373 4311 1557 4374 commissio

133 4409 224 4472 facta
246 4417 310 4488 est,
353 4408 499 4494 assignet
518 4409 721 4477 licenciando
742 4410 856 4476 horam
877 4433 1087 4498 vesperarum
1111 4409 1246 4474 alicuius
1266 4417 1375 4472 certae
1401 4408 1482 4490 diei,
1515 4407 1558 4472 ad

224 4661 234 4710 1
258 4653 295 4711 So
313 4655 386 4710 steht
404 4655 528 4711 deutlich
544 4655 732 4727 geschrieben.
770 4659 899 4716 Gemeiut
917 4659 953 4713 ist
969 4657 1017 4712 der
1036 4657 1181 4712 Promotor
1198 4657 1247 4712 der
1264 4654 1474 4712 Licentianden.

221 4739 309 4794 tam
327 4739 425 4796 Raude
441 4757 495 4795 von
515 4745 638 4811 spatum
654 4739 746 4810 Hand,
765 4742 828 4800 sehr
845 4740 1021 4798 undeutlich:
1051 4749 1081 4794 ut
1105 4741 1135 4794 in
1163 4741 1285 4811 antiquis
1313 4755 1417 4809 quoquc
1441 4738 1555 4792 habear

132 4826 176 4880 cic
193 4831 239 4879 art.
276 4823 328 4878 Die
346 4823 459 4895 Lesung
476 4825 513 4878 ist
526 4825 604 4880 nicht
621 4824 712 4880 sicher
728 4843 830 4898 genug‚
848 4843 894 4880 um
911 4825 1015 4880 darauf
1030 4824 1158 4879 Schliisse
1178 4825 1267 4879 bauan
1282 4823 1446 4877 aukdnnen.
1473 4819 1558 4875 Soust

132 4911 239 4962 miisste
257 4923 321 4961 man
339 4907 507 4976 vermutbeu,
526 4909 590 4964 dass
608 4925 707 4964 ansere
726 4909 870 4964 Abschrift
886 4909 1089 4977 Aeuderungen
1107 4925 1143 4962 an
1162 4909 1224 4964 dem
1243 4905 1384 4978 Originale
1402 4921 1565 4974 vergenom-

132 5008 196 5046 men
215 4989 297 5057 habe,
314 5008 370 5045 was
388 4991 461 5046 doch
479 5009 529 5046 ans
546 4992 635 5047 vielcn
661 4991 795 5048 Griinden
815 4993 892 5049 nicht
916 4992 1058 5064 glanblich
1084 4992 1127 5046 ist.
1163 4993 1241 5048 Ncch
1266 4987 1562 5046 unwahrscheinlichcr

131 5077 171 5131 ist
185 5075 232 5130 die
250 5074 409 5145 Anuahme,
444 5075 489 5130 dic
510 5073 698 5146 theologische
717 5077 847 5133 Facultttt
865 5075 936 5132 habe
955 5095 1003 5130 vor
1022 5075 1115 5130 diesen
1136 5075 1265 5132 Statuten
1283 5073 1382 5130 bereits
1399 5075 1461 5130 cine
1476 5075 1562 5132 bitere

131 5157 290 5216 Redaction
308 5158 442 5217 besessen.
478 5159 531 5214 Die
550 5157 707 5215 Randnotia
726 5159 833 5216 schcint
850 5179 904 5217 von
922 5160 952 5217 C.
971 5160 1076 5216 Bomer
1095 5159 1288 5216 hcrzuri'rhren.
