3768 6072
567 369 618 420 Die
637 369 758 423 saratas
790 383 847 420 ron
867 367 1043 424 tter-tter.
1461 371 1518 437 241

96 555 164 642 prio
185 551 337 642 partibus
352 575 393 620 ex
413 551 518 620 altera
540 573 637 638 saper
658 549 806 616 omnibus
828 560 862 616 et
882 549 1017 635 singulis
1037 550 1292 638 quaestionibus,
1313 551 1435 635 litibus,
1457 553 1522 618 dis-

99 653 216 720 cordiis
239 662 274 718 et
295 653 525 718 oontmvcrsiis
546 651 617 716 sive
643 651 759 732 000010,
788 672 872 737 quae
897 650 982 714 inter
1009 649 1114 716 dictas
1136 661 1247 738 partes
1270 673 1368 738 super
1391 651 1521 740 quibus·

98 753 169 820 dam
191 753 319 840 poenis,
344 751 471 818 iniuriis
492 773 532 817 ac
552 749 625 816 aliis
645 758 722 814 tune
743 750 920 836 propositis
942 759 1076 828 exortae
1094 751 1233 832 fueram,
1256 761 1371 838 sponte
1391 763 1424 817 et
1444 751 1522 816 deli-

97 853 265 918 beratione
293 851 379 918 bona
401 849 604 938 praehabita,
633 851 926 935 compromiserunt
945 861 978 914 et
998 849 1039 914 de
1060 847 1126 914 alto
1147 863 1180 914 et
1200 849 1298 916 basso
1322 851 1524 938 integraliter

97 962 127 1018 et
145 954 180 1018 in
201 961 309 1018 totum
330 960 560 1017 consenserunt
586 950 622 1016 in
646 949 767 1014 dictmn
794 947 1009 1014 reverendum
1040 958 1167 1035 patrem
1188 959 1353 1037 tamquam
1379 953 1414 1016 in
1442 952 1520 1016 ami·
1546 961 1564 1016 5

99 1050 235 1118 rabilem
258 1049 489 1116 arbitratorem
511 1059 544 1114 et
565 1048 825 1136 compositorem,
847 1047 961 1114 dantes
983 1047 1088 1113 eidem
1109 1047 1240 1134 plenam
1255 1061 1287 1114 et
1308 1050 1525 1116 omnimodam

98 1159 291 1236 potestatem
317 1145 397 1236 [211³]
419 1145 665 1235 pronunciandi,
687 1145 845 1212 laudandi
873 1156 905 1212 et
933 1146 1147 1214 amicabiliter
1174 1149 1397 1236 componendi,
1427 1161 1524 1237 prout

99 1249 160 1316 sibi
180 1249 349 1317 videretur
371 1247 527 1334 expedire
552 1270 613 1333 pro
638 1268 721 1333 pace
750 1255 782 1310 et
806 1246 924 1310 unione
949 1245 1157 1314 reformanda
1183 1250 1218 1312 in
1243 1247 1378 1334 collegio
1408 1251 1523 1314 minori

99 1347 301 1434 supradicto,
332 1348 556 1436 promittentes
583 1367 654 1415 cum
683 1343 798 1410 effectu
824 1367 956 1414 servare
981 1345 1114 1412 laudata
1136 1356 1167 1412 et
1187 1347 1347 1413 arbitrata
1367 1359 1427 1435 pe'r
1448 1371 1523 1414 eun·

102 1447 173 1512 dem
196 1449 268 1514 sine
287 1449 376 1514 omni
397 1445 627 1534 appdlatione,
658 1442 718 1510 sub
740 1467 846 1532 poena
867 1454 995 1513 0001100
1016 1444 1220 1528 florenorum,
1249 1469 1385 1532 quorum
1404 1447 1566 1514 mediato

102 1557 150 1612 tas
172 1548 260 1634 parti
282 1551 428 1614 00000011
449 1547 715 1634 compositionem
736 1543 882 1626 eandem,
904 1543 971 1612 alia
983 1566 1062 1610 vero
1083 1544 1240 1612 medietas
1261 1545 1405 1612 fabricae
1425 1547 1524 1613 acole-

102 1648 168 1712 siae
187 1645 471 1733 merseburgensis
492 1645 700 1734 supradictae
722 1641 884 1730 applicari
906 1643 1045 1709 deberet
1079 1643 1321 1733 Compromisso
1342 1645 1525 1713 huiusmodi

100 1746 184 1811 facto
207 1746 376 1832 praefatam
405 1745 603 1812 reverendus
630 1753 724 1831 pater
746 1765 824 1808 mox
855 1743 1020 1830 querelam
1049 1743 1209 1810 dictorum
1231 1746 1462 1832 magistrorum
1483 1769 1526 1812 ex

102 1855 193 1930 parte
214 1844 355 1932 ‘collegii
387 1867 426 1910 ac
459 1845 705 1932 responsionem
737 1845 887 1930 magistri
919 1843 1008 1908 Petri
1038 1842 1155 1910 Pimer
1188 1843 1360 1931 diligenter
1392 1845 1526 1929 audivit,
1571 1867 1574 1880 ·

101 1944 316 2026 defensiones,
338 1944 568 2032 replicationes
589 1967 629 2010 ac
652 1942 781 2028 singula
800 1953 877 2011 1000
896 1943 1066 2029 proposita
1090 1964 1156 2008 uua
1182 1966 1254 2010 cum
1276 1943 1350 2010 aliis
1371 1944 1526 2032 praelatis
1536 1954 1567 2012 11

101 2067 139 2110 ac
159 2043 348 2112 doctoribus
374 2044 436 2112 sibi
463 2042 690 2112 assistentibus
711 2041 935 2128 raepilogavit.
976 2039 1124 2108 Tandem
1150 2041 1273 2128 placuit
1293 2044 1362 2110 0100
1383 2047 1525 2133 paterni·

101 2145 174 2226 tati,
201 2155 237 2209 ut
265 2145 301 2208 in
328 2143 390 2210 hae
419 2166 519 2210 causa
547 2144 687 2230 primum
707 2141 884 2210 videndum
905 2150 1005 2223 esset,
1034 2162 1077 2206 an
1105 2139 1146 2208 ds
1172 2163 1332 2210 consensu
1357 2145 1527 2212 ambarum

101 2243 241 2328 partium
272 2265 429 2330 expresso
459 2253 569 2329 posset
599 2263 733 2310 causam
761 2240 897 2307 eandem
923 2241 1113 2322 terminare,
1144 2263 1240 2327 quem
1269 2244 1297 2307 si
1327 2265 1348 2308 a
1376 2243 1526 2330 partibus

101 2340 221 2406 habere
241 2364 308 2416 000
329 2351 450 2429 posset,
477 2349 554 2408 tunc
575 2341 616 2408 de
636 2338 771 2408 consilio
794 2361 926 2404 suorum
945 2361 1147 2406 assessorum
1172 2351 1204 2406 et
1224 2340 1444 2428 praelatorum
1463 2343 1527 2410 sibi

101 2442 327 2508 assistenoium
359 2463 490 2512 causam
523 2441 659 2508 eandem
697 2436 897 2508 arbitraliter
931 2438 1072 2506 diffinire
1103 2438 1212 2505 vellet.
1257 2441 1412 2527 Misitque
1443 2443 1569 2510 duosw

102 2539 260 2622 doctores,
282 2539 434 2606 videlicet
454 2539 692 2608 Theodericum
714 2539 755 2608 de
774 2537 1034 2620 Buckiussdorff,
1060 2537 1271 2622 ordinarium,
1299 2550 1331 2605 et
1349 2541 1527 2608 Iohannem

100 2639 224 2708 Witten
252 2635 297 2704 ad
326 2661 586 2724 unamquamque
613 2649 740 2726 partem
772 2659 933 2720 seorsum,
962 2637 1080 2726 quibus
1108 2636 1198 2704 dedit
1224 2642 1259 2704 in
1285 2640 1463 2726 mandatis,
1492 2653 1528 2708 ut

100 2737 258 2806 ambabus
293 2737 441 2825 partibus
475 2737 671 2826 supradictis
707 2738 793 2805 hunc
828 2736 961 2804 modum
992 2739 1206 2824 componendi
1242 2753 1462 2828 proponerent
1495 2753 1528 2809 ot

98 2841 209 2910 talem:

180 2935 281 3020 Quod
303 2938 406 3024 primo
427 2946 462 3004 01
482 2947 558 3008 ante
578 2937 686 3006 omnia
707 2937 875 3023 praefatus
889 2937 1045 3020 magister
1058 2935 1176 3002 Petrus
1191 2957 1381 3024 comparere
1396 2940 1569 3010 deberettt

101 3059 210 3104 coram
230 3035 368 3122 collegio
389 3038 516 3120 minori,
531 3034 742 3122 collegialiter
756 3043 965 3120 congregato,
979 3044 1011 3100 ct
1032 3057 1068 3100 se
1087 3035 1258 3102 humiliare
1272 3059 1382 3106 coram
1394 3040 1526 3126 eisdem,

99 3137 239 3224 petendo
262 3146 419 3223 quatenus
441 3135 505 3202 sibi
527 3134 733 3220 indulgerent
760 3156 809 3215 ea,
839 3154 922 3219 quae
948 3135 1036 3200 facta
1056 3145 1165 3200 essent
1186 3132 1270 3224 [22⁸]
1291 3138 1326 3201 in
1345 3138 1409 3206 hac
1430 3163 1530 3208 00000

101 3247 214 3304 conus
234 3233 408 3321 collegium
434 3235 665 3322 supradictum.
711 3231 783 3314 Quo
808 3231 895 3298 sacto
921 3232 1093 3318 collegium
1121 3233 1185 3300 sibi
1206 3235 1375 3322 indulgere
1396 3239 1530 3307 deberet

100 3345 132 3401 et
159 3333 298 3402 eundem
323 3335 494 3400 restituere
520 3334 565 3401 ad
589 3333 699 3400 locum
721 3354 821 3398 suum
862 3330 915 3397 De
943 3329 1111 3418 fructibus,
1141 3342 1286 3421 tempore
1307 3320 1529 3423 suspensionis

101 3435 276 3522 perceptis,
300 3443 332 3498 et
350 3435 513 3520 expensis,
535 3444 602 3500 tam
619 3453 678 3519 per
692 3432 937 3496 universitatem
953 3451 1049 3515 quam
1064 3440 1176 3518 partes
1190 3433 1297 3517 factis,
1318 3433 1425 3502 dictus
1437 3451 1572 3508 reve-32

100 3533 220 3600 raudus
242 3541 338 3621 pater
359 3535 540 3600 reservavit
561 3555 640 3598 suae
660 3531 823 3619 potestati.
860 3529 934 3595 Hoc
947 3530 1068 3616 primo.

181 3631 229 3698 Et
248 3653 291 3697 00
310 3631 427 3698 fictoris
447 3631 646 3720 temporibus
668 3629 773 3696 dictus
795 3629 951 3714 magister
962 3629 1078 3695 Petrus
1101 3641 1160 3698 aut
1177 3631 1243 3698 alia
1262 3634 1436 3720 singularis
1456 3661 1529 3726 per-

102 3754 183 3797 sona
209 3731 290 3796 dicti
317 3730 444 3818 collegii
474 3735 517 3798 sit
543 3731 668 3798 discors
696 3753 717 3796 a
743 3727 879 3814 collegio
908 3729 1109 3816 supradicto,
1138 3729 1241 3797 voluit
1267 3735 1409 3801 seeundo
1436 3761 1530 3825 prae·

102 3831 209 3896 dietus
234 3829 432 3896 reverendus
454 3842 556 3918 pater,
585 3830 672 3920 quod
698 3830 854 3914 magister
875 3827 992 3892 Petrus
1020 3829 1226 3916 supradictus
1253 3842 1285 3897 et
1310 3837 1530 3925 unusquisque

101 3929 186 3996 alius
219 3928 409 4016 collegiatus
442 3953 477 3996 se
509 3931 712 3998 conformare
742 3926 874 3994 deberet
902 3925 1037 4012 collegio
1067 3929 1254 4017 supradicto
1283 3941 1316 3998 et
1343 3943 1431 4000 stare
1459 3937 1571 4003 eius³5

101 4029 292 4094 diffinitioni
312 4028 364 4094 vel
387 4031 520 4096 maioris
541 4030 655 4117 partis,
684 4029 746 4094 sub
769 4049 874 4113 poena
901 4025 1013 4092 decem
1039 4027 1244 4113 florenorum,
1273 4035 1361 4097 omni
1386 4034 1530 4121 appella·

102 4130 193 4194 tione
213 4137 347 4195 semota.
385 4128 494 4212 Etsi,
523 4129 609 4218 quod
629 4127 728 4210 absit,
756 4127 862 4192 dictus
883 4124 1040 4210 magister
1061 4125 1178 4193 Petrus
1199 4139 1256 4194 aut
1274 4129 1357 4196 alius
1380 4133 1529 4221 collegia·

99 4239 155 4294 tus
176 4227 258 4294 dicti
279 4226 407 4314 collegii
429 4229 570 4294 noluerit
597 4238 684 4294 stare
705 4225 890 4294 diffinitioni
910 4222 1055 4290 eiusdem
1075 4225 1202 4314 collegii
1223 4227 1275 4292 vel
1301 4230 1434 4296 maioris
1456 4255 1530 4320 par·

99 4331 155 4412 tis,
177 4327 287 4394 solvat
300 4327 385 4394 dioto
398 4327 533 4416 collegio
546 4327 657 4394 decem
678 4327 818 4393 florenos
841 4347 901 4412 pro
923 4345 1028 4411 poena
1035 4325 1054 4406 ¹,
1073 4347 1141 4390 ,000
1155 4326 1300 4393 admissa
1312 4329 1532 4417 appellatione

100 4429 183 4510 eius,
206 4427 324 4495 totiens
346 4429 492 4513 quotiens
513 4427 753 4496 contravenerit
773 4435 805 4490 et
827 4447 862 4490 se
880 4447 946 4490 non
966 4421 1241 4510 obtemperaverit
1260 4425 1445 4495 diffinitioni
1466 4430 1573 4496 ccl-to

103 4526 185 4613 legii
207 4525 398 4612 supradicti.

186 4623 368 4692 Audientes
398 4636 505 4692 autem
531 4623 681 4691 doctores
711 4623 872 4712 praedicti
900 4624 998 4690 istum
1025 4621 1165 4705 modum,
1197 4645 1218 4688 a
1245 4623 1331 4692 dioto
1349 4626 1529 4694 reverendo

100 4735 202 4812 patre
228 4724 276 4790 eis
298 4727 510 4812 propositum,
544 4727 652 4794 statim
680 4725 772 4792 iuxta
799 4724 868 4790 aius
894 4721 1090 4790 voluntatem
1118 4733 1150 4788 ct
1176 4723 1301 4790 iussum
1326 4735 1530 4791 accesserunt

196 4964 207 5014 l
228 4959 285 5014 Am
302 4957 471 5012 1100110000
489 4954 730 5028 spdtmerfland:
765 4953 844 5008 Nota
860 4953 906 5008 la'c
918 4969 1046 5026 poenosa,
1069 4952 1120 5023 qpss'
1133 4954 1434 5026 001001000000110010
1450 4963 1532 5028 atque

100 5045 164 5100 er'aa
179 5041 329 5106 0110100101·
343 5047 417 5100 stara
434 5041 579 5109 0010001011,
598 5045 628 5096 to
641 5039 674 5110 fl.

176 5143 397 5184 srarurrrauon
414 5145 472 5181 nas
490 5141 563 5182 carr.
581 5142 702 5182 000010.
1325 5133 1362 5196 16
