3788 6078
425 1801 465 1864 Α.
493 1801 574 1868 nm
596 1801 949 1870 amensamens
970 1783 1225 1870 succuris.

721 2007 928 2017 -—-——-—·

554 2159 575 2212 l.
599 2160 661 2210 ma
679 2151 871 2212 inensam
890 2159 1103 2210 Simnana}

342 2319 401 2408 [Bl.
425 2319 468 2409 1⁸]
492 2321 661 2391 Statuta
681 2327 853 2414 antiqua
874 2322 1045 2412 collegii
1067 2323 1309 2410 theologici.

112 2493 139 2552 1.
164 2483 226 2572 [Bl.
248 2483 300 2574 2¹]
330 2505 479 2554 menalca
500 2507 548 2554 na
569 2507 756 2556 summurn
776 2508 1008 2556 rnasenaeun
1028 2508 1075 2554 an
1095 2507 1231 2556 cussum
1250 2508 1296 2554 nr
1318 2507 1366 2554 sn
1390 2507 1535 2555 saurau-

479 2605 554 2654 mas
574 2605 882 2656 anmrrnnnaauu
903 2607 938 2654 m
961 2606 1173 2655 ammoneant.
1562 2599 1578 2652 5

194 2733 423 2800 Admitteudus
445 2735 489 2800 ad
509 2735 682 2822 legendum
705 2761 837 2805 cursum
858 2741 893 2804 in
915 2737 1079 2826 theologia
1099 2736 1150 2803 vel
1174 2740 1277 2804 eciam
1300 2738 1344 2802 ad
1364 2735 1537 2824 legendum

111 2835 304 2916 sentencias,
326 2835 353 2898 si
374 2857 438 2899 nen
458 2835 557 2900 fuerit
578 2837 760 2924 religiosus,
789 2850 865 2904 tune
885 2847 1013 2904 tenetur
1039 2859 1110 2902 esse
1129 2836 1242 2902 doctor
1263 2836 1314 2902 vel
1340 2839 1420 2902 iuris
1443 2859 1537 2901 cano·

111 2935 178 2998 nici
201 2943 257 2998 aut
279 2932 468 3017 medicinae,
488 2933 542 3000 vel
563 2935 753 3004 licenciatua
774 2939 809 3002 in
824 2937 927 3005 altera
942 2937 1100 3001 dictarum
1119 2936 1317 3019 facultatum,
1340 2936 1391 3000 vel
1413 2937 1539 3001 arcium

108 3032 350 3118 magister,ch
379 3031 492 3098 saltem
520 3032 710 3100 licenciatue
731 3038 765 3100 in
787 3034 919 3101 eisdem.
960 3035 1026 3101 Sed
1053 3035 1235 3122 religiosus,
1264 3035 1367 3098 eciam
1394 3036 1422 3099 si
1443 3035 1539 3098 suerit

77 3209 81 3216 ,
108 3155 173 3198 nen
194 3130 402 3218 ςιιιιίιιιιιιι,2
423 3143 529 3219 potest
547 3143 656 3198 tamen
677 3135 720 3200 ad
741 3157 869 3200 sursum
893 3136 1097 3221 praesentari
1118 3132 1293 3200 secundum
1307 3131 1437 3198 modum
1451 3133 1537 3197 infra
1548 3143 1579 3197 10

109 3233 277 3319 scriptum.
317 3230 442 3296 Deetcr
465 3232 545 3296 iuris
569 3235 725 3315 canonici,
753 3235 809 3318 qui
836 3242 911 3319 poet
931 3233 1134 3300 doctoratum
1155 3234 1257 3297 tenuit
1285 3231 1473 3295 cathedram
1494 3230 1536 3294 ad

108 3332 217 3396 minus
239 3351 298 3416 per
319 3331 461 3416 quinque
482 3351 594 3412 annos,
624 3333 733 3397 atatim
760 3331 802 3397 ad
829 3333 1010 3396 sentencias
1031 3331 1230 3412 admittatur,
1254 3331 1300 3395 ita
1321 3341 1429 3394 tamen
1449 3329 1537 3418 quod

108 3431 216 3516 prime
243 3429 345 3494 faciat
370 3428 568 3516 principium
595 3431 629 3494 in
658 3433 845 3514 sentenciis,
872 3429 990 3495 deinde
1018 3428 1214 3516 respondeat
1242 3439 1274 3494 et
1304 3439 1537 3516 consequenter

107 3529 195 3594 infra
215 3526 410 3614 quindenam
438 3530 619 3593 sentencias
639 3531 785 3616 incipiat.
826 3529 950 3595 Ductor
972 3551 1048 3594 vero
1069 3527 1260 3612 medicinae,
1289 3531 1317 3593 si
1337 3529 1435 3592 fuerit
1456 3529 1536 3592 anti·

108 3650 192 3715 quus
213 3627 370 3712 magister
391 3627 425 3690 in
447 3626 572 3691 artibus
601 3636 633 3692 et
654 3627 710 3692 diu
736 3627 901 3694 laboravit
927 3630 961 3692 in
989 3626 1121 3708 eisdem,
1149 3627 1189 3693 de
1216 3649 1279 3716 quo
1307 3627 1536 3714 praesumitur,
1548 3637 1578 3693 15

108 3725 198 3812 qued
227 3727 319 3812 prius
342 3733 417 3790 aute
438 3724 640 3792 doctoratum
669 3749 711 3792 au
720 3723 783 3814 [2¹³]
793 3727 875 3792 divit
903 3729 937 3792 in
963 3725 1126 3812 theologia
1152 3726 1203 3791 vel
1231 3728 1265 3791 in
1287 3725 1455 3792 commodo
1478 3750 1537 3792 suo
1656 3723 1659 3732 ’

108 3825 235 3891 studuit
263 3827 298 3889 in
319 3824 449 3908 eadem,
480 3825 556 3890 talis
585 3825 744 3908 similiter,
776 3829 858 3892 sieut
886 3825 999 3892 doctor
1026 3827 1115 3907 iuris,
1146 3826 1255 3890 statim
1283 3825 1326 3889 ad
1356 3829 1538 3892 sentencias

107 3923 311 4005 admittatru,
338 3926 385 3989 ita
413 3922 501 4010 quod
526 3925 632 4011 prime
654 3926 850 4012 principium
877 3925 986 4006 faeiat,
1014 3923 1131 3989 deinde
1158 3922 1355 4010 respondeat
1374 3933 1407 3990 et
1428 3948 1537 3992 cense-

107 4034 245 4108 quenter
271 4023 358 4090 infra
385 4023 581 4108 quindenam
610 4025 792 4090 sentencias
819 4025 957 4110 incipiat
985 4033 1018 4088 et
1042 4023 1205 4088 continuet
1225 4021 1341 4087 diebus
1361 4028 1537 4112 oportunis.

196 4261 207 4311 l
229 4253 365 4310 Erhalten
380 4254 410 4309 in
427 4253 512 4324 einer,
527 4255 696 4326 kalneswegs
714 4252 896 4323 sentertreiau,
914 4253 1067 4324 Abschriit,
1082 4254 1128 4310 die
1146 4251 1246 4309 hechst
1257 4253 1484 4312 wahrscheiulich
1501 4258 1538 4312 im

106 4339 197 4395 Jahre
218 4344 282 4396 tete
304 4355 467 4412 gencmmen
484 4339 528 4394 ist
557 4337 622 4410 Vgl.
642 4338 779 4395 Urkundl.
797 4339 914 4404 Quelleu
939 4338 968 4394 S.
986 4343 1035 4394 868
1051 4356 1078 4394 ιι.
1098 4343 1157 4394 ete.
1192 4339 1251 4394 Der
1267 4339 1362 4394 Inhalt
1377 4340 1428 4396 der
1444 4339 1537 4397 statu-

106 4430 157 4479 ten
174 4423 288 4480 beweist
305 4440 343 4479 an
358 4423 501 4479 mehreren
518 4421 630 4492 Stellen,
652 4423 717 4478 dass
743 4423 783 4478 sie
804 4421 869 4478 bald
894 4421 968 4478 nach
984 4423 1034 4478 der
1049 4421 1286 4493 Uebersiedelung
1301 4422 1351 4478 der
1367 4425 1539 4481 Univeraititt

105 4508 184 4564 uach
201 4508 320 4579 Leipzig
338 4509 449 4564 miissen
473 4505 617 4580 abgefasst
635 4507 702 4562 sein.
733 4506 797 4578 Vgl.
815 4513 830 4574 ᾖ
848 4510 888 4563 21.
923 4505 1006 4560 Aueh
1023 4506 1068 4560 die
1086 4505 1297 4560 ausdriickliche
1313 4507 1474 4580 Beifugung
1491 4509 1539 4564 dea

105 4591 223 4648 worse
241 4591 368 4647 Remea
384 4591 489 4647 auden
506 4587 732 4648 Ucberschriften
749 4591 798 4646 der
817 4589 957 4646 einzelnen
978 4588 1177 4661 Peragrapheu
1197 4589 1282 4658 weist,
1299 4591 1349 4646 wie
1366 4589 1411 4645 ich
1427 4589 1537 4662 glauba

105 4675 136 4732 in
163 4675 285 4732 dieselbe
303 4675 372 4731 Zeit.
406 4675 497 4732 Unter
515 4673 705 4730 stimmtliehen
730 4671 981 4730 Statutenbtichem
1005 4673 1053 4728 der
1070 4673 1241 4729 Universititt
1262 4672 1336 4730 habe
1357 4673 1402 4729 ich
1425 4673 1464 4729 sie
1484 4692 1537 4728 nur

105 4761 137 4815 in
159 4761 215 4816 den
240 4759 357 4815 altesten
381 4759 511 4815 Statuten
535 4760 584 4813 der
607 4755 849 4829 philesophischeu
873 4757 1004 4812 Facultat
1027 4755 1175 4828 gefuuden.
1207 4757 1271 4829 Vgl.
1294 4757 1364 4814 oben
1388 4759 1415 4813 S.
1436 4763 1493 4827 305,
1510 4763 1534 4814 9.

104 4844 164 4900 Die
190 4843 368 4916 Beaiffemng
391 4843 441 4898 der
465 4841 663 4913 Peragraphen
688 4841 725 4895 ist
747 4859 802 4896 ron
823 4841 883 4896 mir.
918 4841 982 4896 Vou
1005 4841 1059 4896 den
1082 4839 1370 4913 Randbemerkungen
1390 4839 1467 4896 ‘habe
1489 4841 1536 4896 ich

103 4927 275 4998 diejenigen,
295 4927 340 4982 die
357 4925 449 4982 nichta
466 4927 559 4981 weiter
574 4924 724 4981 enthielteu
747 4925 789 4980 ale
805 4925 866 4980 eine
884 4923 1067 4994 Hindeutung
1088 4924 1141 4979 auf
1159 4925 1210 4980 das
1235 4926 1272 4980 im
1289 4926 1376 4982 'Ferte
1391 4923 1537 4994 Stehenda

104 5011 307 5084 fortgelassem
333 5010 406 5066 doch
428 5013 551 5081 geniigte
571 5009 624 5064 mir
641 5008 727 5064 echon
743 5009 788 5064 die
806 5007 891 5065 Wahl
912 5008 988 5063 eines
1006 5008 1126 5062 anderen
1142 5009 1328 5076 Ausdruckea
1348 5026 1394 5063 um
1416 5008 1455 5062 sie
1476 5009 1536 5064 hier

105 5095 322 5153 aufzunehmen
355 5095 435 5152 Viele
451 5094 552 5150 Fehler
568 5091 641 5148 habe
657 5092 703 5148 ich
721 5091 949 5163 stillschweigend
966 5092 1125 5147 rerbesaert

196 5185 212 5238 2
231 5177 417 5238 Geschriebcn
434 5177 508 5234 steht
523 5178 664 5249 aradam.

1304 5264 1365 5327 35·
