3758 6072
505 461 590 514 Drlttc
608 459 873 526 Scammos,
892 475 945 512 von
966 455 1154 514 illst-1490.
1480 457 1541 524 409

120 637 519 731 pro[l6⁸]movendorum,
541 645 571 710 si
592 643 656 710 sibi
676 652 840 728 constant,
863 643 923 710 sub
951 665 1009 710 eoo
1031 645 1227 725 iuramento,
1249 641 1304 728 qui
1325 641 1359 706 in
1380 639 1540 706 confusio·

119 764 194 808 nem
213 741 378 809 facultatis
399 765 537 832 vergere
557 753 711 833 posseutt

122 946 169 1008 ¹2
199 940 510 1032 Subsequcncia
530 944 709 1032 legenda
730 954 825 1010 suut
845 942 1184 1010 baccalariandis
1206 952 1301 1031 post
1322 937 1541 1006 admissio·

118 1063 207 1106 nem
228 1049 416 1130 tempore
437 1045 801 1132 praesentacionis
822 1067 974 1128 eorum,
996 1054 1035 1110 et
1061 1043 1195 1132 primo
1217 1042 1264 1107 de
1284 1039 1542 1107 obediencia

204 1175 298 1260 ,Ego
321 1175 369 1240 .N.
399 1178 471 1243 iuro
491 1178 587 1244 vobis
619 1180 744 1246 decano
776 1188 808 1244 et
837 1180 954 1244 vestris
986 1175 1228 1243 successoribus
1258 1175 1478 1241 reverenciam
1509 1182 1542 1238 st
1567 1181 1584 1238 5

120 1273 346 1340 obedienciam
366 1276 399 1342 in
420 1277 518 1342 licitis
541 1289 572 1344 et
593 1279 748 1361 honestis,
770 1287 802 1343 et
820 1301 952 1344 servare
973 1286 1094 1343 statuta
1116 1285 1148 1341 et
1166 1273 1337 1341 statuenda
1364 1295 1424 1361 pro
1446 1295 1544 1360 posse

119 1383 152 1438 et
175 1397 280 1458 nosse,
304 1383 335 1439 et
356 1397 533 1463 procurare
553 1377 672 1444 bonurn
695 1377 888 1444 facultatis.“

206 1474 308 1556 „Item
322 1475 405 1558 iuro,
421 1476 509 1564 quod
524 1479 609 1543 infra
623 1477 817 1566 quindenam
834 1476 932 1542 velim
952 1476 1078 1543 solvere
1098 1475 1244 1543 facultati
1263 1497 1364 1541 unum
1384 1473 1543 1539 florenum

122 1575 304 1640 reinensem
324 1574 377 1640 vel
399 1577 618 1664 aequivalens,
643 1587 675 1643 et
696 1577 865 1644 dimidium
887 1577 1044 1642 florenum
1064 1601 1123 1664 pro
1144 1577 1222 1642 fisco
1243 1573 1473 1656 universitatis,
1492 1569 1543 1636 vel

123 1672 271 1739 obtinere
291 1673 436 1741 ciusdem
456 1675 642 1743 dilationem
661 1676 714 1743 vel
734 1677 956 1743 dimissionem
979 1675 1021 1742 ab
1043 1675 1188 1742 eadem.“
1553 1679 1585 1734 ¹0

204 1773 308 1856 ‚Item
330 1795 391 1861 ego
412 1776 503 1860 iuro,
524 1775 611 1866 quod
633 1788 779 1864 tempore
800 1776 1076 1842 determinationis
1105 1797 1196 1841 meae
1215 1774 1362 1842 nuncciis
1385 1771 1543 1838 universi·

122 1875 200 1940 tatis
223 1873 373 1939 adminus
394 1872 480 1942 dabo
503 1886 640 1965 quatuor
660 1877 825 1965 grossos.“

123 2079 170 2142 te.
193 2071 446 2163 Subscripta
466 2085 649 2164 tempore
670 2077 1030 2164 praesentacionis
1050 2084 1091 2140 et
1110 2075 1239 2141 eciam
1260 2072 1544 2163 promociouis

357 2173 687 2242 baccalariandi
708 2178 848 2242 iurare
871 2175 1025 2242 debent
1045 2185 1086 2240 et
1106 2183 1309 2240 tenentur.

206 2306 302 2393 „Ego
325 2307 408 2390 iuro,
430 2307 517 2396 quod
539 2310 636 2375 istum
657 2309 796 2396 gradum
817 2311 851 2376 in
873 2309 962 2376 nulla
981 2309 1046 2375 alia
1063 2309 1275 2374 universitate
1293 2305 1489 2372 resumam.“
1555 2311 1586 2368 ts

202 2407 325 2491 „Item
347 2406 434 2494 quod
454 2407 489 2474 in
508 2409 572 2474 ista
592 2411 802 2475 universitate
823 2410 916 2476 stabo
939 2432 999 2497 per
1020 2407 1102 2475 duos
1129 2429 1231 2473 annos
1259 2405 1414 2493 legendo,
1434 2403 1545 2490 dispu-

123 2507 225 2573 tando
245 2505 297 2571 vel
318 2505 468 2572 adminus
490 2505 631 2597 aliquem
651 2511 882 2596 magistrorum
902 2510 938 2574 in
957 2509 1094 2575 lectione
1114 2507 1167 2574 vel
1188 2507 1351 2572 exercicio
1372 2501 1545 2584 audiendo,

120 2608 183 2672 nisi
204 2629 266 2694 per
285 2604 473 2672 facultatem
496 2631 594 2696 super
613 2607 676 2674 hoc
696 2631 822 2675 mecum
842 2609 940 2674 fuerit
960 2607 1212 2697 dispensatum.“

202 2706 307 2791 „Item
313 2755 324 2789 ,
346 2705 433 2793 quod
454 2704 575 2773 bonum
597 2707 694 2774 huius
714 2709 936 2774 universitatis
956 2717 990 2774 et
1008 2705 1173 2773 facultatis
1202 2707 1343 2790 arcium,
1365 2703 1409 2770 ad
1437 2724 1545 2791 quem·

119 2827 247 2894 cunque
269 2813 387 2870 statum
411 2804 581 2890 devenero,
602 2807 701 2875 velim
721 2808 932 2896 procurarc.“
1553 2806 1588 2866 2⁰

204 2905 319 2990 ,‚Item,
341 2903 428 2994 quod
447 2927 515 2972 non
534 2906 633 2973 velim
654 2908 870 2974 determinare
891 2908 954 2972 nisi
974 2907 1086 2974 habito
1108 2906 1263 2994 signeto.“

421 3076 468 3140 14.
498 3090 546 3137 nn
569 3089 739 3140 ammeta
758 3091 841 3140 noos
861 3091 935 3139 rou
955 3091 1248 3140 nuruamsrtms.

203 3206 289 3271 Item
309 3226 375 3270 non
398 3203 616 3271 determinans
643 3215 718 3272 ante
742 3207 839 3272 finem
869 3207 1033 3292 sequentis
1060 3205 1220 3270 examinis
1248 3227 1359 3270 omnes
1387 3201 1547 3268 admissos

117 3307 150 3371 in
167 3303 229 3370 tali
252 3304 403 3370 examine
422 3313 585 3394 sequatur,
606 3306 670 3371 nisi
692 3328 734 3371 ex
756 3327 856 3373 causa
875 3303 1063 3371 rationabili
1081 3305 1173 3370 locus
1194 3303 1257 3370 sibi
1278 3326 1337 3392 per
1356 3300 1543 3368 facultatem

115 3405 217 3470 fuerit
238 3413 436 3472 reservatus.
476 3404 522 3470 Et
545 3403 657 3472 eodem
678 3404 775 3471 modo
796 3405 854 3472 fiat
875 3404 915 3471 de
936 3403 1011 3470 aliis
1032 3402 1238 3470 examinibus
1265 3399 1491 3492 sequentibus,
1516 3398 1586 3466 sias

117 3511 196 3570 ante
218 3503 316 3568 finem
340 3527 452 3571 eorum
471 3526 537 3572 uon
557 3503 795 3570 determinabit

797 3669 874 3736 IX]

358 3811 386 3870 1.
413 3799 473 3893 [Bl.
498 3803 568 3893 17⁸]
590 3821 727 3870 vorsus
748 3822 885 3872 rursus
905 3821 1132 3871 nnussrormu
1151 3821 1309 3870 mnsam:

201 3935 285 4001 Item
313 3937 421 4025 „quod
449 3937 536 4004 ultra
562 3961 616 4004 res
643 3947 676 4004 et
704 3937 804 4005 libros
833 3961 900 4004 non
926 3937 1046 4004 habeat
1074 3938 1185 4003 decem
1213 3935 1354 4003 florenos
1382 3935 1422 4002 de
1448 3935 1544 4002 bonis

118 4035 328 4102 hereditariis
357 4035 409 4102 vel
438 4036 714 4127 quibuscunque.“
768 4038 812 4103 Et
834 4037 874 4104 de
894 4036 958 4103 boc
978 4037 1098 4104 habeat
1119 4037 1247 4124 aliquos
1268 4036 1464 4124 fidedignos,
1487 4037 1587 4125 quito

117 4136 179 4201 sub
202 4136 410 4201 consciencia
431 4159 542 4203 eorum
564 4137 695 4222 dicant,
717 4161 786 4204 rem
808 4139 856 4203 ita
876 4159 962 4220 esse,
984 4139 1068 4204 sicut
1088 4136 1282 4224 principalis
1301 4137 1404 4220 iurat,
1426 4136 1543 4224 quibus

118 4233 160 4301 de
184 4244 380 4323 paupertate
401 4237 469 4302 eius
490 4247 634 4322 constat;
662 4248 718 4303 aut
737 4237 818 4304 alias
841 4237 1037 4303 sufficientes
1058 4237 1303 4305 informationes
1323 4237 1364 4304 ds
1386 4260 1445 4303 sua
1466 4259 1545 4326 pau-

119 4343 251 4423 pertate
276 4335 400 4401 fecsse
1579 4331 1582 4340 ’

442 4507 471 4568 2.
499 4520 700 4570 adornares
723 4521 895 4582 ouonouo
916 4521 1034 4570 nssnr
1059 4522 1219 4572 recusus

200 4634 284 4700 Item
310 4643 488 4723 paupertas
509 4633 646 4702 alieuius
673 4637 702 4702 si
728 4635 848 4724 volgata
874 4646 906 4703 et
934 4635 1046 4703 multis
1076 4647 1154 4702 nota
1176 4640 1211 4704 in
1239 4640 1451 4706 universitate
1477 4649 1583 4707 nouat

118 4733 262 4818 existitt,
285 4734 419 4822 probari
439 4743 547 4822 potest
565 4735 681 4802 litteris
703 4739 873 4803 autenticis
895 4759 973 4802 suae
994 4737 1138 4802 civitatis
1159 4740 1212 4806 vel
1232 4740 1371 4807 aliorum
1400 4749 1456 4806 aut
1480 4761 1540 4828 per

205 4989 218 5041 t
236 4985 276 5040 Es
292 4984 329 5040 ist
345 4985 391 5042 sin
407 4984 490 5041 freier
500 4983 581 5040 Plato
598 4985 732 5058 gelasssn,
752 4983 898 5054 viellaioht,
911 5001 958 5039 om
975 4984 1036 5041 eine
1053 4987 1338 5044 zusammeufassende
1349 4985 1542 5044 Uebersclrrlft

115 5069 333 5140 crematum,
356 5071 431 5126 doun
452 5068 526 5126 uach
547 5070 596 5126 der
616 5075 708 5125 ersten
724 5068 973 5126 Inhaltstibsrsicht
996 5087 1032 5124 au
1050 5069 1183 5143 Anfangs
1206 5073 1256 5128 der
1273 5072 1403 5126 Statuten
1423 5071 1540 5145 begiunt

114 5155 176 5213 bier
192 5153 346 5212 Abscbnitt
363 5155 415 5211 IX
449 5152 530 5212 Nach
545 5153 595 5210 der
609 5152 723 5210 rveiten
742 5152 907 5212 Ucbsrsicht
922 5153 1023 5210 bersits
1039 5153 1083 5211 bei
1101 5155 1181 5224 Vlll,
1198 5161 1222 5213 9.
