3794 6060
336 486 375 550 18
684 516 707 538 ι.
803 490 856 541 Dte
874 491 1055 542 Reformation
1075 507 1138 542 vom
1156 492 1239 543 Jabre
1260 496 1329 545 1496.

335 666 568 753 exhibeantur,
595 672 735 736 maiores
757 671 856 736 etiam
875 674 1079 739 sereniores
1105 672 1250 739 eiusdem
1277 673 1501 738 universitatis
1529 695 1550 738 a
1575 672 1758 738 iunioribus

333 775 366 830 et
386 767 566 835 minoribus
588 769 751 856 condigna
769 773 981 838 veneratione
1003 771 1216 855 honorentur,
1245 781 1277 838 et
1308 770 1395 859 qnod
1425 773 1576 858 magistri
1603 770 1757 859 deinceps

333 873 367 929 et
387 867 421 929 in
441 867 584 934 lirturum
605 891 671 934 non
693 869 757 933 sint
777 871 874 955 proni
894 880 926 935 et
944 871 1057 936 faciles
1085 872 1128 936 ad
1155 870 1299 936 dandum
1326 882 1404 936 vota
1428 873 1617 958 pungitiua‚
1646 882 1757 936 contu·

336 963 490 1050 meliosa,
512 967 669 1032 iniuriosa
691 977 746 1032 aut
767 969 924 1034 conviciis
945 973 1111 1056 permixta
1133 971 1167 1034 in
1195 971 1344 1036 omnibus
1376 981 1408 1036 et
1435 971 1572 1058 singulis
1598 991 1756 1036 convoca·

307 1063 481 1130 telonibus
503 1067 740 1150 universitatis,
763 1067 890 1132 consilii
910 1068 962 1133 vel
983 1070 1176 1152 nacionum,
1205 1080 1237 1134 et
1256 1071 1399 1134 maxime
1428 1071 1462 1134 in
1491 1072 1640 1157 scriptis,
1670 1071 1705 1135 in
1725 1081 1758 1134 et

333 1173 448 1226 eontra
469 1165 613 1251 insignes
634 1187 792 1251 personas
824 1169 980 1250 rectoris,
1012 1167 1182 1234 doctorum
1201 1167 1255 1232 vel
1280 1169 1528 1253 magistrorum,
1556 1169 1617 1235 sub
1645 1169 1756 1234 decem

333 1259 530 1327 florenorum
554 1285 674 1349 poena,
705 1267 910 1330 universitati
937 1266 1205 1332 irremissibiliter
1237 1265 1535 1354 persolvendorum.
1584 1265 1621 1332 si
1648 1275 1756 1332 antem

334 1357 466 1443 aliquod
487 1363 730 1448 suppositorum
744 1365 966 1430 universitatis
980 1375 1139 1430 rectorem
1152 1368 1245 1431 iuxta
1258 1367 1449 1452 praestitum
1463 1366 1681 1432 iuramentum
1691 1388 1758 1431 non

334 1455 499 1540 decenter,
522 1460 609 1546 quod
632 1459 734 1544 absit,
757 1462 965 1529 honoraverit
986 1462 1038 1528 vel
1059 1463 1157 1529 alicui
1180 1463 1350 1530 doctorum
1377 1465 1572 1551 condignum
1599 1465 1756 1530 honorem

292 1566 398 1623 tonon
417 1558 628 1644 impenderit,
649 1561 801 1626 iniuriam
818 1563 1015 1648 irrogaverit
1036 1573 1092 1628 sut
1113 1566 1289 1629 convitium
1317 1563 1449 1648 aliquod
1471 1563 1688 1630 inverecunde
1710 1563 1757 1628 di·

330 1657 417 1721 xerit
436 1656 489 1721 vel
511 1659 610 1723 etiam
632 1661 803 1746 supposita
824 1660 868 1725 ad
891 1661 1117 1744 rebellionem,
1146 1662 1401 1729 inobedientiam
1429 1663 1483 1728 vel
1509 1665 1756 1728 irreverentiam

330 1754 508 1838 induxerit,
529 1756 610 1821 illud
631 1757 718 1823 ultra
738 1761 872 1846 periurii
892 1771 1019 1826 reatum
1040 1762 1075 1824 in
1096 1763 1213 1848 viginti
1235 1761 1367 1828 florenis
1388 1762 1580 1829 senensibus
1605 1785 1664 1849 per
1686 1764 1756 1828 uni-

330 1856 520 1920 versitatem
543 1858 706 1943 puniatur,
728 1879 811 1943 quas
830 1881 937 1944 poena
947 1859 1026 1925 fisco
1042 1861 1264 1926 universitatis
1278 1860 1470 1948 applicetur.
1509 1862 1546 1928 Si
1554 1883 1634 1926 vero
1649 1871 1757 1928 rector

329 1953 590 2041 universitasque
610 1957 644 2019 in
665 1955 785 2021 talibus
806 1966 839 2020 et
859 1957 933 2023 aliis
961 1960 1075 2045 poenis
1104 1961 1336 2047 extorquendis
1363 1960 1533 2047 negligens
1562 1961 1677 2042 fuerit,
1700 1983 1756 2025 ex-

290 2059 408 2114 tttrno
433 2048 529 2116 nobis
556 2062 589 2119 et
616 2054 858 2120 suecessoribus
884 2059 1005 2122 uostris
1035 2061 1262 2124 auctoritatem
1290 2059 1474 2126 huiusmodi
1502 2081 1624 2148 poenas
1647 2070 1756 2126 extor-

330 2147 451 2234 quendi
471 2151 506 2214 in
526 2150 675 2217 omnibus
694 2156 859 2219 reservari
878 2155 1037 2240 volumus,
1060 2167 1097 2222 ut
1117 2159 1166 2224 sic
1190 2181 1295 2245 poena
1310 2160 1406 2226 unius
1428 2160 1470 2225 sit
1485 2169 1589 2224 metus
1606 2158 1755 2226 aliorum.

747 2324 776 2384 2.
796 2338 845 2384 os
865 2339 1039 2388 maurosus
1061 2340 1335 2389 mmsnrcrrous.

411 2444 578 2531 Volumus,
600 2449 687 2533 quod
706 2460 814 2516 rector
832 2452 1055 2518 rmiveraitatis
1077 2454 1199 2520 habere
1222 2453 1340 2520 debeat
1351 2454 1534 2542 plenariam
1555 2456 1753 2523 iurisdictio·

327 2568 401 2610 nem
423 2545 543 2610 nedum
562 2548 597 2610 in
617 2549 726 2612 omnia
746 2553 915 2637 supposita
935 2573 1048 2616 verum
1070 2555 1167 2618 etiam
1188 2555 1222 2617 in
1250 2575 1360 2620 omnes
1388 2554 1557 2619 facultates
1585 2557 1754 2621 naciones-

286 2651 392 2730 20qne
410 2645 642 2710 universitatis.
685 2644 721 2710 Si
742 2657 850 2713 tamen
871 2671 912 2712 ex
931 2651 1125 2716 racionabili
1146 2661 1179 2717 et
1194 2652 1353 2738 legittima
1364 2675 1465 2718 cansa
1486 2653 1584 2718 alicui
1604 2653 1754 2719 facultati

326 2741 379 2808 vel
406 2744 530 2808 nationi
549 2743 673 2830 aliquid
694 2747 862 2832 iniungere
883 2748 1037 2833 voluerit,
1064 2751 1126 2817 hoc
1146 2753 1253 2838 ipsum
1276 2774 1349 2817 cum
1371 2751 1508 2818 consilio
1539 2763 1571 2818 et
1593 2775 1755 2818 consensu

201 2873 204 2878 ·
328 2842 471 2908 omnium
496 2841 735 2909 sallariatorum
757 2856 813 2910 aut
833 2848 966 2913 maioris
988 2851 1093 2936 partis
1114 2849 1289 2916 eorundem
1311 2851 1420 2916 faeiat.

771 3015 800 3078 3.
828 3028 876 3075 os
898 3029 1017 3078 sumus
1040 3032 1313 3081 uuwsxsrrsrrs

413 3137 611 3204 Ordinamus
632 3138 766 3223 deinde,
789 3140 876 3226 quod
897 3143 1019 3208 nullum
1041 3147 1261 3232 suppositum,
1291 3144 1429 3210 facultas
1460 3155 1516 3210 aut
1540 3147 1630 3211 natio
1657 3148 1752 3212 iuris·

288 3249 321 3305 25
332 3238 507 3304 dicfionem
527 3240 663 3305 rectoris
676 3238 840 3305 declinare
860 3251 917 3305 ant
934 3243 1032 3306 etiam
1055 3242 1219 3310 dominum
1231 3245 1421 3331 episcopum
1438 3243 1752 3331 Merssburgensem,

329 3335 558 3403 cancellarium
579 3361 639 3425 pro
661 3348 807 3425 tempore
832 3341 1033 3425 existentem,
1054 3343 1089 3407 in
1109 3342 1261 3408 civilibus
1282 3343 1389 3408 causis
1411 3345 1579 3430 perviam
1602 3343 1753 3430 querelae

328 3437 421 3502 adire
441 3448 644 3524 praesumat,
667 3436 725 3503 sed
745 3439 840 3504 iuxta
859 3439 1076 3506 iuramentum
1096 3443 1288 3527 praestitum
1315 3440 1359 3506 ad
1379 3451 1538 3508 rectorem
1557 3445 1753 3508 universim

327 3537 370 3602 tis
390 3545 552 3618 recurrat,
574 3539 629 3623 qui
651 3536 828 3602 seeundum
851 3547 972 3603 statuta
992 3551 1048 3603 aut
1070 3541 1119 3604 sui
1148 3541 1274 3606 consilii
1302 3563 1567 3626 assessorumque
1594 3543 1752 3627 cognitie

327 3657 402 3700 nem
422 3636 458 3699 in
477 3635 663 3700 huiusmodi
684 3639 791 3700 causis
812 3635 991 3722 procedere
1017 3646 1049 3702 et
1070 3636 1255 3706 discernere
1275 3638 1414 3706 debebit
1454 3639 1506 3705 Ita
1533 3649 1643 3705 tamen
1665 3641 1752 3728 quod

287 3747 391 3822 30per
412 3745 571 3800 rectorem
593 3743 650 3799 aut
669 3735 915 3799 universitatem
935 3744 992 3799 aut
1013 3735 1095 3800 alias
1115 3749 1253 3824 gravato
1270 3737 1447 3804 remedium
1468 3739 1549 3804 iuris
1571 3762 1638 3806 non
1659 3763 1752 3828 prae-

328 3833 486 3899 cludatur.
530 3831 566 3897 Si
587 3855 666 3898 vero
688 3833 805 3919 aliquis
828 3841 942 3898 contra
963 3836 1147 3920 praemissa
1168 3837 1291 3926 aliquid
1313 3839 1565 3925 attemptaverit,
1585 3841 1620 3904 in
1641 3837 1753 3906 decem

328 3932 461 3998 florenis
480 3929 671 3997 renensibus
693 3952 752 4018 per
773 3933 1017 3997 universitatem
1039 3937 1202 4021 puniatur.

812 4105 840 4162 4.
862 4116 910 4163 DE
932 4117 1035 4166 vorls
1057 4119 1266 4168 PUNGI'PIVIS.

412 4226 623 4311 Ordinamns,
647 4227 734 4315 quod
762 4230 911 4314 magistri
942 4240 974 4296 et
1001 4231 1151 4298 doctmes
1181 4233 1215 4295 in
1243 4230 1391 4298 omnibus
1415 4232 1704 4300 convocationibus
1732 4256 1752 4299 a

287 4327 416 4394 atvotis
437 4328 614 4412 pungitivis
636 4337 668 4390 et
688 4328 853 4393 iniuriosis
876 4329 1006 4395 omnino
1027 4330 1219 4396 abstineant
1263 4329 1393 4418 Siquis
1419 4341 1526 4398 autem
1553 4335 1752 4400 contrarium

329 4426 444 4492 fecerit
465 4435 497 4490 et
518 4424 560 4490 de
580 4423 643 4491 boe
664 4427 831 4492 confessus
852 4426 905 4492 vel
924 4451 984 4514 per
1004 4438 1164 4494 rectorem
1186 4438 1242 4494 aut
1269 4428 1351 4494 duos
1380 4439 1478 4496 testes
1505 4431 1652 4518 ydoneos
1678 4457 1751 4500 con-

330 4528 436 4591 victus
458 4526 571 4606 fierit,
598 4525 634 4589 in
653 4525 762 4591 triduo
784 4527 989 4592 universitati
1011 4526 1122 4594 decem
1148 4528 1254 4594 solvat
1273 4527 1427 4594 florenos:
1456 4551 1537 4614 quos
1560 4533 1588 4596 si
1609 4533 1644 4596 in
1665 4533 1753 4600 dicto

330 4625 468 4691 termino
488 4645 554 4688 non
576 4623 709 4689 solverit
729 4633 786 4690 aut
807 4624 933 4691 solvere
953 4629 1165 4712 recusaverit,
1186 4639 1305 4694 extunc
1327 4629 1371 4694 sit
1389 4649 1567 4716 suspensus
1587 4629 1630 4696 ab
1651 4633 1753 4698 omni·

330 4723 392 4790 bus
414 4721 638 4788 emolumentis
666 4725 888 4790 universitatis
919 4735 951 4790 et
979 4724 1105 4791 actibus
1127 4727 1323 4812 scolasticis,
1345 4726 1449 4792 donec
1469 4727 1654 4796 huiusmodi
1677 4755 1753 4820 poe-

288 4833 407 4889 tonam
427 4822 559 4888 realiter
581 4831 707 4888 etcum
729 4821 844 4888 effectu
866 4821 1001 4890 solverit
1019 4825 1236 4892 universitati.

787 4993 816 5053 5.
837 5007 884 5054 ns
905 5007 1054 5056 srsrrus
1075 5008 1294 5057 nossemus.

415 5118 569 5184 Volumus
591 5127 625 5184 et
643 5118 841 5203 ordinamus,
864 5119 951 5208 quod
963 5129 1093 5188 ⁴statuta
1113 5143 1210 5209 snper
1231 5122 1361 5188 decenti
1381 5121 1495 5190 habitu
1515 5147 1575 5211 per
1595 5127 1751 5194 universi·
