<?xml version="1.0" encoding="UTF-8"?>
<!DOCTYPE html PUBLIC "-//W3C//DTD XHTML 1.0 Transitional//EN"
    "http://www.w3.org/TR/xhtml1/DTD/xhtml1-transitional.dtd">
<html xmlns="http://www.w3.org/1999/xhtml" xml:lang="en" lang="en">
 <head>
  <title>
</title>
<meta http-equiv="Content-Type" content="text/html;charset=utf-8" />
  <meta name='ocr-system' content='tesseract 3.04.00' />
  <meta name='ocr-capabilities' content='ocr_page ocr_carea ocr_par ocr_line ocrx_word'/>
</head>
<body>
  <div class='ocr_page' id='page_1' title='image "./diestatutenbche00leipgoog_0608.png"; bbox 0 0 3788 6078; ppageno 0'>
   <div class='ocr_carea' id='block_1_1' title="bbox 623 459 1560 531">
    <p class='ocr_par' dir='ltr' id='par_1_1' title="bbox 623 459 1560 531">
     <span class='ocr_line' id='line_1_1' title="bbox 623 459 1560 531; baseline 0.009 -18"><span class='ocrx_word' id='word_1_1' title='bbox 623 464 674 516; x_wconf 86' lang='lat' dir='ltr'><strong>Die</strong></span> <span class='ocrx_word' id='word_1_2' title='bbox 692 461 811 513; x_wconf 71' lang='lat' dir='ltr'><strong>Statum</strong></span> <span class='ocrx_word' id='word_1_3' title='bbox 828 475 882 512; x_wconf 92' lang='lat' dir='ltr'><strong>von</strong></span> <span class='ocrx_word' id='word_1_4' title='bbox 903 459 1074 514; x_wconf 74' lang='lat' dir='ltr'><strong>rsit-taso.</strong></span> <span class='ocrx_word' id='word_1_5' title='bbox 1500 467 1560 531; x_wconf 82' lang='grc'><strong>589</strong></span> 
     </span>
    </p>
   </div>
   <div class='ocr_carea' id='block_1_2' title="bbox 137 640 1558 824">
    <p class='ocr_par' dir='ltr' id='par_1_2' title="bbox 137 640 1558 824">
     <span class='ocr_line' id='line_1_2' title="bbox 137 640 1558 714; baseline -0.003 1"><span class='ocrx_word' id='word_1_6' title='bbox 137 649 197 714; x_wconf 92' lang='lat' dir='ltr'><strong>bus</strong></span> <span class='ocrx_word' id='word_1_7' title='bbox 229 645 383 714; x_wconf 79' lang='lat' dir='ltr'>ascendet</span> <span class='ocrx_word' id='word_1_8' title='bbox 414 643 572 711; x_wconf 79' lang='lat' dir='ltr'><strong>faciendis</strong></span> <span class='ocrx_word' id='word_1_9' title='bbox 606 645 669 710; x_wconf 90' lang='lat' dir='ltr'><strong>nisi</strong></span> <span class='ocrx_word' id='word_1_10' title='bbox 700 643 741 710; x_wconf 90' lang='lat' dir='ltr'><strong>de</strong></span> <span class='ocrx_word' id='word_1_11' title='bbox 772 665 930 710; x_wconf 83' lang='lat' dir='ltr'><strong>consensu</strong></span> <span class='ocrx_word' id='word_1_12' title='bbox 965 640 1081 708; x_wconf 86' lang='lat' dir='ltr'><strong>decani</strong></span> <span class='ocrx_word' id='word_1_13' title='bbox 1113 651 1145 706; x_wconf 89' lang='lat' dir='ltr'><strong>et</strong></span> <span class='ocrx_word' id='word_1_14' title='bbox 1177 640 1344 708; x_wconf 89' lang='lat' dir='ltr'><strong>doctorum</strong></span> <span class='ocrx_word' id='word_1_15' title='bbox 1376 644 1558 711; x_wconf 80' lang='lat' dir='ltr'><strong>medicinae</strong></span> 
     </span>
     <span class='ocr_line' id='line_1_3' title="bbox 137 748 344 824; baseline 0 -10"><span class='ocrx_word' id='word_1_16' title='bbox 137 748 344 824; x_wconf 79' lang='lat' dir='ltr'><strong>facultatis.)¹</strong></span> 
     </span>
    </p>
   </div>
   <div class='ocr_carea' id='block_1_3' title="bbox 616 876 1089 928">
    <p class='ocr_par' dir='ltr' id='par_1_3' title="bbox 616 876 1089 928">
     <span class='ocr_line' id='line_1_4' title="bbox 616 876 1089 928; baseline -0.013 -1"><span class='ocrx_word' id='word_1_17' title='bbox 616 879 797 928; x_wconf 66' lang='lat' dir='ltr'><strong>secuntus</strong></span> <span class='ocrx_word' id='word_1_18' title='bbox 818 879 899 927; x_wconf 78' lang='lat' dir='ltr'>ALIA</span> <span class='ocrx_word' id='word_1_19' title='bbox 921 876 1089 925; x_wconf 67' lang='lat' dir='ltr'><strong>aratura,</strong></span> 
     </span>
    </p>
   </div>
   <div class='ocr_carea' id='block_1_4' title="bbox 138 1005 1683 3384">
    <p class='ocr_par' dir='ltr' id='par_1_4' title="bbox 139 1005 1601 1203">
     <span class='ocr_line' id='line_1_5' title="bbox 219 1005 1559 1100; baseline -0.004 -21"><span class='ocrx_word' id='word_1_20' title='bbox 219 1016 316 1079; x_wconf 91' lang='lat' dir='ltr'><strong>Anno</strong></span> <span class='ocrx_word' id='word_1_21' title='bbox 345 1011 467 1077; x_wconf 91' lang='lat' dir='ltr'><strong>domini</strong></span> <span class='ocrx_word' id='word_1_22' title='bbox 497 1008 550 1074; x_wconf 84' lang='grc' dir='ltr'><strong>Μ0</strong></span> <span class='ocrx_word' id='word_1_23' title='bbox 573 1009 687 1078; x_wconf 80' lang='lat' dir='ltr'>CCCC</span> <span class='ocrx_word' id='word_1_24' title='bbox 712 1011 831 1076; x_wconf 87' lang='lat' dir='ltr'>XXIX</span> <span class='ocrx_word' id='word_1_25' title='bbox 858 1010 984 1076; x_wconf 90' lang='lat' dir='ltr'><strong>decima</strong></span> <span class='ocrx_word' id='word_1_26' title='bbox 1014 1009 1066 1074; x_wconf 88' lang='lat' dir='ltr'><strong>die</strong></span> <span class='ocrx_word' id='word_1_27' title='bbox 1096 1008 1179 1074; x_wconf 91' lang='lat' dir='ltr'><strong>Iunii</strong></span> <span class='ocrx_word' id='word_1_28' title='bbox 1208 1005 1559 1100; x_wconf 63' lang='lat' dir='ltr'><strong>(trasumenus)</strong></span> 
     </span>
     <span class='ocr_line' id='line_1_6' title="bbox 139 1109 1601 1203; baseline -0.003 -23"><span class='ocrx_word' id='word_1_29' title='bbox 139 1114 323 1203; x_wconf 91' lang='lat' dir='ltr'><strong>approbata</strong></span> <span class='ocrx_word' id='word_1_30' title='bbox 348 1121 421 1177; x_wconf 92' lang='lat' dir='ltr'><strong>sunt</strong></span> <span class='ocrx_word' id='word_1_31' title='bbox 442 1133 501 1197; x_wconf 89' lang='lat' dir='ltr'><strong>per</strong></span> <span class='ocrx_word' id='word_1_32' title='bbox 523 1109 709 1175; x_wconf 81' lang='lat' dir='ltr'><strong>facultatem</strong></span> <span class='ocrx_word' id='word_1_33' title='bbox 729 1109 908 1175; x_wconf 85' lang='lat' dir='ltr'><strong>medicinae</strong></span> <span class='ocrx_word' id='word_1_34' title='bbox 930 1118 1051 1174; x_wconf 89' lang='lat' dir='ltr'><strong>statuta</strong></span> <span class='ocrx_word' id='word_1_35' title='bbox 1070 1110 1288 1196; x_wconf 88' lang='lat' dir='ltr'><strong>infrascripta.</strong></span> <span class='ocrx_word' id='word_1_36' title='bbox 1585 1121 1601 1176; x_wconf 79' lang='lat'><strong>5</strong></span> 
     </span>
    </p>

    <p class='ocr_par' dir='ltr' id='par_1_5' title="bbox 138 1207 1564 1499">
     <span class='ocr_line' id='line_1_7' title="bbox 221 1207 1562 1296; baseline -0.003 -17"><span class='ocrx_word' id='word_1_37' title='bbox 221 1220 273 1280; x_wconf 77' lang='lat'><strong>27.</strong></span> <span class='ocrx_word' id='word_1_38' title='bbox 295 1213 440 1277; x_wconf 89' lang='lat' dir='ltr'><strong>Primum</strong></span> <span class='ocrx_word' id='word_1_39' title='bbox 467 1208 601 1296; x_wconf 88' lang='lat' dir='ltr'><strong>quilibet</strong></span> <span class='ocrx_word' id='word_1_40' title='bbox 623 1208 733 1274; x_wconf 91' lang='lat' dir='ltr'><strong>volens</strong></span> <span class='ocrx_word' id='word_1_41' title='bbox 763 1210 948 1296; x_wconf 90' lang='lat' dir='ltr'><strong>promoveri</strong></span> <span class='ocrx_word' id='word_1_42' title='bbox 969 1210 1002 1272; x_wconf 94' lang='lat' dir='ltr'><strong>in</strong></span> <span class='ocrx_word' id='word_1_43' title='bbox 1029 1207 1249 1273; x_wconf 88' lang='lat' dir='ltr'><strong>baccalarium</strong></span> <span class='ocrx_word' id='word_1_44' title='bbox 1276 1208 1456 1274; x_wconf 86' lang='lat' dir='ltr'><strong>medicinae</strong></span> <span class='ocrx_word' id='word_1_45' title='bbox 1477 1222 1562 1276; x_wconf 83' lang='lat' dir='ltr'><strong>tene-</strong></span> 
     </span>
     <span class='ocr_line' id='line_1_8' title="bbox 138 1307 1564 1396; baseline -0.002 -19"><span class='ocrx_word' id='word_1_46' title='bbox 138 1323 191 1378; x_wconf 88' lang='lat' dir='ltr'><strong>tur</strong></span> <span class='ocrx_word' id='word_1_47' title='bbox 212 1322 308 1377; x_wconf 89' lang='lat' dir='ltr'><strong>antea</strong></span> <span class='ocrx_word' id='word_1_48' title='bbox 328 1334 401 1377; x_wconf 90' lang='lat' dir='ltr'><strong>cum</strong></span> <span class='ocrx_word' id='word_1_49' title='bbox 422 1309 530 1395; x_wconf 86' lang='lat' dir='ltr'><strong>aliquo</strong></span> <span class='ocrx_word' id='word_1_50' title='bbox 553 1307 684 1374; x_wconf 89' lang='lat' dir='ltr'><strong>doctore</strong></span> <span class='ocrx_word' id='word_1_51' title='bbox 704 1309 757 1373; x_wconf 93' lang='lat' dir='ltr'><strong>vel</strong></span> <span class='ocrx_word' id='word_1_52' title='bbox 787 1307 975 1376; x_wconf 88' lang='lat' dir='ltr'><strong>doctoribus</strong></span> <span class='ocrx_word' id='word_1_53' title='bbox 1000 1308 1150 1372; x_wconf 84' lang='lat' dir='ltr'><strong>visitasse</strong></span> <span class='ocrx_word' id='word_1_54' title='bbox 1179 1310 1358 1396; x_wconf 81' lang='lat' dir='ltr'><strong>practicam</strong></span> <span class='ocrx_word' id='word_1_55' title='bbox 1384 1308 1564 1376; x_wconf 87' lang='lat' dir='ltr'><strong>medicinae</strong></span> 
     </span>
     <span class='ocr_line' id='line_1_9' title="bbox 138 1409 585 1499; baseline -0.011 -22"><span class='ocrx_word' id='word_1_56' title='bbox 138 1435 197 1499; x_wconf 90' lang='lat' dir='ltr'><strong>per</strong></span> <span class='ocrx_word' id='word_1_57' title='bbox 217 1411 383 1477; x_wconf 87' lang='lat' dir='ltr'><strong>biennium</strong></span> <span class='ocrx_word' id='word_1_58' title='bbox 406 1409 585 1496; x_wconf 86' lang='lat' dir='ltr'><strong>diligenter.</strong></span> 
     </span>
    </p>

    <p class='ocr_par' dir='ltr' id='par_1_6' title="bbox 139 1505 1607 1893">
     <span class='ocr_line' id='line_1_10' title="bbox 221 1505 1562 1598; baseline -0.003 -20"><span class='ocrx_word' id='word_1_59' title='bbox 221 1517 270 1581; x_wconf 73' lang='lat'><strong>28.</strong></span> <span class='ocrx_word' id='word_1_60' title='bbox 293 1511 376 1576; x_wconf 86' lang='lat' dir='ltr'><strong>Item</strong></span> <span class='ocrx_word' id='word_1_61' title='bbox 397 1506 532 1598; x_wconf 89' lang='lat' dir='ltr'><strong>quilibet</strong></span> <span class='ocrx_word' id='word_1_62' title='bbox 552 1506 665 1572; x_wconf 91' lang='lat' dir='ltr'><strong>volens</strong></span> <span class='ocrx_word' id='word_1_63' title='bbox 686 1509 871 1596; x_wconf 89' lang='lat' dir='ltr'><strong>promoveri</strong></span> <span class='ocrx_word' id='word_1_64' title='bbox 893 1507 927 1571; x_wconf 91' lang='lat' dir='ltr'><strong>in</strong></span> <span class='ocrx_word' id='word_1_65' title='bbox 949 1505 1166 1572; x_wconf 87' lang='lat' dir='ltr'><strong>baccalarium</strong></span> <span class='ocrx_word' id='word_1_66' title='bbox 1189 1507 1367 1574; x_wconf 87' lang='lat' dir='ltr'><strong>medicinae</strong></span> <span class='ocrx_word' id='word_1_67' title='bbox 1381 1507 1432 1573; x_wconf 89' lang='lat' dir='ltr'><strong>vel</strong></span> <span class='ocrx_word' id='word_1_68' title='bbox 1454 1507 1562 1574; x_wconf 90' lang='lat' dir='ltr'><strong>docto·</strong></span> 
     </span>
     <span class='ocr_line' id='line_1_11' title="bbox 140 1605 1607 1694; baseline -0.003 -17"><span class='ocrx_word' id='word_1_69' title='bbox 140 1635 209 1677; x_wconf 91' lang='lat' dir='ltr'><strong>rem</strong></span> <span class='ocrx_word' id='word_1_70' title='bbox 247 1621 373 1676; x_wconf 88' lang='lat' dir='ltr'><strong>tenetur</strong></span> <span class='ocrx_word' id='word_1_71' title='bbox 412 1616 487 1672; x_wconf 91' lang='lat' dir='ltr'><strong>ante</strong></span> <span class='ocrx_word' id='word_1_72' title='bbox 519 1607 682 1694; x_wconf 88' lang='lat' dir='ltr'><strong>privatum</strong></span> <span class='ocrx_word' id='word_1_73' title='bbox 714 1629 808 1673; x_wconf 90' lang='lat' dir='ltr'><strong>suum</strong></span> <span class='ocrx_word' id='word_1_74' title='bbox 840 1627 976 1670; x_wconf 87' lang='lat' dir='ltr'><strong>examen</strong></span> <span class='ocrx_word' id='word_1_75' title='bbox 1010 1605 1139 1694; x_wconf 89' lang='lat' dir='ltr'><strong>publice</strong></span> <span class='ocrx_word' id='word_1_76' title='bbox 1169 1609 1203 1672; x_wconf 92' lang='lat' dir='ltr'><strong>in</strong></span> <span class='ocrx_word' id='word_1_77' title='bbox 1233 1606 1329 1672; x_wconf 90' lang='lat' dir='ltr'><strong>scolis</strong></span> <span class='ocrx_word' id='word_1_78' title='bbox 1362 1607 1422 1673; x_wconf 88' lang='lat' dir='ltr'><strong>sub</strong></span> <span class='ocrx_word' id='word_1_79' title='bbox 1454 1607 1561 1693; x_wconf 90' lang='lat' dir='ltr'><strong>aliquo</strong></span> <span class='ocrx_word' id='word_1_80' title='bbox 1575 1617 1607 1672; x_wconf 86' lang='grc'><strong>10</strong></span> 
     </span>
     <span class='ocr_line' id='line_1_12' title="bbox 140 1705 1564 1798; baseline -0.002 -21"><span class='ocrx_word' id='word_1_81' title='bbox 140 1711 273 1777; x_wconf 87' lang='lat' dir='ltr'><strong>doctore</strong></span> <span class='ocrx_word' id='word_1_82' title='bbox 295 1710 515 1798; x_wconf 88' lang='lat' dir='ltr'><strong>quaestionem</strong></span> <span class='ocrx_word' id='word_1_83' title='bbox 536 1705 759 1770; x_wconf 86' lang='lat' dir='ltr'><strong>medicinalem</strong></span> <span class='ocrx_word' id='word_1_84' title='bbox 781 1706 997 1771; x_wconf 86' lang='lat' dir='ltr'><strong>determinare</strong></span> <span class='ocrx_word' id='word_1_85' title='bbox 1019 1716 1050 1771; x_wconf 91' lang='lat' dir='ltr'><strong>ct</strong></span> <span class='ocrx_word' id='word_1_86' title='bbox 1071 1729 1128 1772; x_wconf 87' lang='lat' dir='ltr'><strong>suo</strong></span> <span class='ocrx_word' id='word_1_87' title='bbox 1150 1705 1275 1773; x_wconf 91' lang='lat' dir='ltr'><strong>doctori</strong></span> <span class='ocrx_word' id='word_1_88' title='bbox 1292 1717 1323 1770; x_wconf 91' lang='lat' dir='ltr'><strong>et</strong></span> <span class='ocrx_word' id='word_1_89' title='bbox 1339 1705 1411 1773; x_wconf 91' lang='lat' dir='ltr'><strong>aliis</strong></span> <span class='ocrx_word' id='word_1_90' title='bbox 1429 1729 1564 1793; x_wconf 89' lang='lat' dir='ltr'><strong>arguen-</strong></span> 
     </span>
     <span class='ocr_line' id='line_1_13' title="bbox 139 1805 974 1893; baseline -0.005 -17"><span class='ocrx_word' id='word_1_91' title='bbox 139 1809 228 1876; x_wconf 84' lang='lat' dir='ltr'><strong>tibus</strong></span> <span class='ocrx_word' id='word_1_92' title='bbox 251 1819 366 1876; x_wconf 91' lang='lat' dir='ltr'><strong>contra</strong></span> <span class='ocrx_word' id='word_1_93' title='bbox 387 1807 507 1872; x_wconf 87' lang='lat' dir='ltr'><strong>dictam</strong></span> <span class='ocrx_word' id='word_1_94' title='bbox 529 1807 748 1892; x_wconf 88' lang='lat' dir='ltr'><strong>quaestionem</strong></span> <span class='ocrx_word' id='word_1_95' title='bbox 769 1805 974 1893; x_wconf 89' lang='lat' dir='ltr'><strong>respondere.</strong></span> 
     </span>
    </p>

    <p class='ocr_par' dir='ltr' id='par_1_7' title="bbox 140 1903 1565 2096">
     <span class='ocr_line' id='line_1_14' title="bbox 224 1903 1565 1995; baseline -0.003 -21"><span class='ocrx_word' id='word_1_96' title='bbox 224 1914 273 1975; x_wconf 82' lang='lat'><strong>29.</strong></span> <span class='ocrx_word' id='word_1_97' title='bbox 304 1908 385 1974; x_wconf 89' lang='lat' dir='ltr'><strong>Item</strong></span> <span class='ocrx_word' id='word_1_98' title='bbox 416 1905 552 1995; x_wconf 91' lang='lat' dir='ltr'><strong>quilibet</strong></span> <span class='ocrx_word' id='word_1_99' title='bbox 582 1903 800 1970; x_wconf 88' lang='lat' dir='ltr'><strong>doctorandus</strong></span> <span class='ocrx_word' id='word_1_100' title='bbox 833 1907 866 1970; x_wconf 92' lang='lat' dir='ltr'><strong>in</strong></span> <span class='ocrx_word' id='word_1_101' title='bbox 897 1904 1058 1971; x_wconf 89' lang='lat' dir='ltr'><strong>medicina</strong></span> <span class='ocrx_word' id='word_1_102' title='bbox 1089 1915 1236 1993; x_wconf 86' lang='lat' dir='ltr'><strong>ternpore</strong></span> <span class='ocrx_word' id='word_1_103' title='bbox 1268 1904 1484 1994; x_wconf 88' lang='lat' dir='ltr'><strong>conplecionis</strong></span> <span class='ocrx_word' id='word_1_104' title='bbox 1516 1907 1565 1970; x_wconf 90' lang='lat' dir='ltr'><strong>sui</strong></span> 
     </span>
     <span class='ocr_line' id='line_1_15' title="bbox 140 2003 1179 2096; baseline -0.007 -22"><span class='ocrx_word' id='word_1_105' title='bbox 140 2009 275 2096; x_wconf 87' lang='lat' dir='ltr'><strong>byennii</strong></span> <span class='ocrx_word' id='word_1_106' title='bbox 297 2007 458 2073; x_wconf 88' lang='lat' dir='ltr'><strong>tenebitur</strong></span> <span class='ocrx_word' id='word_1_107' title='bbox 480 2005 652 2091; x_wconf 83' lang='lat' dir='ltr'><strong>diligenter</strong></span> <span class='ocrx_word' id='word_1_108' title='bbox 673 2003 826 2070; x_wconf 89' lang='lat' dir='ltr'><strong>lectiones</strong></span> <span class='ocrx_word' id='word_1_109' title='bbox 849 2004 1015 2071; x_wconf 88' lang='lat' dir='ltr'><strong>doctorum</strong></span> <span class='ocrx_word' id='word_1_110' title='bbox 1036 2007 1179 2070; x_wconf 88' lang='lat' dir='ltr'><strong>visitare.</strong></span> 
     </span>
    </p>

    <p class='ocr_par' dir='ltr' id='par_1_8' title="bbox 141 2103 1683 2887">
     <span class='ocr_line' id='line_1_16' title="bbox 224 2103 1608 2193; baseline -0.006 -17"><span class='ocrx_word' id='word_1_111' title='bbox 224 2114 274 2176; x_wconf 83' lang='lat'><strong>30.</strong></span> <span class='ocrx_word' id='word_1_112' title='bbox 302 2109 383 2172; x_wconf 89' lang='lat' dir='ltr'><strong>Item</strong></span> <span class='ocrx_word' id='word_1_113' title='bbox 411 2115 578 2193; x_wconf 91' lang='lat' dir='ltr'><strong>promotus</strong></span> <span class='ocrx_word' id='word_1_114' title='bbox 605 2105 639 2168; x_wconf 92' lang='lat' dir='ltr'><strong>in</strong></span> <span class='ocrx_word' id='word_1_115' title='bbox 660 2103 824 2169; x_wconf 87' lang='lat' dir='ltr'><strong>doctorem</strong></span> <span class='ocrx_word' id='word_1_116' title='bbox 845 2103 1025 2169; x_wconf 87' lang='lat' dir='ltr'><strong>medicinae</strong></span> <span class='ocrx_word' id='word_1_117' title='bbox 1050 2107 1084 2169; x_wconf 95' lang='lat' dir='ltr'><strong>in</strong></span> <span class='ocrx_word' id='word_1_118' title='bbox 1109 2103 1175 2169; x_wconf 90' lang='lat' dir='ltr'><strong>alia</strong></span> <span class='ocrx_word' id='word_1_119' title='bbox 1203 2106 1413 2170; x_wconf 79' lang='lat' dir='ltr'><strong>universitate</strong></span> <span class='ocrx_word' id='word_1_120' title='bbox 1441 2105 1566 2170; x_wconf 87' lang='lat' dir='ltr'><strong>famosa</strong></span> <span class='ocrx_word' id='word_1_121' title='bbox 1577 2115 1608 2168; x_wconf 80' lang='grc'><strong>15</strong></span> 
     </span>
     <span class='ocr_line' id='line_1_17' title="bbox 142 2201 1683 2292; baseline -0.005 -19"><span class='ocrx_word' id='word_1_122' title='bbox 142 2210 169 2273; x_wconf 93' lang='lat' dir='ltr'><strong>si</strong></span> <span class='ocrx_word' id='word_1_123' title='bbox 193 2206 358 2273; x_wconf 89' lang='lat' dir='ltr'><strong>desiderat</strong></span> <span class='ocrx_word' id='word_1_124' title='bbox 379 2206 483 2292; x_wconf 90' lang='lat' dir='ltr'><strong>recipi</strong></span> <span class='ocrx_word' id='word_1_125' title='bbox 503 2204 546 2269; x_wconf 91' lang='lat' dir='ltr'><strong>ad</strong></span> <span class='ocrx_word' id='word_1_126' title='bbox 566 2201 753 2269; x_wconf 79' lang='lat' dir='ltr'><strong>facrdtatem</strong></span> <span class='ocrx_word' id='word_1_127' title='bbox 774 2202 964 2288; x_wconf 89' lang='lat' dir='ltr'><strong>medicinae,</strong></span> <span class='ocrx_word' id='word_1_128' title='bbox 993 2205 1097 2291; x_wconf 88' lang='lat' dir='ltr'><strong>primo</strong></span> <span class='ocrx_word' id='word_1_129' title='bbox 1119 2202 1235 2270; x_wconf 89' lang='lat' dir='ltr'><strong>doceat</strong></span> <span class='ocrx_word' id='word_1_130' title='bbox 1254 2203 1295 2269; x_wconf 89' lang='lat' dir='ltr'><strong>de</strong></span> <span class='ocrx_word' id='word_1_131' title='bbox 1317 2204 1487 2270; x_wconf 79' lang='lat' dir='ltr'><strong>doctoratu</strong></span> <span class='ocrx_word' id='word_1_132' title='bbox 1509 2227 1566 2269; x_wconf 93' lang='lat' dir='ltr'><strong>suo</strong></span> <span class='ocrx_word' id='word_1_133' title='bbox 1681 2257 1683 2266; x_wconf 93' lang='lat'><strong>.</strong></span> 
     </span>
     <span class='ocr_line' id='line_1_18' title="bbox 141 2303 1568 2395; baseline -0.001 -23"><span class='ocrx_word' id='word_1_134' title='bbox 141 2331 200 2395; x_wconf 90' lang='lat' dir='ltr'><strong>per</strong></span> <span class='ocrx_word' id='word_1_135' title='bbox 222 2307 417 2372; x_wconf 90' lang='lat' dir='ltr'><strong>autenticam</strong></span> <span class='ocrx_word' id='word_1_136' title='bbox 443 2326 544 2386; x_wconf 89' lang='lat' dir='ltr'><strong>suam,</strong></span> <span class='ocrx_word' id='word_1_137' title='bbox 566 2304 601 2367; x_wconf 92' lang='lat' dir='ltr'><strong>in</strong></span> <span class='ocrx_word' id='word_1_138' title='bbox 627 2325 691 2390; x_wconf 89' lang='lat' dir='ltr'><strong>qua</strong></span> <span class='ocrx_word' id='word_1_139' title='bbox 716 2303 830 2369; x_wconf 91' lang='lat' dir='ltr'><strong>modus</strong></span> <span class='ocrx_word' id='word_1_140' title='bbox 856 2327 933 2369; x_wconf 91' lang='lat' dir='ltr'><strong>suae</strong></span> <span class='ocrx_word' id='word_1_141' title='bbox 959 2304 1176 2391; x_wconf 80' lang='lat' dir='ltr'><strong>promotionis</strong></span> <span class='ocrx_word' id='word_1_142' title='bbox 1206 2305 1399 2369; x_wconf 88' lang='lat' dir='ltr'><strong>continetur.</strong></span> <span class='ocrx_word' id='word_1_143' title='bbox 1438 2303 1568 2370; x_wconf 90' lang='lat' dir='ltr'><strong>Deinde</strong></span> 
     </span>
     <span class='ocr_line' id='line_1_19' title="bbox 141 2401 1566 2496; baseline -0.003 -24"><span class='ocrx_word' id='word_1_144' title='bbox 141 2406 270 2496; x_wconf 90' lang='lat' dir='ltr'><strong>publice</strong></span> <span class='ocrx_word' id='word_1_145' title='bbox 289 2407 324 2470; x_wconf 91' lang='lat' dir='ltr'><strong>in</strong></span> <span class='ocrx_word' id='word_1_146' title='bbox 345 2403 442 2470; x_wconf 88' lang='lat' dir='ltr'><strong>scolis</strong></span> <span class='ocrx_word' id='word_1_147' title='bbox 464 2401 657 2467; x_wconf 90' lang='lat' dir='ltr'><strong>determinet</strong></span> <span class='ocrx_word' id='word_1_148' title='bbox 678 2403 900 2490; x_wconf 88' lang='lat' dir='ltr'><strong>quaestionem</strong></span> <span class='ocrx_word' id='word_1_149' title='bbox 917 2402 1150 2489; x_wconf 78' lang='lat' dir='ltr'><strong>medicinalem,</strong></span> <span class='ocrx_word' id='word_1_150' title='bbox 1172 2402 1332 2491; x_wconf 90' lang='lat' dir='ltr'><strong>adquam</strong></span> <span class='ocrx_word' id='word_1_151' title='bbox 1353 2403 1566 2492; x_wconf 75' lang='lat' dir='ltr'><strong>respondebit</strong></span> 
     </span>
     <span class='ocr_line' id='line_1_20' title="bbox 141 2500 1567 2590; baseline -0.003 -17"><span class='ocrx_word' id='word_1_152' title='bbox 141 2504 331 2573; x_wconf 88' lang='lat' dir='ltr'><strong>doctoribus</strong></span> <span class='ocrx_word' id='word_1_153' title='bbox 358 2515 389 2568; x_wconf 89' lang='lat' dir='ltr'><strong>et</strong></span> <span class='ocrx_word' id='word_1_154' title='bbox 415 2500 564 2569; x_wconf 89' lang='lat' dir='ltr'><strong>omnibus</strong></span> <span class='ocrx_word' id='word_1_155' title='bbox 594 2503 668 2566; x_wconf 89' lang='lat' dir='ltr'><strong>aliis</strong></span> <span class='ocrx_word' id='word_1_156' title='bbox 697 2513 812 2568; x_wconf 88' lang='lat' dir='ltr'><strong>contra</strong></span> <span class='ocrx_word' id='word_1_157' title='bbox 839 2502 973 2568; x_wconf 91' lang='lat' dir='ltr'><strong>eandem</strong></span> <span class='ocrx_word' id='word_1_158' title='bbox 1004 2525 1141 2590; x_wconf 83' lang='lat' dir='ltr'><strong>arguere</strong></span> <span class='ocrx_word' id='word_1_159' title='bbox 1163 2501 1356 2568; x_wconf 87' lang='lat' dir='ltr'><strong>volentibus.</strong></span> <span class='ocrx_word' id='word_1_160' title='bbox 1397 2503 1455 2584; x_wconf 72' lang='lat' dir='ltr'><strong>(Et</strong></span> <span class='ocrx_word' id='word_1_161' title='bbox 1482 2502 1567 2590; x_wconf 91' lang='lat' dir='ltr'><strong>quod</strong></span> 
     </span>
     <span class='ocr_line' id='line_1_21' title="bbox 141 2600 1608 2693; baseline -0.002 -21"><span class='ocrx_word' id='word_1_162' title='bbox 141 2607 221 2673; x_wconf 89' lang='lat' dir='ltr'><strong>velit</strong></span> <span class='ocrx_word' id='word_1_163' title='bbox 241 2613 353 2693; x_wconf 89' lang='lat' dir='ltr'><strong>petere</strong></span> <span class='ocrx_word' id='word_1_164' title='bbox 375 2603 496 2668; x_wconf 87' lang='lat' dir='ltr'><strong>assumi</strong></span> <span class='ocrx_word' id='word_1_165' title='bbox 518 2601 561 2666; x_wconf 88' lang='lat' dir='ltr'><strong>ad</strong></span> <span class='ocrx_word' id='word_1_166' title='bbox 582 2601 767 2667; x_wconf 89' lang='lat' dir='ltr'><strong>facultatem</strong></span> <span class='ocrx_word' id='word_1_167' title='bbox 787 2600 967 2668; x_wconf 88' lang='lat' dir='ltr'><strong>medicinae</strong></span> <span class='ocrx_word' id='word_1_168' title='bbox 989 2603 1165 2669; x_wconf 89' lang='lat' dir='ltr'><strong>secundum</strong></span> <span class='ocrx_word' id='word_1_169' title='bbox 1186 2613 1306 2668; x_wconf 85' lang='lat' dir='ltr'><strong>statuta</strong></span> <span class='ocrx_word' id='word_1_170' title='bbox 1333 2611 1409 2691; x_wconf 90' lang='lat' dir='ltr'><strong>post</strong></span> <span class='ocrx_word' id='word_1_171' title='bbox 1432 2613 1608 2691; x_wconf 75' lang='lat' dir='ltr'><strong>respon-²0</strong></span> 
     </span>
     <span class='ocr_line' id='line_1_22' title="bbox 142 2700 1566 2793; baseline -0.002 -22"><span class='ocrx_word' id='word_1_172' title='bbox 142 2707 281 2788; x_wconf 88' lang='lat' dir='ltr'><strong>sionem;</strong></span> <span class='ocrx_word' id='word_1_173' title='bbox 311 2726 393 2793; x_wconf 89' lang='lat' dir='ltr'><strong>quae</strong></span> <span class='ocrx_word' id='word_1_174' title='bbox 419 2703 587 2789; x_wconf 86' lang='lat' dir='ltr'><strong>responsio</strong></span> <span class='ocrx_word' id='word_1_175' title='bbox 609 2703 651 2766; x_wconf 89' lang='lat' dir='ltr'><strong>sit</strong></span> <span class='ocrx_word' id='word_1_176' title='bbox 671 2700 743 2766; x_wconf 86' lang='lat' dir='ltr'><strong>loco</strong></span> <span class='ocrx_word' id='word_1_177' title='bbox 765 2703 936 2766; x_wconf 85' lang='lat' dir='ltr'><strong>examinis.</strong></span> <span class='ocrx_word' id='word_1_178' title='bbox 978 2701 1022 2767; x_wconf 87' lang='lat' dir='ltr'><strong>Et</strong></span> <span class='ocrx_word' id='word_1_179' title='bbox 1047 2702 1105 2768; x_wconf 88' lang='lat' dir='ltr'><strong>fiat</strong></span> <span class='ocrx_word' id='word_1_180' title='bbox 1130 2703 1317 2768; x_wconf 88' lang='lat' dir='ltr'><strong>immediate</strong></span> <span class='ocrx_word' id='word_1_181' title='bbox 1338 2713 1414 2789; x_wconf 88' lang='lat' dir='ltr'><strong>post</strong></span> <span class='ocrx_word' id='word_1_182' title='bbox 1434 2726 1566 2791; x_wconf 92' lang='lat' dir='ltr'><strong>respon·</strong></span> 
     </span>
     <span class='ocr_line' id='line_1_23' title="bbox 142 2800 714 2887; baseline -0.009 -17"><span class='ocrx_word' id='word_1_183' title='bbox 142 2807 266 2872; x_wconf 89' lang='lat' dir='ltr'><strong>sionem</strong></span> <span class='ocrx_word' id='word_1_184' title='bbox 292 2825 383 2868; x_wconf 90' lang='lat' dir='ltr'><strong>suam</strong></span> <span class='ocrx_word' id='word_1_185' title='bbox 404 2824 463 2867; x_wconf 90' lang='lat' dir='ltr'><strong>sua</strong></span> <span class='ocrx_word' id='word_1_186' title='bbox 484 2800 714 2887; x_wconf 82' lang='lat' dir='ltr'><strong>assumpcio.)²</strong></span> 
     </span>
    </p>

    <p class='ocr_par' dir='ltr' id='par_1_9' title="bbox 141 2898 1612 3384">
     <span class='ocr_line' id='line_1_24' title="bbox 226 2898 1569 2988; baseline -0.001 -19"><span class='ocrx_word' id='word_1_187' title='bbox 226 2909 276 2970; x_wconf 88' lang='grc'><strong>31.</strong></span> <span class='ocrx_word' id='word_1_188' title='bbox 297 2902 379 2968; x_wconf 88' lang='lat' dir='ltr'><strong>Item</strong></span> <span class='ocrx_word' id='word_1_189' title='bbox 402 2911 569 2988; x_wconf 91' lang='lat' dir='ltr'><strong>promotus</strong></span> <span class='ocrx_word' id='word_1_190' title='bbox 590 2902 624 2964; x_wconf 91' lang='lat' dir='ltr'><strong>in</strong></span> <span class='ocrx_word' id='word_1_191' title='bbox 645 2898 867 2966; x_wconf 90' lang='lat' dir='ltr'><strong>baccalarium</strong></span> <span class='ocrx_word' id='word_1_192' title='bbox 884 2901 1062 2966; x_wconf 87' lang='lat' dir='ltr'><strong>medicinae</strong></span> <span class='ocrx_word' id='word_1_193' title='bbox 1077 2903 1110 2966; x_wconf 89' lang='lat' dir='ltr'><strong>in</strong></span> <span class='ocrx_word' id='word_1_194' title='bbox 1125 2900 1190 2965; x_wconf 86' lang='lat' dir='ltr'><strong>alia</strong></span> <span class='ocrx_word' id='word_1_195' title='bbox 1203 2903 1413 2968; x_wconf 87' lang='lat' dir='ltr'><strong>universitate</strong></span> <span class='ocrx_word' id='word_1_196' title='bbox 1434 2905 1569 2987; x_wconf 89' lang='lat' dir='ltr'><strong>famosa,</strong></span> 
     </span>
     <span class='ocr_line' id='line_1_25' title="bbox 142 2998 1569 3087; baseline 0.001 -20"><span class='ocrx_word' id='word_1_197' title='bbox 142 2999 333 3067; x_wconf 88' lang='lat' dir='ltr'><strong>desiderans</strong></span> <span class='ocrx_word' id='word_1_198' title='bbox 355 3002 457 3087; x_wconf 89' lang='lat' dir='ltr'><strong>recipi</strong></span> <span class='ocrx_word' id='word_1_199' title='bbox 480 2999 523 3064; x_wconf 93' lang='lat' dir='ltr'><strong>ad</strong></span> <span class='ocrx_word' id='word_1_200' title='bbox 549 2998 735 3064; x_wconf 85' lang='lat' dir='ltr'><strong>facultatem</strong></span> <span class='ocrx_word' id='word_1_201' title='bbox 765 3009 931 3086; x_wconf 90' lang='lat' dir='ltr'><strong>tamqnam</strong></span> <span class='ocrx_word' id='word_1_202' title='bbox 958 2999 1161 3066; x_wconf 87' lang='lat' dir='ltr'><strong>baccalarios</strong></span> <span class='ocrx_word' id='word_1_203' title='bbox 1191 2999 1379 3084; x_wconf 85' lang='lat' dir='ltr'><strong>medicinae,</strong></span> <span class='ocrx_word' id='word_1_204' title='bbox 1408 3001 1569 3068; x_wconf 89' lang='lat' dir='ltr'><strong>tenebitur</strong></span> 
     </span>
     <span class='ocr_line' id='line_1_26' title="bbox 141 3097 1612 3190; baseline 0.002 -23"><span class='ocrx_word' id='word_1_205' title='bbox 141 3103 234 3189; x_wconf 88' lang='lat' dir='ltr'><strong>prius</strong></span> <span class='ocrx_word' id='word_1_206' title='bbox 257 3100 373 3166; x_wconf 91' lang='lat' dir='ltr'><strong>docere</strong></span> <span class='ocrx_word' id='word_1_207' title='bbox 394 3100 435 3164; x_wconf 91' lang='lat' dir='ltr'><strong>de</strong></span> <span class='ocrx_word' id='word_1_208' title='bbox 460 3121 518 3164; x_wconf 87' lang='lat' dir='ltr'><strong>suo</strong></span> <span class='ocrx_word' id='word_1_209' title='bbox 540 3097 762 3163; x_wconf 89' lang='lat' dir='ltr'><strong>baccalariatu</strong></span> <span class='ocrx_word' id='word_1_210' title='bbox 784 3120 842 3184; x_wconf 87' lang='lat' dir='ltr'><strong>per</strong></span> <span class='ocrx_word' id='word_1_211' title='bbox 864 3101 1058 3164; x_wconf 88' lang='lat' dir='ltr'><strong>autenticam</strong></span> <span class='ocrx_word' id='word_1_212' title='bbox 1082 3121 1183 3164; x_wconf 88' lang='lat' dir='ltr'><strong>suam.</strong></span> <span class='ocrx_word' id='word_1_213' title='bbox 1225 3099 1353 3165; x_wconf 92' lang='lat' dir='ltr'><strong>Deinde</strong></span> <span class='ocrx_word' id='word_1_214' title='bbox 1375 3101 1434 3166; x_wconf 89' lang='lat' dir='ltr'><strong>sub</strong></span> <span class='ocrx_word' id='word_1_215' title='bbox 1459 3102 1612 3190; x_wconf 71' lang='lat' dir='ltr'><strong>aliquoto</strong></span> 
     </span>
     <span class='ocr_line' id='line_1_27' title="bbox 144 3196 1572 3286; baseline 0.001 -20"><span class='ocrx_word' id='word_1_216' title='bbox 144 3202 278 3266; x_wconf 89' lang='lat' dir='ltr'><strong>doctore</strong></span> <span class='ocrx_word' id='word_1_217' title='bbox 309 3197 537 3265; x_wconf 86' lang='lat' dir='ltr'><strong>determinabit</strong></span> <span class='ocrx_word' id='word_1_218' title='bbox 565 3197 786 3285; x_wconf 89' lang='lat' dir='ltr'><strong>quaestionem</strong></span> <span class='ocrx_word' id='word_1_219' title='bbox 815 3196 1049 3282; x_wconf 86' lang='lat' dir='ltr'><strong>medicinalem,</strong></span> <span class='ocrx_word' id='word_1_220' title='bbox 1076 3197 1119 3264; x_wconf 90' lang='lat' dir='ltr'><strong>ad</strong></span> <span class='ocrx_word' id='word_1_221' title='bbox 1146 3220 1244 3286; x_wconf 91' lang='lat' dir='ltr'><strong>quam</strong></span> <span class='ocrx_word' id='word_1_222' title='bbox 1273 3200 1485 3286; x_wconf 86' lang='lat' dir='ltr'><strong>respondebit</strong></span> <span class='ocrx_word' id='word_1_223' title='bbox 1515 3225 1572 3270; x_wconf 91' lang='lat' dir='ltr'><strong>suo</strong></span> 
     </span>
     <span class='ocr_line' id='line_1_28' title="bbox 144 3293 791 3384; baseline -0.011 -18"><span class='ocrx_word' id='word_1_224' title='bbox 144 3301 272 3367; x_wconf 88' lang='lat' dir='ltr'><strong>doctori</strong></span> <span class='ocrx_word' id='word_1_225' title='bbox 293 3308 326 3364; x_wconf 89' lang='lat' dir='ltr'><strong>et</strong></span> <span class='ocrx_word' id='word_1_226' title='bbox 346 3299 420 3365; x_wconf 83' lang='lat' dir='ltr'><strong>aliis</strong></span> <span class='ocrx_word' id='word_1_227' title='bbox 440 3319 578 3384; x_wconf 87' lang='lat' dir='ltr'><strong>arguere</strong></span> <span class='ocrx_word' id='word_1_228' title='bbox 598 3293 791 3361; x_wconf 81' lang='lat' dir='ltr'><strong>volentibus.</strong></span> 
     </span>
    </p>
   </div>
   <div class='ocr_carea' id='block_1_5' title="bbox 143 3613 1617 4402">
    <p class='ocr_par' dir='ltr' id='par_1_10' title="bbox 143 3613 1615 3906">
     <span class='ocr_line' id='line_1_29' title="bbox 231 3613 1572 3706; baseline 0.001 -22"><span class='ocrx_word' id='word_1_229' title='bbox 231 3613 276 3706; x_wconf 90' lang='lat' dir='ltr'><strong>[S.</strong></span> <span class='ocrx_word' id='word_1_230' title='bbox 303 3613 334 3704; x_wconf 82' lang='grc'><strong>4]</strong></span> <span class='ocrx_word' id='word_1_231' title='bbox 366 3615 462 3682; x_wconf 83' lang='grc' dir='ltr'><strong>Αιιιιο</strong></span> <span class='ocrx_word' id='word_1_232' title='bbox 493 3614 616 3681; x_wconf 91' lang='lat' dir='ltr'><strong>domini</strong></span> <span class='ocrx_word' id='word_1_233' title='bbox 643 3614 814 3680; x_wconf 90' lang='lat' dir='ltr'><strong>millesimo</strong></span> <span class='ocrx_word' id='word_1_234' title='bbox 844 3613 1163 3701; x_wconf 85' lang='lat' dir='ltr'><strong>quadringentesimo</strong></span> <span class='ocrx_word' id='word_1_235' title='bbox 1192 3616 1441 3704; x_wconf 85' lang='lat' dir='ltr'><strong>quadragesimo</strong></span> <span class='ocrx_word' id='word_1_236' title='bbox 1471 3620 1572 3686; x_wconf 88' lang='lat' dir='ltr'><strong>tercio</strong></span> 
     </span>
     <span class='ocr_line' id='line_1_30' title="bbox 143 3713 1574 3804; baseline 0 -19"><span class='ocrx_word' id='word_1_237' title='bbox 143 3719 302 3785; x_wconf 88' lang='lat' dir='ltr'><strong>vicesima</strong></span> <span class='ocrx_word' id='word_1_238' title='bbox 329 3717 435 3804; x_wconf 89' lang='lat' dir='ltr'><strong>prima</strong></span> <span class='ocrx_word' id='word_1_239' title='bbox 462 3713 515 3778; x_wconf 92' lang='lat' dir='ltr'><strong>die</strong></span> <span class='ocrx_word' id='word_1_240' title='bbox 537 3715 657 3780; x_wconf 89' lang='lat' dir='ltr'><strong>mensis</strong></span> <span class='ocrx_word' id='word_1_241' title='bbox 683 3713 828 3780; x_wconf 86' lang='lat' dir='ltr'><strong>Ianuarii</strong></span> <span class='ocrx_word' id='word_1_242' title='bbox 855 3715 1261 3796; x_wconf 59' lang='lat' dir='ltr'><strong>(tantumtantum)</strong></span> <span class='ocrx_word' id='word_1_243' title='bbox 1292 3716 1474 3804; x_wconf 87' lang='lat' dir='ltr'><strong>approbata</strong></span> <span class='ocrx_word' id='word_1_244' title='bbox 1501 3729 1574 3784; x_wconf 90' lang='lat' dir='ltr'><strong>sunt</strong></span> 
     </span>
     <span class='ocr_line' id='line_1_31' title="bbox 143 3814 1615 3906; baseline -0.007 -22"><span class='ocrx_word' id='word_1_245' title='bbox 143 3841 203 3906; x_wconf 88' lang='lat' dir='ltr'><strong>per</strong></span> <span class='ocrx_word' id='word_1_246' title='bbox 224 3816 410 3883; x_wconf 86' lang='lat' dir='ltr'><strong>facultatem</strong></span> <span class='ocrx_word' id='word_1_247' title='bbox 431 3822 552 3878; x_wconf 89' lang='lat' dir='ltr'><strong>statuta</strong></span> <span class='ocrx_word' id='word_1_248' title='bbox 571 3814 789 3902; x_wconf 84' lang='lat' dir='ltr'><strong>infrascripta</strong></span> <span class='ocrx_word' id='word_1_249' title='bbox 1580 3829 1615 3884; x_wconf 79' lang='lat'><strong>3⁰</strong></span> 
     </span>
    </p>

    <p class='ocr_par' dir='ltr' id='par_1_11' title="bbox 143 3911 1617 4402">
     <span class='ocr_line' id='line_1_32' title="bbox 228 3911 1574 4002; baseline -0.001 -18"><span class='ocrx_word' id='word_1_250' title='bbox 228 3922 276 3985; x_wconf 82' lang='lat'><strong>32.</strong></span> <span class='ocrx_word' id='word_1_251' title='bbox 298 3916 443 3980; x_wconf 90' lang='lat' dir='ltr'><strong>Primum</strong></span> <span class='ocrx_word' id='word_1_252' title='bbox 472 3911 610 3979; x_wconf 84' lang='lat' dir='ltr'><strong>facultas</strong></span> <span class='ocrx_word' id='word_1_253' title='bbox 638 3912 818 3979; x_wconf 87' lang='lat' dir='ltr'><strong>medicinae</strong></span> <span class='ocrx_word' id='word_1_254' title='bbox 847 3913 966 3978; x_wconf 88' lang='lat' dir='ltr'><strong>habeat</strong></span> <span class='ocrx_word' id='word_1_255' title='bbox 992 3913 1160 3997; x_wconf 89' lang='lat' dir='ltr'><strong>decanum,</strong></span> <span class='ocrx_word' id='word_1_256' title='bbox 1184 3917 1238 4002; x_wconf 91' lang='lat' dir='ltr'><strong>qui</strong></span> <span class='ocrx_word' id='word_1_257' title='bbox 1264 3916 1305 3980; x_wconf 91' lang='lat' dir='ltr'><strong>sit</strong></span> <span class='ocrx_word' id='word_1_258' title='bbox 1332 3918 1439 3983; x_wconf 89' lang='lat' dir='ltr'><strong>senior</strong></span> <span class='ocrx_word' id='word_1_259' title='bbox 1460 3918 1574 3985; x_wconf 87' lang='lat' dir='ltr'><strong>doctor</strong></span> 
     </span>
     <span class='ocr_line' id='line_1_33' title="bbox 143 4011 1574 4106; baseline 0 -24"><span class='ocrx_word' id='word_1_260' title='bbox 143 4030 313 4106; x_wconf 91' lang='lat' dir='ltr'><strong>promotus</strong></span> <span class='ocrx_word' id='word_1_261' title='bbox 335 4024 390 4080; x_wconf 91' lang='lat' dir='ltr'><strong>ant</strong></span> <span class='ocrx_word' id='word_1_262' title='bbox 412 4023 597 4100; x_wconf 89' lang='lat' dir='ltr'><strong>assumptus</strong></span> <span class='ocrx_word' id='word_1_263' title='bbox 619 4015 653 4078; x_wconf 94' lang='lat' dir='ltr'><strong>in</strong></span> <span class='ocrx_word' id='word_1_264' title='bbox 675 4011 829 4078; x_wconf 86' lang='lat' dir='ltr'><strong>facultate</strong></span> <span class='ocrx_word' id='word_1_265' title='bbox 850 4011 1030 4077; x_wconf 90' lang='lat' dir='ltr'><strong>medicinae</strong></span> <span class='ocrx_word' id='word_1_266' title='bbox 1047 4015 1268 4080; x_wconf 88' lang='lat' dir='ltr'><strong>universitatis</strong></span> <span class='ocrx_word' id='word_1_267' title='bbox 1283 4014 1484 4102; x_wconf 74' lang='lat' dir='ltr'><strong>Liparensis.</strong></span> <span class='ocrx_word' id='word_1_268' title='bbox 1509 4017 1574 4098; x_wconf 80' lang='lat' dir='ltr'><strong>Qui</strong></span> 
     </span>
     <span class='ocr_line' id='line_1_34' title="bbox 143 4114 1572 4203; baseline -0.001 -21"><span class='ocrx_word' id='word_1_269' title='bbox 143 4119 172 4182; x_wconf 93' lang='lat' dir='ltr'><strong>si</strong></span> <span class='ocrx_word' id='word_1_270' title='bbox 192 4118 227 4181; x_wconf 90' lang='lat' dir='ltr'><strong>in</strong></span> <span class='ocrx_word' id='word_1_271' title='bbox 253 4115 458 4203; x_wconf 89' lang='lat' dir='ltr'><strong>possessione</strong></span> <span class='ocrx_word' id='word_1_272' title='bbox 477 4115 636 4178; x_wconf 90' lang='lat' dir='ltr'><strong>mensium</strong></span> <span class='ocrx_word' id='word_1_273' title='bbox 658 4135 717 4177; x_wconf 85' lang='lat' dir='ltr'><strong>sex</strong></span> <span class='ocrx_word' id='word_1_274' title='bbox 738 4121 885 4198; x_wconf 89' lang='lat' dir='ltr'><strong>tempore</strong></span> <span class='ocrx_word' id='word_1_275' title='bbox 914 4116 1131 4199; x_wconf 88' lang='lat' dir='ltr'><strong>permanserit</strong></span> <span class='ocrx_word' id='word_1_276' title='bbox 1161 4124 1192 4178; x_wconf 90' lang='lat' dir='ltr'><strong>et</strong></span> <span class='ocrx_word' id='word_1_277' title='bbox 1221 4114 1302 4179; x_wconf 89' lang='lat' dir='ltr'><strong>alter</strong></span> <span class='ocrx_word' id='word_1_278' title='bbox 1331 4115 1446 4182; x_wconf 88' lang='lat' dir='ltr'><strong>doctor</strong></span> <span class='ocrx_word' id='word_1_279' title='bbox 1473 4114 1572 4181; x_wconf 91' lang='lat' dir='ltr'><strong>medi·</strong></span> 
     </span>
     <span class='ocr_line' id='line_1_35' title="bbox 143 4211 1574 4300; baseline -0.001 -18"><span class='ocrx_word' id='word_1_280' title='bbox 143 4217 238 4282; x_wconf 88' lang='lat' dir='ltr'><strong>cinae</strong></span> <span class='ocrx_word' id='word_1_281' title='bbox 258 4237 295 4280; x_wconf 91' lang='lat' dir='ltr'><strong>eo</strong></span> <span class='ocrx_word' id='word_1_282' title='bbox 317 4215 425 4280; x_wconf 89' lang='lat' dir='ltr'><strong>senior</strong></span> <span class='ocrx_word' id='word_1_283' title='bbox 445 4235 509 4278; x_wconf 89' lang='lat' dir='ltr'><strong>non</strong></span> <span class='ocrx_word' id='word_1_284' title='bbox 530 4213 709 4295; x_wconf 89' lang='lat' dir='ltr'><strong>advenerit,</strong></span> <span class='ocrx_word' id='word_1_285' title='bbox 730 4213 795 4276; x_wconf 92' lang='lat' dir='ltr'><strong>nisi</strong></span> <span class='ocrx_word' id='word_1_286' title='bbox 815 4211 1012 4276; x_wconf 90' lang='lat' dir='ltr'><strong>domicilium</strong></span> <span class='ocrx_word' id='word_1_287' title='bbox 1035 4212 1077 4277; x_wconf 95' lang='lat' dir='ltr'><strong>ab</strong></span> <span class='ocrx_word' id='word_1_288' title='bbox 1099 4213 1161 4280; x_wconf 89' lang='lat' dir='ltr'><strong>hac</strong></span> <span class='ocrx_word' id='word_1_289' title='bbox 1175 4216 1386 4282; x_wconf 87' lang='lat' dir='ltr'><strong>universitate</strong></span> <span class='ocrx_word' id='word_1_290' title='bbox 1399 4215 1574 4300; x_wconf 80' lang='lat' dir='ltr'><strong>transtulit,</strong></span> 
     </span>
     <span class='ocr_line' id='line_1_36' title="bbox 145 4304 1617 4402; baseline 0 -20"><span class='ocrx_word' id='word_1_291' title='bbox 145 4336 286 4402; x_wconf 88' lang='lat' dir='ltr'><strong>semper,</strong></span> <span class='ocrx_word' id='word_1_292' title='bbox 308 4335 476 4401; x_wconf 89' lang='lat' dir='ltr'><strong>quousque</strong></span> <span class='ocrx_word' id='word_1_293' title='bbox 496 4312 650 4396; x_wconf 87' lang='lat' dir='ltr'><strong>voluerit,</strong></span> <span class='ocrx_word' id='word_1_294' title='bbox 672 4312 813 4378; x_wconf 87' lang='lat' dir='ltr'><strong>decanus</strong></span> <span class='ocrx_word' id='word_1_295' title='bbox 835 4311 1050 4398; x_wconf 81' lang='lat' dir='ltr'><strong>permanebit.</strong></span> <span class='ocrx_word' id='word_1_296' title='bbox 1224 4304 1227 4314; x_wconf 43' lang='lat'>¹</span> <span class='ocrx_word' id='word_1_297' title='bbox 1584 4325 1617 4382; x_wconf 76' lang='lat'><strong>³⁵</strong></span> 
     </span>
    </p>
   </div>
   <div class='ocr_carea' id='block_1_6' title="bbox 144 4543 1578 5207">
    <p class='ocr_par' dir='ltr' id='par_1_12' title="bbox 144 4543 1578 5039">
     <span class='ocr_line' id='line_1_37' title="bbox 234 4543 1577 4623; baseline 0.001 -21"><span class='ocrx_word' id='word_1_298' title='bbox 234 4550 245 4603; x_wconf 86' lang='lat'>1</span> <span class='ocrx_word' id='word_1_299' title='bbox 265 4545 363 4602; x_wconf 89' lang='lat' dir='ltr'><strong>Dieser</strong></span> <span class='ocrx_word' id='word_1_300' title='bbox 379 4545 547 4618; x_wconf 82' lang='lat' dir='ltr'><strong>Pamgrapb</strong></span> <span class='ocrx_word' id='word_1_301' title='bbox 566 4545 601 4600; x_wconf 90' lang='lat' dir='ltr'><strong>ist</strong></span> <span class='ocrx_word' id='word_1_302' title='bbox 622 4544 839 4617; x_wconf 85' lang='lat' dir='ltr'><strong>nacbgetragen,</strong></span> <span class='ocrx_word' id='word_1_303' title='bbox 860 4543 917 4598; x_wconf 89' lang='lat' dir='ltr'><strong>und</strong></span> <span class='ocrx_word' id='word_1_304' title='bbox 942 4561 1015 4600; x_wconf 82' lang='lat' dir='ltr'><strong>avar</strong></span> <span class='ocrx_word' id='word_1_305' title='bbox 1036 4563 1072 4599; x_wconf 87' lang='lat' dir='ltr'><strong>au</strong></span> <span class='ocrx_word' id='word_1_306' title='bbox 1091 4545 1166 4600; x_wconf 90' lang='lat' dir='ltr'><strong>einer</strong></span> <span class='ocrx_word' id='word_1_307' title='bbox 1184 4547 1252 4618; x_wconf 81' lang='lat' dir='ltr'><strong>Zeit,</strong></span> <span class='ocrx_word' id='word_1_308' title='bbox 1277 4547 1318 4604; x_wconf 83' lang='lat' dir='ltr'><strong>als</strong></span> <span class='ocrx_word' id='word_1_309' title='bbox 1339 4549 1385 4606; x_wconf 93' lang='lat' dir='ltr'><strong>die</strong></span> <span class='ocrx_word' id='word_1_310' title='bbox 1401 4550 1577 4623; x_wconf 81' lang='lat' dir='ltr'><strong>Beaifferung</strong></span> 
     </span>
     <span class='ocr_line' id='line_1_38' title="bbox 144 4627 1576 4703; baseline -0.008 -15"><span class='ocrx_word' id='word_1_311' title='bbox 144 4631 195 4688; x_wconf 89' lang='lat' dir='ltr'><strong>der</strong></span> <span class='ocrx_word' id='word_1_312' title='bbox 212 4629 413 4702; x_wconf 77' lang='lat' dir='ltr'><strong>Peragrapbon</strong></span> <span class='ocrx_word' id='word_1_313' title='bbox 430 4629 531 4686; x_wconf 89' lang='lat' dir='ltr'><strong>bereits</strong></span> <span class='ocrx_word' id='word_1_314' title='bbox 549 4629 757 4702; x_wconf 84' lang='lat' dir='ltr'><strong>stattgefunden</strong></span> <span class='ocrx_word' id='word_1_315' title='bbox 775 4627 865 4696; x_wconf 69' lang='lat' dir='ltr'><strong>hatte,</strong></span> <span class='ocrx_word' id='word_1_316' title='bbox 891 4646 921 4684; x_wconf 90' lang='lat' dir='ltr'><strong>er</strong></span> <span class='ocrx_word' id='word_1_317' title='bbox 937 4629 975 4682; x_wconf 85' lang='lat' dir='ltr'><strong>ist</strong></span> <span class='ocrx_word' id='word_1_318' title='bbox 991 4627 1078 4684; x_wconf 87' lang='lat' dir='ltr'><strong>daber</strong></span> <span class='ocrx_word' id='word_1_319' title='bbox 1095 4628 1173 4684; x_wconf 89' lang='lat' dir='ltr'><strong>nicht</strong></span> <span class='ocrx_word' id='word_1_320' title='bbox 1195 4632 1365 4703; x_wconf 62' lang='lat' dir='ltr'><strong>mitgazfihlt„</strong></span> <span class='ocrx_word' id='word_1_321' title='bbox 1400 4635 1446 4691; x_wconf 55' lang='lat' dir='ltr'><strong>1)ss</strong></span> <span class='ocrx_word' id='word_1_322' title='bbox 1462 4634 1506 4691; x_wconf 67' lang='lat' dir='ltr'><strong>die</strong></span> <span class='ocrx_word' id='word_1_323' title='bbox 1523 4633 1576 4691; x_wconf 67' lang='lat' dir='ltr'><strong>Be.</strong></span> 
     </span>
     <span class='ocr_line' id='line_1_39' title="bbox 144 4711 1576 4792; baseline 0.001 -22"><span class='ocrx_word' id='word_1_324' title='bbox 144 4715 282 4786; x_wconf 82' lang='lat' dir='ltr'><strong>aiffemng</strong></span> <span class='ocrx_word' id='word_1_325' title='bbox 300 4713 342 4768; x_wconf 91' lang='lat' dir='ltr'><strong>bis</strong></span> <span class='ocrx_word' id='word_1_326' title='bbox 359 4721 375 4781; x_wconf 68' lang='grc' dir='ltr'><strong>ς</strong></span> <span class='ocrx_word' id='word_1_327' title='bbox 392 4719 425 4770; x_wconf 81' lang='grc'><strong>43</strong></span> <span class='ocrx_word' id='word_1_328' title='bbox 442 4713 506 4770; x_wconf 90' lang='lat' dir='ltr'><strong>incl.</strong></span> <span class='ocrx_word' id='word_1_329' title='bbox 533 4713 646 4786; x_wconf 85' lang='lat' dir='ltr'><strong>gefiihrt</strong></span> <span class='ocrx_word' id='word_1_330' title='bbox 669 4713 717 4782; x_wconf 89' lang='lat' dir='ltr'><strong>ist,</strong></span> <span class='ocrx_word' id='word_1_331' title='bbox 743 4731 773 4768; x_wconf 90' lang='lat' dir='ltr'><strong>so</strong></span> <span class='ocrx_word' id='word_1_332' title='bbox 793 4711 902 4768; x_wconf 72' lang='lat' dir='ltr'><strong>moena</strong></span> <span class='ocrx_word' id='word_1_333' title='bbox 925 4730 989 4768; x_wconf 86' lang='lat' dir='ltr'><strong>man</strong></span> <span class='ocrx_word' id='word_1_334' title='bbox 1008 4713 1111 4768; x_wconf 75' lang='lat' dir='ltr'><strong>dmans</strong></span> <span class='ocrx_word' id='word_1_335' title='bbox 1134 4715 1291 4787; x_wconf 86' lang='lat' dir='ltr'><strong>schliessen,</strong></span> <span class='ocrx_word' id='word_1_336' title='bbox 1313 4735 1396 4774; x_wconf 87' lang='lat' dir='ltr'><strong>unser</strong></span> <span class='ocrx_word' id='word_1_337' title='bbox 1411 4719 1576 4792; x_wconf 74' lang='lat' dir='ltr'><strong>paragraph</strong></span> 
     </span>
     <span class='ocr_line' id='line_1_40' title="bbox 145 4796 1577 4872; baseline 0.002 -17"><span class='ocrx_word' id='word_1_338' title='bbox 145 4801 186 4856; x_wconf 89' lang='lat' dir='ltr'><strong>sei</strong></span> <span class='ocrx_word' id='word_1_339' title='bbox 207 4801 311 4870; x_wconf 82' lang='lat' dir='ltr'><strong>jiinger</strong></span> <span class='ocrx_word' id='word_1_340' title='bbox 332 4797 374 4853; x_wconf 87' lang='lat' dir='ltr'><strong>als</strong></span> <span class='ocrx_word' id='word_1_341' title='bbox 398 4803 476 4867; x_wconf 84' lang='grc'><strong>1411;</strong></span> <span class='ocrx_word' id='word_1_342' title='bbox 502 4797 609 4852; x_wconf 89' lang='lat' dir='ltr'><strong>freilich</strong></span> <span class='ocrx_word' id='word_1_343' title='bbox 634 4798 711 4854; x_wconf 84' lang='lat' dir='ltr'><strong>kann</strong></span> <span class='ocrx_word' id='word_1_344' title='bbox 734 4797 779 4852; x_wconf 90' lang='lat' dir='ltr'><strong>die</strong></span> <span class='ocrx_word' id='word_1_345' title='bbox 803 4796 980 4870; x_wconf 81' lang='lat' dir='ltr'><strong>Beaifferung</strong></span> <span class='ocrx_word' id='word_1_346' title='bbox 1002 4801 1096 4867; x_wconf 72' lang='lat' dir='ltr'><strong>spiter</strong></span> <span class='ocrx_word' id='word_1_347' title='bbox 1120 4798 1290 4872; x_wconf 85' lang='lat' dir='ltr'><strong>fortgefiihrt</strong></span> <span class='ocrx_word' id='word_1_348' title='bbox 1313 4803 1380 4872; x_wconf 89' lang='lat' dir='ltr'><strong>sein,</strong></span> <span class='ocrx_word' id='word_1_349' title='bbox 1404 4804 1461 4857; x_wconf 89' lang='lat' dir='ltr'><strong>und</strong></span> <span class='ocrx_word' id='word_1_350' title='bbox 1487 4803 1577 4858; x_wconf 88' lang='lat' dir='ltr'><strong>dieser</strong></span> 
     </span>
     <span class='ocr_line' id='line_1_41' title="bbox 145 4881 1578 4953; baseline 0.001 -13"><span class='ocrx_word' id='word_1_351' title='bbox 145 4881 261 4940; x_wconf 88' lang='lat' dir='ltr'><strong>Schluss</strong></span> <span class='ocrx_word' id='word_1_352' title='bbox 283 4881 413 4938; x_wconf 87' lang='lat' dir='ltr'><strong>entbehrt</strong></span> <span class='ocrx_word' id='word_1_353' title='bbox 434 4881 521 4938; x_wconf 88' lang='lat' dir='ltr'><strong>daher</strong></span> <span class='ocrx_word' id='word_1_354' title='bbox 537 4882 587 4936; x_wconf 89' lang='lat' dir='ltr'><strong>der</strong></span> <span class='ocrx_word' id='word_1_355' title='bbox 604 4881 693 4937; x_wconf 93' lang='lat' dir='ltr'><strong>vollen</strong></span> <span class='ocrx_word' id='word_1_356' title='bbox 712 4881 878 4953; x_wconf 84' lang='lat' dir='ltr'><strong>Sichcrheit,</strong></span> <span class='ocrx_word' id='word_1_357' title='bbox 901 4882 968 4938; x_wconf 86' lang='lat' dir='ltr'><strong>aber</strong></span> <span class='ocrx_word' id='word_1_358' title='bbox 990 4881 1062 4937; x_wconf 87' lang='lat' dir='ltr'><strong>nach</strong></span> <span class='ocrx_word' id='word_1_359' title='bbox 1083 4888 1145 4939; x_wconf 78' lang='grc'><strong>1443</strong></span> <span class='ocrx_word' id='word_1_360' title='bbox 1169 4883 1233 4940; x_wconf 79' lang='lat' dir='ltr'><strong>faut</strong></span> <span class='ocrx_word' id='word_1_361' title='bbox 1256 4885 1305 4941; x_wconf 90' lang='lat' dir='ltr'><strong>der</strong></span> <span class='ocrx_word' id='word_1_362' title='bbox 1322 4886 1423 4942; x_wconf 72' lang='lat' dir='ltr'><strong>Zimara</strong></span> <span class='ocrx_word' id='word_1_363' title='bbox 1447 4887 1499 4941; x_wconf 89' lang='lat' dir='ltr'><strong>mit</strong></span> <span class='ocrx_word' id='word_1_364' title='bbox 1514 4886 1578 4942; x_wconf 83' lang='lat' dir='ltr'><strong>Evi-</strong></span> 
     </span>
     <span class='ocr_line' id='line_1_42' title="bbox 145 4966 329 5039; baseline -0.033 -15"><span class='ocrx_word' id='word_1_365' title='bbox 145 4969 217 5024; x_wconf 79' lang='lat' dir='ltr'><strong>dena</strong></span> <span class='ocrx_word' id='word_1_366' title='bbox 235 4966 268 5037; x_wconf 84' lang='lat' dir='ltr'><strong>(s.</strong></span> <span class='ocrx_word' id='word_1_367' title='bbox 285 4966 329 5039; x_wconf 82' lang='lat' dir='ltr'><strong>o).</strong></span> 
     </span>
    </p>

    <p class='ocr_par' dir='ltr' id='par_1_13' title="bbox 146 5047 1576 5207">
     <span class='ocr_line' id='line_1_43' title="bbox 232 5047 1576 5126; baseline 0.003 -20"><span class='ocrx_word' id='word_1_368' title='bbox 232 5056 247 5106; x_wconf 78' lang='grc'><strong>1</strong></span> <span class='ocrx_word' id='word_1_369' title='bbox 267 5049 321 5104; x_wconf 86' lang='lat' dir='ltr'><strong>Die</strong></span> <span class='ocrx_word' id='word_1_370' title='bbox 339 5047 602 5120; x_wconf 81' lang='lat' dir='ltr'><strong>eingeklammerten</strong></span> <span class='ocrx_word' id='word_1_371' title='bbox 619 5051 718 5108; x_wconf 84' lang='lat' dir='ltr'><strong>Worte</strong></span> <span class='ocrx_word' id='word_1_372' title='bbox 735 5052 797 5108; x_wconf 93' lang='lat' dir='ltr'><strong>sind</strong></span> <span class='ocrx_word' id='word_1_373' title='bbox 816 5052 1022 5124; x_wconf 78' lang='lat' dir='ltr'><strong>nachgetrageu</strong></span> <span class='ocrx_word' id='word_1_374' title='bbox 1041 5051 1111 5121; x_wconf 90' lang='lat' dir='ltr'><strong>(also</strong></span> <span class='ocrx_word' id='word_1_375' title='bbox 1129 5053 1201 5110; x_wconf 88' lang='lat' dir='ltr'><strong>nach</strong></span> <span class='ocrx_word' id='word_1_376' title='bbox 1222 5055 1302 5126; x_wconf 82' lang='grc'><strong>1443).</strong></span> <span class='ocrx_word' id='word_1_377' title='bbox 1337 5054 1375 5107; x_wconf 85' lang='grc' dir='ltr'><strong>Ει</strong></span> <span class='ocrx_word' id='word_1_378' title='bbox 1392 5053 1428 5109; x_wconf 84' lang='lat' dir='ltr'><strong>ist</strong></span> <span class='ocrx_word' id='word_1_379' title='bbox 1447 5055 1491 5112; x_wconf 88' lang='lat' dir='ltr'><strong>eiu</strong></span> <span class='ocrx_word' id='word_1_380' title='bbox 1509 5055 1576 5114; x_wconf 82' lang='lat' dir='ltr'><strong>Ver·</strong></span> 
     </span>
     <span class='ocr_line' id='line_1_44' title="bbox 146 5131 667 5207; baseline -0.01 -13"><span class='ocrx_word' id='word_1_381' title='bbox 146 5137 214 5194; x_wconf 89' lang='lat' dir='ltr'><strong>bum</strong></span> <span class='ocrx_word' id='word_1_382' title='bbox 232 5131 418 5206; x_wconf 71' lang='lat' dir='ltr'><strong>megalenses,</strong></span> <span class='ocrx_word' id='word_1_383' title='bbox 435 5138 506 5189; x_wconf 88' lang='lat' dir='ltr'><strong>etwa</strong></span> <span class='ocrx_word' id='word_1_384' title='bbox 518 5137 667 5207; x_wconf 70' lang='lat' dir='ltr'><strong>praeniteat.</strong></span> 
     </span>
    </p>
   </div>
   <div class='ocr_carea' id='block_1_7' title="bbox 0 0 1910 6078">
    <p class='ocr_par' dir='ltr' id='par_1_14' title="bbox 0 0 1910 6078">
     <span class='ocr_line' id='line_1_45' title="bbox 0 0 1910 6078; baseline 0 0"><span class='ocrx_word' id='word_1_385' title='bbox 0 0 1910 6078; x_wconf 95' lang='lat' dir='ltr'><strong> </strong></span> 
     </span>
    </p>
   </div>
  </div>
 </body>
</html>
