3794 6066
303 463 361 530 108
766 466 820 516 Des
839 467 974 516 lohannes
991 465 1069 516 Fabri
1087 467 1121 516 de
1136 466 1252 517 werden

304 651 355 712 35.
386 663 580 712 manarum
600 663 668 712 rso
692 663 928 715 cornucnuno
949 667 1062 716 rurus
1083 663 1253 726 Quounru
1274 663 1558 714 muusrmssnun
1580 665 1710 714 ramer-

779 766 895 816 rrssrn
917 767 961 816 sc
982 767 1140 816 nomm
1161 764 1237 814 arc.

382 878 518 945 Mandat
538 879 685 945 omnibus
705 889 736 945 et
756 880 892 968 singulis
913 883 1094 968 magistris,
1115 878 1313 962 doctoribus,
1335 879 1508 946 licentiatis
1532 889 1608 947 etc:
1642 903 1721 970 qua-

299 988 392 1045 tenus
432 978 528 1046 hodie
563 979 644 1047 hora
672 1004 711 1047 .n.
740 991 816 1046 ante
854 993 996 1048 castrum
1030 981 1125 1047 huius
1168 979 1281 1068 oppidi
1321 982 1516 1046 conveniant
1559 979 1602 1046 ad
1635 976 1722 1069 [17¹²]

273 1079 542 1145 tconducendum
564 1080 658 1146 limus
680 1079 842 1168 quondam
862 1081 1101 1148 illustrissimae
1122 1081 1340 1168 principissae
1362 1101 1402 1144 ac
1423 1079 1572 1146 dominae
1587 1081 1647 1164 .N.,
1667 1103 1722 1145 na-

299 1187 352 1245 tae
374 1202 415 1244 ex
436 1179 588 1262 Bavaria,
611 1179 761 1246 ducissae
782 1181 962 1264 saxoniae,
984 1181 1188 1268 lantgraviae
1211 1179 1412 1265 Thuringiae
1433 1201 1473 1244 ac
1493 1181 1724 1267 marggraviae

297 1277 461 1362 Miserae,
494 1280 722 1347 dilectissimae
749 1282 943 1349 conthoralis
967 1280 1177 1346 illustrissimi
1199 1301 1239 1344 ac
1258 1279 1486 1344 humanissimi
1509 1282 1670 1367 principis
1693 1293 1724 1344 et

300 1377 437 1462 domini,
461 1379 582 1446 domini
603 1381 751 1464 Ernesti,
775 1383 974 1448 sacrosancti
994 1381 1134 1445 Romani
1154 1380 1282 1467 imperii
1301 1379 1587 1446 archimarschalei
1610 1390 1643 1446 et
1663 1379 1723 1445 ele-

299 1480 398 1544 cteris
427 1488 488 1544 etc.
495 1529 504 1562 ,
536 1478 580 1545 ad
609 1481 779 1547 ecclesiam
806 1484 910 1547 sancti
938 1481 1001 1562 .N.,
1027 1479 1150 1566 vigiliis
1180 1477 1302 1544 ibidem
1331 1478 1558 1546 decantandis:
1590 1489 1622 1545 et
1650 1502 1723 1544 cras

259 1579 379 1646 tohora
402 1603 441 1648 .n.
464 1581 573 1645 missis
594 1604 654 1667 pro
676 1581 790 1646 eadem
810 1582 892 1647 inibi
914 1579 1117 1647 celebrandis
1140 1602 1210 1645 sese
1231 1580 1446 1667 personaliter
1469 1579 1634 1648 offerendo
1649 1602 1721 1666 pre·

298 1702 415 1768 cesque
436 1703 534 1766 quam
556 1680 782 1746 devotissimas
803 1705 862 1768 pro
884 1683 993 1746 anima
1014 1681 1180 1767 praefatae
1201 1679 1351 1745 dominae
1373 1679 1525 1747 ducissae
1542 1681 1723 1768 adpatrem

296 1778 594 1846 misericordiarum
615 1781 829 1868 porrectando
850 1790 1068 1869 praesentent,
1089 1801 1149 1845 nec
1173 1778 1249 1845 inde
1267 1778 1422 1846 recedant
1440 1783 1505 1846 nisi
1526 1781 1590 1847 hiis
1612 1780 1721 1848 finitis.

302 1879 370 1946 Sub
390 1903 498 1968 poena
519 1879 730 1946 obedientiae.
774 1881 897 1947 Datum
917 1889 1099 1946 rectoratus
1121 1889 1180 1947 etc.
1207 1885 1294 1948 1484.

372 2087 422 2150 36.
453 2099 648 2150 usnnrrmr
666 2101 714 2148 nn
734 2098 978 2150 rrnmmsnsus
998 2098 1188 2146 rmncmuu
1206 2099 1251 2145 nr
1273 2097 1429 2148 amonim
1450 2099 1645 2148 maurinu

262 2191 292 2247 ¹5
836 2200 909 2248 sou
931 2197 1183 2247 orrnunaums.

383 2314 519 2380 Mandat
547 2315 694 2382 omnibus
719 2325 779 2382 ete.
806 2315 984 2382 districtius
1012 2313 1206 2398 inhibendo,
1244 2324 1400 2402 quatenus
1425 2311 1550 2380 nullum
1576 2315 1724 2404 ipsorum

300 2414 439 2504 aliquem
461 2437 503 2480 ex
525 2415 673 2498 vasallis,
696 2416 867 2482 clientibus
889 2435 946 2478 seu
965 2413 1182 2480 familiaribus
1204 2414 1495 2481 illustrissimorum
1517 2415 1723 2482 dominorum

301 2515 416 2582 ducum
439 2514 604 2582 Saxoniae
624 2539 663 2582 ac
683 2517 820 2582 aliorum
841 2513 1045 2580 dominorum
1068 2515 1137 2580 sive
1157 2524 1354 2602 magnatum,
1376 2515 1439 2581 hiis
1453 2514 1568 2580 diebus
1582 2517 1616 2581 in
1631 2539 1724 2603 prae·

300 2639 373 2680 sens
395 2615 551 2702 oppidum
573 2614 837 2697 adventurorum,
857 2611 993 2679 ubilibet
1014 2615 1210 2698 constitutis,
1231 2616 1341 2703 palam
1362 2614 1414 2680 vel
1436 2614 1559 2680 occulte
1581 2617 1723 2700 iniuriis,

259 2714 523 2795 20irrisionibus‚
551 2713 833 2780 inclamationibus
862 2735 920 2778 seu
948 2713 1021 2779 aliis
1049 2715 1247 2799 quibuslibet
1271 2715 1472 2781 contumeliis
1498 2715 1636 2800 afficiat,
1669 2727 1725 2782 aut

300 2813 540 2902 quomodolibet
580 2815 681 2880 verbo
715 2813 768 2880 vel
807 2813 893 2878 facto
929 2815 1084 2879 iniuriose
1120 2815 1276 2898 offendat,
1315 2838 1419 2905 neque
1458 2815 1599 2882 insultus
1638 2813 1723 2905 [18⁸]

302 2925 358 2982 aut
387 2915 549 3005 quaslibet
575 2915 657 2982 alias
678 2913 867 2981 insolentias
889 2914 1033 2978 excitare
1054 2937 1111 2980 seu
1132 2937 1340 3004 quoscunque
1361 2937 1514 2981 excessus
1535 2925 1725 3003 perpetrare

300 3026 496 3104 praesumat.
540 3015 609 3082 Sub
638 3039 744 3104 poena
765 3016 883 3081 decem
913 3012 1108 3080 florenorum
1136 3025 1192 3080 aut
1218 3015 1443 3102 relegationis,
1476 3015 1563 3081 ultra
1590 3037 1724 3103 poenas,

298 3119 389 3205 prius
419 3119 453 3182 in
483 3117 613 3184 statutis
643 3114 864 3182 universitatis
894 3113 934 3178 de
962 3123 994 3178 et
1021 3137 1119 3202 super
1145 3113 1331 3182 huiusmodi
1358 3114 1546 3181 excessibus
1574 3115 1724 3198 indictas,

257 3217 502 3283 huniversitati
523 3215 791 3284 irremissibiliter
813 3213 1109 3300 persolvendorum.
1152 3213 1278 3279 Datum
1298 3225 1357 3284 etc.

299 3408 348 3472 37.
377 3419 572 3468 33333333(
598 3420 668 3467 rao
696 3416 874 3467 oevmuno
907 3414 1216 3476 counucnunooua
1242 3415 1398 3476 aurnuns
1418 3415 1585 3466 3333333(
1607 3418 1726 3466 Parra

382 3533 520 3601 Mandat
541 3535 689 3602 omnibus
711 3543 742 3599 et
762 3531 897 3618 singulis
919 3531 1085 3616 magistris
1107 3541 1183 3599 etc:
1215 3541 1372 3618 quatenus
1399 3529 1496 3597 hodie
1524 3532 1607 3598 hora
1629 3555 1669 3600 .n.
1693 3535 1726 3598 in

302 3637 393 3702 curia
420 3633 549 3720 collegii
573 3657 610 3703 .n.
632 3633 784 3700 decenter
812 3629 974 3696 habituati
999 3632 1193 3696 conveniant
1214 3632 1256 3696 ad
1279 3630 1473 3697 audiendum
1497 3641 1529 3698 et
1549 3631 1725 3699 videndum

300 3736 537 3802 ordinationem
558 3756 771 3821 personarum
790 3731 885 3796 huius
907 3729 1137 3813 universitatis,
1156 3753 1216 3818 pro
1239 3731 1386 3797 sollemni
1403 3731 1657 3822 venerandaque
1670 3732 1727 3799 ob·

258 3837 443 3902 strictione
464 3844 497 3900 et
517 3832 678 3899 conductu
699 3830 963 3897 reverendissimi
984 3830 1018 3892 in
1040 3829 1171 3896 Christo
1194 3833 1297 3917 patris
1317 3841 1350 3897 et
1370 3830 1508 3915 domini,
1532 3832 1655 3898 domini
1676 3835 1723 3902 .N.

298 3935 399 4023 legati
423 3933 464 3998 (13
479 3932 598 4015 latere,
621 3955 680 4019 per
702 3933 939 3996 sanctissimum
961 3937 1020 3998 etc.
1043 3929 1206 3996 dominum
1227 3941 1374 3997 nostrum
1394 3931 1457 4015 .N.,
1477 3931 1590 3998 divina
1616 3935 1724 4020 provi-

301 4035 411 4101 dehtia
430 4055 551 4122 papam
572 4041 732 4114 octavum,
750 4033 784 4096 in
807 4030 907 4095 certis
918 4030 1034 4112 causis,
1056 4041 1174 4096 statum
1196 4040 1425 4098 sacrosanctae
1438 4031 1606 4098 Romanae
1626 4033 1725 4098 ecele-

302 4136 370 4200 siae
398 4132 685 4214 concernentibus,
712 4130 755 4196 ad
782 4130 868 4196 hanc
888 4130 1030 4216 pariam
1048 4131 1154 4212 missi,
1183 4132 1326 4196 crastina
1345 4129 1418 4196 luce
1439 4132 1726 4218 processionaliter

299 4231 450 4298 fiendam.
490 4231 558 4298 Sub
579 4231 783 4300 obedientiae
806 4251 921 4317 poena.
963 4228 1087 4294 Datum
1107 4239 1288 4296 rectoratus
1310 4230 1370 4296 sub
1392 4231 1452 4317 sig.
1474 4241 1535 4298 etc.

256 4428 290 4486 35
373 4423 423 4486 38.
450 4433 653 4498 manarum
674 4434 720 4482 aa
742 4429 879 4491 numme
901 4429 1091 4478 socruauo
1113 4429 1276 4478 rnurona
1298 4431 1478 4499 vicanus,
1500 4434 1645 4495 sarcum

793 4530 936 4578 mmmm
959 4529 1223 4578 passurumne.

380 4649 519 4716 Mandat
545 4647 694 4714 omnibus
722 4658 782 4714 etc.
813 4645 992 4712 districtius
1019 4643 1211 4726 inhibendo,
1241 4654 1399 4731 quatenus
1427 4645 1550 4714 nullum
1579 4649 1725 4736 ipsorum

300 4751 455 4837 deinceps
488 4750 628 4815 serotino
657 4759 804 4836 tempore
836 4755 911 4834 post
944 4767 1063 4809 nonam
1094 4746 1130 4810 in
1165 4752 1303 4830 aestate,
1331 4747 1366 4812 in
1389 4745 1495 4812 hieme
1527 4745 1614 4836 [18⁶]
1647 4771 1725 4816 vcro

299 4861 374 4941 post
394 4857 545 4916 octavam
565 4848 679 4914 horam
699 4849 735 4914 in
755 4847 872 4936 plateis
895 4855 990 4930 atque
1012 4853 1088 4908 ante
1109 4843 1244 4930 collegia
1264 4846 1317 4910 vel
1328 4845 1447 4912 bursas
1466 4847 1639 4934 spatiando
1656 4851 1725 4916 sive

259 4949 454 5038 tovsgando
480 4949 599 5033 vadat,
629 4971 733 5038 neque
760 4948 917 5014 clamores
944 4943 1117 5011 horribiles
1143 4953 1240 5032 atque
1260 4954 1372 5011 cantus
1393 4945 1589 5014 clamorosos
1610 4950 1644 5013 in
1665 4951 1724 5015 eis·

300 5049 375 5116 dem
399 5052 545 5134 suscitet,
572 5071 677 5138 neque
705 5071 798 5115 arma
825 5047 951 5112 deferat
977 5067 1035 5110 seu
1056 5043 1224 5132 pixidibus
1246 5055 1303 5111 aut
1322 5044 1510 5112 bombardis
1533 5069 1725 5134 quemquam

304 5150 475 5237 sagittando
503 5159 685 5238 perterreat
713 5147 766 5213 vel
795 5146 954 5230 offendat,
981 5165 1084 5232 neque
1111 5143 1250 5210 famulos
1279 5145 1438 5230 civitatis,
1467 5149 1556 5214 circa
1578 5146 1632 5213 vel
1652 5157 1725 5235 post
