3768 6072
317 501 378 564 214
888 497 942 546 Das
961 511 1055 560 grosse
1074 495 1178 560 Collsg.

318 679 396 768 quid
418 677 561 766 legitime
581 677 623 744 de
645 677 787 766 plurium
808 679 842 744 in
863 677 924 744 hoc
944 677 1078 765 collegio
1100 677 1261 744 concorde
1283 679 1444 746 sententia
1466 685 1622 744 statutum
1645 677 1749 743 firerit.

317 777 390 844 Mac
415 779 513 844 etiam
542 777 613 844 loco
636 776 810 843 secundum
832 777 979 843 ordinem
1006 778 1048 843 ab
1076 779 1209 866 antiquo
1238 778 1446 844 observatum
1474 778 1656 865 praepositi
1686 800 1749 842 mu·

317 899 395 942 nere
424 877 543 962 fungar
568 879 638 942 siue
659 878 862 942 recusatione
884 887 916 942 et
934 876 1025 960 illud,
1053 879 1137 942 sicut
1162 875 1299 960 debebo,
1327 877 1380 944 vel
1405 881 1477 965 ipse
1503 899 1618 964 geram
1640 875 1694 942 vel
1719 877 1750 942 in

319 999 358 1042 eo
379 976 522 1062 gerendo
545 999 679 1064 operam
708 975 853 1059 alterius,
879 979 935 1062 qui
963 1001 1045 1042 unus
1072 979 1115 1042 sit
1142 975 1183 1041 de
1207 998 1346 1063 corpore
1370 977 1498 1063 collegii
1525 975 1632 1058 huius,
1662 973 1750 1040 adhi-

282 1087 298 1140 t
326 1075 410 1142 bebo
430 1075 669 1163 perficiamque,
691 1098 732 1139 ne
753 1077 879 1161 integro
902 1098 1007 1140 annuo
1028 1086 1173 1162 tempore
1183 1073 1245 1138 hac
1266 1076 1300 1139 in
1321 1087 1416 1162 parte
1429 1073 1552 1160 aliquid
1568 1096 1643 1140 mea
1657 1072 1751 1160 culpa

322 1174 506 1240 detrimenti
528 1173 697 1258 collegium
721 1197 791 1238 sese
814 1177 981 1262 accepisse
1007 1176 1078 1239 iure
1106 1177 1260 1262 conqueri
1288 1196 1386 1262 posse
1408 1173 1567 1240 videatur
1609 1173 1679 1238 Ita¹
1701 1194 1749 1236 me

321 1273 400 1338 deus
422 1273 555 1338 adiuvet
576 1295 633 1359 per
659 1283 806 1342 sanctum
829 1273 1032 1360 evangelium
1055 1273 1180 1338 suum.“

405 1372 569 1438 Oneratur
591 1381 699 1436 autem
729 1374 863 1461 antiqua
884 1371 1115 1437 consuetudine
1144 1371 1199 1458 qui
1225 1373 1273 1437 ita
1299 1381 1468 1458 cooptatus
1493 1372 1553 1436 fuit
1577 1367 1751 1458 impendiis

319 1471 523 1560 quibusdam,
547 1471 587 1536 de
609 1470 727 1557 quibus
749 1493 817 1536 rem
839 1471 901 1537 hcc
923 1469 1018 1537 modo
1040 1493 1126 1536 nunc
1148 1469 1271 1557 placuit
1292 1470 1430 1536 deliniri.

281 1582 311 1635 10
404 1571 429 1636 I.
452 1570 604 1636 Ministro
627 1572 866 1656 cooptationem
886 1571 1044 1636 indicanti
1066 1567 1158 1634 dabit
1180 1592 1314 1634 aureum
1337 1593 1437 1635 unum
1459 1579 1491 1634 et
1512 1577 1692 1656 argentum.

400 1669 441 1734 11.
463 1671 652 1737 Accersitus
683 1668 726 1734 ad
758 1692 944 1734 consessum
976 1668 1105 1755 collegii
1138 1671 1247 1734 statim
1275 1665 1518 1754 numc[9]rabit
1547 1669 1617 1734 flor.
1640 1669 1671 1734 V
1694 1691 1750 1756 pro

319 1771 424 1856 primo
447 1791 581 1836 accessu
602 1778 634 1834 et
652 1767 939 1834 emolumentorum
961 1769 1103 1834 omnium
1131 1777 1199 1833 tam
1226 1768 1404 1833 cerevisiae
1431 1791 1527 1856 quam
1551 1777 1750 1833 caeterorum

319 1869 579 1957 participatione.
623 1867 715 1948 Quae
738 1869 876 1954 pecunia
897 1868 1005 1934 statim
1029 1869 1114 1932 inter
1137 1866 1279 1953 collegas
1302 1867 1524 1932 distribuetur.

403 1967 462 2032 ΠΙ.
483 1966 588 2031 Dabit
608 1967 660 2031 vel
682 1969 746 2054 ipsi
767 1965 819 2032 vel
841 1967 1037 2032 haeredibus
1060 1969 1140 2049 eius,
1164 1967 1218 2053 qui
1242 1966 1391 2048 decessit,
1413 1965 1482 2032 flor.
1496 1965 1562 2030 XV
1575 1967 1609 2029 in
1624 1973 1752 2029 moneta

281 2077 310 2132 15
320 2069 441 2132 usitata
460 2067 545 2132 intra
567 2068 707 2153 primum
729 2087 881 2150 mensem,
911 2089 994 2155 quae
1016 2067 1153 2154 pecunia
1176 2065 1218 2130 ab
1241 2087 1288 2148 eo,
1317 2067 1371 2152 qui
1397 2066 1432 2130 in
1452 2067 1555 2153 ipsius
1576 2063 1751 2149 aliquando

319 2166 426 2232 locum
447 2175 638 2252 surrogatus
660 2167 768 2247 luerit,
791 2165 940 2230 similiter
961 2163 1158 2251 rependetur
1179 2164 1232 2230 vel
1252 2167 1317 2251 ipsi
1338 2165 1391 2230 vel
1412 2164 1609 2230 haeredibus
1631 2164 1712 2228 eius.

401 2265 476 2330 ΗΠ.
498 2264 692 2330 Numerabit
713 2263 849 2350 collegio
871 2262 914 2330 ad
937 2273 1136 2330 structuram
1157 2263 1366 2352 peculiariter
1387 2263 1457 2328 flor.
1471 2263 1536 2328 XV
1557 2265 1592 2328 in
1613 2273 1752 2344 moneta,

320 2363 417 2450 idque
438 2366 525 2429 intra
544 2365 715 2428 trimestre.

403 2461 441 2526 V.
462 2463 546 2529 Cum
561 2473 671 2527 vetere
692 2461 923 2528 consuetudine
945 2483 1068 2528 anovo
1091 2461 1216 2548 collega
1238 2463 1421 2527 convivium
1444 2464 1601 2548 apparari
1623 2459 1753 2526 solenne

278 2571 385 2626 bonon
406 2561 544 2627 modicis
567 2561 726 2627 sumtibus
747 2583 879 2626 necesse
899 2559 1009 2643 fuerit,
1038 2561 1085 2626 ita
1105 2562 1212 2627 visum
1234 2571 1284 2626 est
1304 2561 1366 2628 hoc
1387 2573 1533 2649 tempore
1554 2583 1624 2626 rem
1645 2557 1752 2624 mode·

319 2662 401 2742 rari,
429 2671 464 2726 ut
492 2685 553 2750 pro
583 2662 739 2747 impensis
764 2662 797 2725 in
825 2662 1008 2726 convivium
1030 2659 1232 2726 insumendis
1255 2661 1408 2748 deinceps
1430 2663 1517 2726 intra
1538 2681 1684 2726 mensem
1707 2661 1753 2724 in·

320 2761 464 2825 ferantur
485 2761 520 2824 in
540 2761 655 2825 fiscum
678 2758 805 2846 collegii
828 2759 870 2825 ab
892 2781 1085 2846 unoquoque
1106 2780 1192 2824 novo
1215 2759 1340 2846 collega
1361 2761 1430 2826 flor.
1453 2759 1597 2826 XXXV.
1636 2757 1703 2838 Qui
1723 2767 1754 2822 ct

319 2861 383 2945 ipsi
405 2858 448 2922 ad
466 2861 666 2924 necessarios
687 2857 833 2924 fabricae
855 2869 887 2923 et
908 2858 990 2924 alios
1011 2881 1090 2925 usus
1113 2869 1330 2924 asserventur.

402 2957 459 3022 VI.
481 2957 585 3022 Dabit
607 2956 739 3042 collegis
760 2959 847 3022 intra
868 2979 1011 3022 mensem
1033 2979 1167 3024 caenam
1189 2959 1349 3044 frugalem
1370 2957 1421 3023 vel
1447 2963 1465 3022 7
1487 2957 1640 3022 florenos.

278 3065 311 3121 25
404 3057 477 3122 VII.
500 3055 561 3122 Vel
586 3057 657 3142 ipse
678 3056 730 3121 vel
752 3056 942 3144 paralium,
972 3057 1027 3142 qui
1049 3067 1158 3124 tamen
1180 3060 1222 3124 sit
1242 3061 1438 3146 optimarum
1459 3057 1577 3122 artium
1597 3058 1755 3142 magister

319 3165 444 3221 etcum
468 3154 626 3242 dignitate
648 3154 776 3242 collegii
805 3155 941 3220 aedibus
963 3177 1115 3242 praeesse
1138 3160 1242 3244 possit
1248 3207 1257 3240 ,
1285 3157 1490 3222 conventuris
1514 3177 1571 3219 seu
1593 3160 1755 3221 curatoris

319 3277 434 3321 munus
456 3251 521 3342 [¹0]
543 3255 609 3320 suis
629 3255 788 3320 sumtibus
812 3254 984 3320 sustinebit
1002 3256 1137 3338 tamdiu,
1160 3256 1263 3322 donec
1288 3256 1330 3321 ah
1359 3255 1420 3322 hoc
1448 3275 1545 3320 onere
1574 3277 1648 3319 cum
1677 3253 1756 3319 libe-

320 3355 442 3420 raverit
469 3353 563 3435 alius,
592 3355 648 3439 qui
670 3354 723 3420 vel
753 3363 827 3442 post
852 3365 988 3420 mortam
1011 3354 1062 3418 vel
1082 3355 1299 3422 voluntariam
1319 3355 1572 3440 resignationem
1594 3355 1692 3418 unius
1714 3375 1756 3418 ex

320 3453 452 3540 collegis
483 3453 602 3518 electus
631 3464 663 3518 et
694 3455 727 3517 in
757 3452 885 3537 collegii
917 3454 1105 3520 societatem
1134 3465 1284 3541 receptus
1314 3454 1420 3519 luerit.
1461 3453 1639 3519 Decretum
1671 3475 1757 3519 com-

278 3555 411 3618 mmuni
431 3555 573 3619 omnium
596 3551 795 3638 collegarum
820 3573 989 3634 consensu,
1012 3555 1199 3641 praeposito
1220 3553 1264 3622 D.
1285 3553 1449 3618 Zacharia
1470 3551 1641 3634 Schiltero,
1671 3575 1757 3618 anno

320 3662 379 3719 etc.
402 3651 447 3715 M.
470 3651 513 3714 D.
532 3649 707 3716 LXXXV.

405 3750 571 3829 Quantum
593 3771 670 3814 vero
692 3748 732 3813 de
754 3749 893 3835 pecunia
915 3749 1061 3836 corporis
1084 3759 1116 3814 et
1137 3750 1324 3832 cerevisiae,
1350 3751 1588 3818 habitationum
1610 3763 1643 3818 et
1666 3753 1758 3818 anni·

325 3849 543 3914 versariorum
572 3849 771 3913 antecessori
793 3847 846 3912 vel
872 3847 1068 3914 haeredibus
1095 3851 1165 3916 eius
1193 3849 1359 3933 debeatur,
1387 3851 1485 3938 paulo
1511 3863 1586 3940 post
1611 3852 1757 3941 explica·

322 3957 390 4012 tum
412 3955 635 4031 cognoscetur.

279 4121 313 4176 ³5
751 4121 777 4180 4.
798 4131 845 4177 na
869 4129 1022 4179 ormena
1046 4115 1320 4182 rsarsrrnmorus.²

407 4241 619 4328 Singulorum
640 4242 839 4330 collegarum
861 4243 1008 4330 singulae
1029 4245 1246 4312 habitationes
1266 4249 1300 4312 in
1322 4246 1372 4311 his
1395 4245 1530 4311 aedibus
1551 4246 1758 4313 scholasticis

324 4343 482 4429 principis
503 4341 682 4408 maioribus
705 4345 858 4431 propriae
881 4353 965 4408 sunt.
1009 4343 1092 4410 Cum
1117 4367 1182 4410 una
1210 4354 1318 4410 autem
1346 4343 1450 4411 libera
1477 4357 1647 4412 remaneat
1676 4367 1757 4410 sem·

326 4463 385 4528 per
406 4439 594 4507 decessione
616 4441 764 4525 ahcuius,
792 4442 887 4508 datur
909 4443 998 4530 optio
1021 4443 1153 4530 collegis
1177 4466 1268 4508 suam
1292 4445 1406 4532 cuique
1428 4467 1501 4510 curn
1528 4445 1585 4511 illa
1616 4469 1757 4512 mmmc-

321 4539 413 4604 tandi
439 4539 659 4627 incipiturque
686 4543 774 4628 optio
802 4541 883 4608 haec
908 4565 929 4607 a
959 4543 1064 4627 primo
1094 4551 1126 4607 et
1152 4542 1301 4630 procedit
1328 4543 1441 4608 ordine
1469 4544 1512 4608 ad
1539 4555 1698 4627 caeteros,
1727 4545 1758 4610 si

280 4639 449 4725 lopriores
475 4661 546 4702 eam
569 4640 735 4723 omittant,
764 4650 860 4728 atque
889 4641 935 4708 ita
962 4663 1027 4706 non
1055 4640 1268 4706 excludentur
1291 4641 1333 4706 ab
1361 4643 1422 4708 hac
1445 4645 1576 4730 optione
1600 4645 1757 4730 deinceps

321 4736 483 4820 absentes,
514 4737 571 4802 sed
600 4760 658 4803 suo
685 4738 755 4805 loco
780 4743 934 4828 cuiusque
961 4741 1044 4805 ratio
1070 4738 1250 4806 habebitur.
1295 4740 1360 4821 Qui
1385 4765 1463 4808 vero
1489 4743 1588 4829 eliget
1618 4742 1756 4809 alteram

322 4835 570 4919 habitationem,
590 4837 620 4902 is
644 4837 829 4904 numerabit
851 4862 899 4924 gr.
923 4845 947 4904 l.

401 5076 408 5124 1
430 5071 492 5126 Von
502 5069 646 5125 desselben
657 5070 740 5125 Hand
754 5068 1021 5142 nachgetragen,die
1030 5067 1102 5124 anch
1114 5069 1184 5125 oben
1196 5069 1240 5126 die
1252 5071 1432 5128 Eidesiormel
1446 5072 1657 5145 naehgetragen
1668 5073 1753 5128 hatte.

399 5163 412 5206 2
432 5154 531 5210 Diases
547 5171 637 5225 genae
655 5154 769 5226 Kapitel
788 5155 825 5210 ist
843 5158 936 5226 sptitcr
952 5153 1161 5210 durchstrichen
1179 5155 1297 5210 worden.
