3794 6066
712 453 831 504 Libellus
850 453 1009 506 tormer-ris.
1516 457 1574 522 125

153 639 216 704 rita
245 636 420 723 condignis
444 658 509 702 non
534 635 685 700 frustrari
706 637 877 724 praemiis,
905 659 978 702 eum
998 636 1106 723 ipsum
1128 633 1277 700 omnibus
1298 643 1330 700 et
1351 635 1503 720 singulis,
1533 635 1576 700 ad

155 759 234 826 quos
256 747 449 824 praesentes
470 745 601 802 nostrae
622 738 831 823 pervenerint
850 735 996 818 litterae,
1023 735 1174 802 duximus
1195 734 1332 800 fideliter
1350 734 1573 800 commendan-

153 835 245 920 dum,
276 837 449 902 sinceriter
473 845 640 920 rogantes,
670 845 827 924 quatenus
857 843 1114 924 praememorato
1139 834 1204 918 .N.,
1232 844 1415 901 nostrarum
1443 856 1575 921 precum

154 957 352 1023 suorumque
371 936 556 1000 meritorum
577 936 710 1018 intuitu,
730 935 870 1020 favoris,
890 934 1137 1018 benivolentiae,
1160 934 1372 1022 promotionis
1396 943 1428 998 et
1450 933 1576 1000 consilii

152 1035 314 1102 beneficia
334 1037 371 1100 in
393 1036 458 1100 suis
478 1033 592 1118 rebus,
613 1036 719 1100 causis
740 1045 771 1100 et
791 1037 945 1122 negotiis,
967 1036 1047 1101 actis
1067 1033 1119 1099 vel
1139 1033 1290 1120 agendis,
1311 1033 1493 1100 favorosius
1515 1036 1599 1098 iun-5

154 1137 271 1222 partiri
294 1134 488 1221 dignentur,
509 1156 569 1200 nos
592 1157 651 1223 per
671 1135 733 1200 hoc
753 1135 798 1201 ad
818 1135 1008 1217 consimilia,
1038 1135 1134 1198 immo
1161 1133 1258 1220 longe
1278 1136 1402 1198 maiora
1424 1133 1574 1220 benepla-

156 1238 294 1302 citorum
316 1257 442 1322 genera
462 1235 725 1320 constringentes.
769 1235 806 1298 In
827 1257 964 1323 quorum
985 1235 1128 1300 omnium
1149 1242 1180 1298 et
1202 1233 1400 1320 singulorum
1419 1235 1575 1320 praemis·

157 1357 266 1402 sonim
286 1333 405 1416 fidem,
425 1332 524 1400 robur
545 1355 584 1398 ac
606 1335 739 1400 evidens
760 1335 976 1400 testimouium
998 1332 1178 1400 antedictae
1199 1341 1330 1400 nostrae
1350 1331 1514 1400 facultatis
1535 1335 1575 1398 si·

156 1433 269 1521 gilium
291 1443 355 1499 etc.
377 1443 411 1500 ut
430 1435 531 1521 prius.

188 1605 237 1670 85.
272 1619 357 1666 ALIA
378 1617 495 1666 rom
516 1617 741 1666 LITTERARUM
763 1617 1018 1666 commotus
1039 1618 1107 1666 PRO
1130 1582 1247 1667 eunuc
1268 1617 1547 1667 siccatamve
1587 1609 1620 1666 10

756 1719 793 1765 lli
813 1718 970 1767 ARTIBUS.

238 1831 414 1898 Universis
435 1843 493 1900 etc.
514 1856 574 1899 nos
597 1833 644 1899 .N.
668 1841 726 1900 eto.
748 1855 822 1898 cum
849 1833 1106 1921 subscriptorum
1133 1832 1250 1898 notitia
1268 1831 1403 1898 salutem
1422 1831 1576 1900 felicium-

159 1955 218 2018 que
248 1954 460 1999 successuum
489 1930 541 2020 [39
550 1930 576 2022 ⁸]
605 1934 813 1999 incrementa
855 1933 927 1998 Etsi
953 1933 1098 1998 universi
1119 1931 1321 1998 orthodoxae
1340 1931 1418 1998 fidei
1437 1932 1577 2000 cultores

158 2055 221 2099 non
251 2031 353 2098 modo
383 2031 523 2098 naturali
551 2033 714 2119 aequitate
743 2055 856 2098 verum
890 2034 987 2098 etiam
1018 2032 1148 2097 divinae
1175 2030 1258 2117 legis
1287 2042 1462 2120 praecepto
1482 2033 1577 2099 fidele

158 2133 378 2198 testimonium
399 2131 570 2219 perhibere
593 2133 723 2199 veritati
744 2135 809 2198 sint
830 2134 964 2216 astricti,
986 2131 1086 2198 multo
1107 2133 1213 2218 magis
1232 2140 1342 2197 tamen
1358 2134 1517 2218 congruit,
1541 2143 1578 2198 ut
1588 2141 1618 2200 15

159 2231 269 2296 itidem
290 2230 332 2298 de
353 2229 417 2296 hiis
437 2231 512 2314 fiat,
541 2235 597 2318 qui
620 2255 678 2320 per
699 2234 788 2298 vitae
806 2235 953 2320 ipsorum
976 2233 1097 2319 spatia,
1125 2230 1283 2296 laudabili
1301 2253 1425 2298 morum
1449 2255 1578 2298 conver·

160 2335 286 2399 satione
308 2331 555 2418 comprobante,
585 2332 800 2420 reproborum
828 2332 962 2418 collegio
982 2332 1113 2398 minime
1134 2341 1321 2396 meruerunt
1342 2333 1577 2398 connumerari.

160 2431 244 2498 Sane
275 2453 349 2497 cum
376 2430 534 2496 discretus
562 2432 608 2497 .N.
640 2431 679 2496 de
708 2432 756 2496 .N.
784 2453 843 2519 per
879 2430 1002 2520 aliquot
1026 2441 1208 2518 temporum
1235 2431 1342 2518 spatia
1368 2432 1403 2496 in
1430 2432 1580 2520 praefata

160 2533 371 2598 universitate
400 2530 602 2597 scholasticis
624 2531 807 2619 disciplinis
828 2554 961 2618 operam
981 2530 1175 2618 impenderit
1196 2529 1397 2618 diligentem,
1425 2529 1579 2597 lectiones

160 2642 190 2697 et
211 2631 370 2696 exercitia
391 2651 564 2718 omnesque
583 2631 666 2697 alios
688 2641 721 2697 et
741 2631 884 2718 singulos
904 2641 1006 2714 actus,
1027 2630 1166 2718 gradum
1188 2630 1427 2697 bacealariatus
1447 2633 1480 2696 in
1503 2633 1622 2696 arti-2⁰

160 2731 220 2796 bus
241 2740 485 2812 concernentes,
507 2730 681 2796 seeundum
703 2730 865 2796 facultatis
887 2741 1017 2798 nostrae
1039 2739 1161 2796 statuta
1186 2741 1218 2796 et
1240 2731 1487 2798 eonsuetudines
1509 2730 1580 2796 dili-

162 2843 275 2916 genter
305 2832 364 2909 (uti
385 2831 531 2896 virorum
550 2830 789 2916 fidedignorum
811 2833 994 2919 accepimus
1015 2831 1212 2912 testimonio)
1235 2830 1445 2919 compleverit
1465 2831 1579 2896 decen-

160 2935 247 3019 tique
279 2931 540 3012 conversatione,
570 2929 715 2995 moribus
742 2930 880 3019 denique
911 2931 1097 3018 compositis
1120 2930 1295 2999 secundum
1318 2932 1367 2997 sui
1390 2940 1493 2996 status
1514 2933 1581 2996 exi-

161 3030 318 3116 gentiam,
340 3027 630 3096 commendabilem
650 3053 689 3094 ac
710 3029 847 3116 legalem
868 3051 938 3096 sese
957 3029 1131 3116 plurimum
1153 3029 1350 3113 exhibuerit,
1379 3039 1578 3120 quapropter

162 3139 457 3216 praememoratum
478 3129 525 3193 .N.
546 3129 641 3195 nobis
668 3131 835 3196 sinceriter
860 3129 1011 3194 dilectum
1033 3130 1195 3195 universis
1216 3138 1248 3194 et
1269 3128 1402 3216 singulis
1423 3131 1622 3218 personis,25

163 3233 379 3317 cuiuscunque
400 3237 512 3313 status,
536 3229 729 3294 conditionis
751 3231 820 3294 sive
841 3229 1008 3315 dignitatis
1030 3229 1205 3312 extiterint,
1227 3228 1344 3318 quibus
1365 3229 1427 3296 hae
1448 3239 1580 3295 nostrae

165 3329 396 3396 testimoniales
418 3329 544 3394 litterae
565 3329 730 3394 exhibitae
750 3329 878 3411 fuerint,
912 3329 1079 3392 sinceriter
1098 3329 1133 3392 in
1154 3325 1284 3394 domino
1308 3327 1579 3412 commendamus,

164 3429 378 3496 amicabiliter
405 3438 574 3514 rogantes,
604 3437 763 3514 quatenus
791 3427 896 3493 eidem
917 3428 963 3492 .N.
991 3449 1049 3513 per
1079 3449 1138 3496 nos
1160 3429 1221 3506 (uti
1242 3427 1471 3514 praemittitur)
1496 3451 1580 3494 eom·
1622 3455 1627 3472 ·

163 3529 314 3595 mandato
324 3578 333 3612 ,
355 3527 562 3616 supradictae
583 3527 746 3594 facultatis
769 3537 899 3594 nostrae
920 3526 1201 3614 contemplatione,
1223 3526 1469 3612 benivolentiae,
1490 3528 1579 3594 favo-

164 3631 226 3714 ris,
249 3629 464 3717 promotionis
486 3638 517 3692 et
538 3627 664 3694 consilii
686 3628 844 3694 beneficia
863 3630 897 3692 in
917 3627 984 3692 suis
1005 3625 1118 3709 rebus,
1140 3627 1248 3692 causis
1270 3635 1301 3690 et
1320 3629 1476 3714 negotiis,
1498 3630 1624 3696 audeat]

167 3727 392 3816 relegendis,
419 3728 601 3794 favorosius
633 3725 717 3816 [39¹³]
746 3729 910 3816 impartiri
931 3727 1111 3812 dignentm
1143 3725 1251 3807 *Quod
1272 3749 1351 3812 erga
1371 3751 1582 3817 unamquam-

165 3853 224 3917 que
252 3833 399 3917 ipsarum
428 3839 523 3913 grata
550 3827 774 3894 vicissitudine
799 3828 910 3895 sedulo
926 3849 1183 3922 ¹recompensare
1204 3827 1403 3894 conabimur.
1445 3830 1484 3896 In
1503 3851 1582 3917 quo·

166 3953 236 3996 rum
258 3930 401 3996 omnium
424 3940 456 3994 et
477 3929 677 4016 singulorum
697 3931 949 4016 praemissorum
968 3927 1082 4011 fidem,
1103 3927 1203 3994 robur
1225 3938 1283 3994 ete.

276 4102 325 4166 86.
354 4113 473 4164 scam
495 4115 719 4162 meramnum
741 4111 997 4162 corruerimus
1020 4111 1089 4161 sao
1111 4111 1326 4161 ssccmsmc
1348 4113 1476 4164 sicces

757 4212 989 4262 rssonoems.
1591 4205 1624 4264 35

247 4331 419 4398 Universis
446 4339 479 4397 et
508 4330 655 4418 singulis,
683 4333 868 4418 praesentia
892 4329 1012 4394 visuris
1038 4327 1090 4394 vel
1113 4327 1282 4411 audituris,
1307 4351 1366 4394 nos
1388 4329 1447 4415 .N.,
1469 4352 1582 4396 sacrae

166 4433 349 4518 theologiae
368 4431 533 4520 professor
555 4453 595 4496 ac
617 4431 766 4514 decanus,
790 4431 951 4518 ceterique
965 4429 1113 4516 magistri
1133 4426 1297 4494 facultatis
1318 4429 1463 4494 eiusdem
1477 4430 1583 4496 almae

168 4533 388 4600 universitatis
411 4529 510 4597 studii
531 4531 722 4618 Lipcnensis
737 4529 1016 4617 Merseburgensis
1036 4527 1173 4594 diocesis
1196 4526 1333 4593 salutem
1354 4528 1528 4616 plurimam
1548 4531 1582 4594 in

168 4634 309 4700 omnium
331 4631 501 4697 salvatore.
541 4629 624 4696 Cum
651 4631 797 4718 aequitas
825 4629 1013 4696 strationis
1034 4626 1187 4693 iudicium
1207 4627 1348 4715 postulet
1370 4652 1409 4694 ac
1429 4631 1582 4717 requirat,

166 4745 217 4817 ut,
237 4754 320 4822 quos
341 4755 465 4798 morum
487 4731 636 4819 probitas
656 4732 807 4816 vitaeque
828 4726 1031 4795 commendat
1052 4727 1218 4810 honestas,
1241 4727 1414 4794 eommdem
1436 4729 1625 4796 benene-4⁰

168 4835 231 4899 rita
252 4831 410 4899 laudabili
431 4832 635 4898 declarentur
655 4831 856 4913 testimonio,
884 4837 1057 4916 eapropter
1079 4828 1339 4913 recognoscimus
1359 4826 1488 4916 publice
1509 4850 1583 4916 pro·

170 4933 304 5016 fitentcs,
327 4942 524 4998 ostensorem
542 4932 770 5018 praesentium,
782 4931 837 5014 .N.,
859 4927 1011 4994 videlicet
1033 4927 1183 5014 insigniis
1203 4926 1445 5013 magistralibus
1467 4928 1584 4993 artium

170 5029 352 5098 liberalium
374 5034 408 5096 in
427 5032 551 5096 famoso
574 5029 718 5116 generali
741 5029 846 5096 studio
869 5030 915 5093 .N.
936 5028 1071 5094 mirifice
1092 5025 1292 5108 decoratum,
1318 5027 1352 5088 in
1371 5035 1482 5092 nostro
1504 5049 1583 5095 vero

170 5133 291 5215 studio,
319 5131 385 5196 suis
408 5131 613 5198 benemeritis
636 5139 668 5194 et
689 5129 890 5195 scholasticis
912 5127 1172 5194 exercitamentis
1195 5124 1414 5211 exigentibus,
1445 5126 1488 5192 ad
1510 5151 1584 5195 ean-
