3762 6074
505 484 599 536 anlle
618 465 881 546 Stsluteuredaction,
904 497 967 536 rom
984 485 1066 535 Jahre
1088 485 1159 537 1507.
1487 485 1546 549 495

121 683 219 748 quam
251 685 311 749 pro
339 666 538 750 magisterio,
568 667 627 732 sub
658 688 715 732 suo
743 665 938 731 iuramento¹
969 688 1115 730 asserere
1144 664 1241 730 debet
1268 685 1339 728 esse
1368 665 1547 748 asstrictus,

123 761 209 846 quod
230 762 324 825 iuxta
344 762 508 830 facultatis
530 769 648 831 artium
670 775 789 830 statuta
810 767 945 850 triginta
967 763 1238 853 disputationibus
1254 763 1429 829 ordinariis
1446 765 1547 850 magi·

35 871 38 878 '
123 869 263 926 atrorum
285 871 317 925 et
337 863 472 928 totidem
495 865 764 948 baccalariorum,
793 867 890 928 etiam
912 864 1096 946 ordinariis,
1125 864 1239 929 diebus
1262 863 1432 928 dominicis
1451 865 1548 928 inter·

122 961 193 1040 fuit,
216 968 282 1024 tam
304 959 360 1025 diu
380 961 428 1026 ibi
449 966 620 1048 manendo,
642 965 745 1030 donec
766 963 809 1028 ad
831 967 938 1028 missus
961 966 1100 1052 quinque
1122 965 1271 1050 magistri
1293 985 1350 1026 seu
1373 961 1548 1028 baccalarii

122 1059 304 1142 arguerint,
336 1062 364 1124 si
392 1061 506 1128 saltem
534 1074 583 1129 tot
611 1073 799 1151 praesentes
826 1065 953 1128 fuerim.
996 1064 1085 1128 Idem
1114 1064 1220 1127 facere
1247 1072 1396 1127 tenentur
1423 1085 1550 1148 promc-
1575 1073 1591 1128 ⁵

127 1157 222 1221 vendi
243 1180 308 1244 quo
330 1159 374 1224 ad
396 1184 472 1226 suas
494 1165 731 1251 responsiones,
753 1163 834 1248 ipsis
854 1163 1021 1246 magistris
1043 1173 1075 1226 et
1095 1161 1288 1226 baccalariis
1310 1163 1406 1225 iuxta
1428 1171 1550 1226 statuta

124 1256 194 1320 lieri
216 1268 397 1342 consuetas,
426 1263 602 1348 praecipue
626 1262 754 1350 quando
775 1262 1010 1346 recognitiones
1032 1264 1272 1346 magistrorum,
1303 1259 1418 1348 quibus
1441 1260 1552 1324 dieunt

125 1379 159 1418 se
179 1357 398 1442 respondisse,
419 1374 553 1448 propter
575 1361 755 1426 absentiam
777 1360 950 1425 eorundem
972 1359 1093 1424 habere
1114 1383 1178 1425 non
1200 1360 1339 1442 valeant,
1362 1383 1459 1447 super
1482 1362 1549 1448 qui-

123 1453 184 1519 bus
212 1455 354 1521 decanus
381 1468 528 1547 tempore
557 1460 807 1548 dispensationis
835 1481 1093 1544 unumquemque
1122 1459 1377 1545 promovendum
1406 1483 1551 1526 seorsum

123 1555 289 1640 requirere
312 1555 418 1640 debet,
440 1560 669 1647 interrogando
692 1559 734 1624 ab
755 1581 803 1640 eo,
824 1581 866 1622 an
887 1568 933 1622 tot
953 1558 1236 1644 disputationibus,
1261 1559 1344 1623 sicut
1365 1582 1406 1624 ex
1429 1570 1549 1624 statuto
1561 1571 1592 1624 10

125 1661 263 1726 tenetur,
286 1655 461 1722 ordinariis
482 1663 712 1745 magistrorum
734 1669 766 1722 et
787 1656 1045 1723 baccalariorum
1066 1660 1219 1740 interfuit,
1251 1659 1310 1722 sub
1332 1658 1440 1723 debito
1463 1661 1547 1724 iura·

124 1755 224 1818 menti
247 1757 409 1841 praestiti,
437 1758 523 1842 quod
543 1761 710 1824 iuraverat
732 1758 772 1822 de
792 1757 1000 1822 observantia
1022 1768 1223 1822 statutorum.
1265 1757 1301 1823 Si
1323 1780 1400 1822 vero
1421 1757 1551 1843 aliquod

124 1855 368 1938 suppositorum
391 1878 448 1921 seu
473 1859 765 1943 promovendorum
787 1857 973 1922 huiusmodi
1000 1858 1215 1922 iuramentum
1238 1859 1438 1922 recusaverit
1459 1879 1552 1944 prae·

127 1960 225 2034 stare,
249 1956 291 2018 sit
311 1957 384 2040 ipso
405 1955 491 2020 facto
512 1957 699 2044 impeditus.

213 2123 258 2184 16.
281 2137 455 2196 quomens
476 2141 684 2188 enecabant]
707 2140 833 2188 DIEBUS
855 2138 1034 2187 nemmem
1056 2138 1267 2187 TENEANTUR
1289 2139 1479 2187 naumann:
1566 2132 1596 2186 15

752 2239 928 2286 Abscissa.

211 2351 327 2417 Nullus
350 2352 605 2420 baccalariortun
628 2354 725 2419 debet
746 2355 874 2419 admitti
896 2353 939 2418 ad
960 2363 1156 2440 temptamen
1178 2376 1237 2440 pro
1249 2355 1352 2440 gradu
1365 2358 1554 2442 magisterii,

125 2456 190 2518 nisi
209 2455 243 2517 in
264 2454 479 2518 conscientia²
502 2477 562 2520 sua
584 2454 681 2536 dicat,
704 2455 789 2540 quod
811 2455 902 2541 prius
924 2455 956 2517 iu
977 2455 1112 2538 triginta
1131 2451 1405 2539 disputationibus
1427 2455 1554 2520 ordina-

125 2555 184 2618 riis
206 2552 466 2618 baccalariorum
487 2554 655 2639 arguebat,
679 2555 708 2618 si
730 2553 835 2619 locum
855 2551 1013 2638 arguendi
1035 2552 1155 2616 habere
1175 2562 1314 2637 poterat.

150 2724 197 2784 17.
222 2713 282 2803 [Bl.
302 2713 373 2803 36⁸]
397 2735 444 2782 na
466 2735 700 2785 arrtsurrrona
722 2737 1047 2786 usu1srasun0auu
1068 2736 1103 2782 ru
1125 2735 1270 2782 scsums
1293 2737 1357 2784 sus
1379 2737 1542 2786 nrsenrs·
1565 2731 1599 2786 to

682 2838 788 2884 mous
812 2835 1013 2885 oannauus.

212 2946 358 3028 Quilibet
384 2947 643 3016 baccalariorum
665 2953 698 3016 in
720 2953 845 3018 artibus
868 2952 979 3015 volens
1002 2951 1197 3037 promoveri,
1226 2973 1285 3036 pru
1311 2950 1433 3016 honore
1459 2951 1558 3016 lacul-

129 3049 206 3112 tatis
239 3049 357 3112 artium
389 3050 421 3112 in
456 3049 566 3114 decem
599 3050 873 3136 disputationibus
903 3050 1089 3130 ordinariis,
1118 3050 1152 3112 in
1184 3048 1296 3112 habitu
1328 3049 1455 3134 integro
1485 3061 1561 3115 ante

129 3147 332 3232 apertionem
361 3150 595 3234 temptaminis,
628 3172 649 3213 a
677 3151 839 3236 principio
868 3150 961 3213 tercii
989 3149 1200 3235 sophismatis
1228 3170 1394 3235 quousque
1420 3151 1561 3235 quinque

129 3249 281 3334 magistri
302 3247 495 3332 arguebant,
515 3259 556 3330 et,
577 3270 618 3312 ne
638 3248 872 3334 respondentes
894 3247 1055 3330 deficiant,
1078 3257 1213 3334 paratus
1235 3245 1277 3310 ad
1299 3247 1601 3332 respondendum25

129 3348 175 3412 ad
198 3369 434 3435 quamcumque
465 3356 592 3433 partem
613 3358 739 3411 tenetur
761 3369 961 3435 comparere,
988 3346 1048 3413 sub
1071 3369 1177 3433 poena
1198 3367 1264 3410 non
1289 3344 1495 3412 admissionis
1518 3346 1561 3410 ad

129 3456 330 3533 temptamen
353 3469 411 3512 suo
432 3457 588 3534 tempore.

415 3617 461 3680 18.
490 3630 536 3676 on
559 3627 698 3678 aarum
720 3631 765 3678 nr
789 3629 940 3678 uomens
963 3627 1288 3678 rsouovnuncauu.

214 3742 329 3809 Nullus
356 3744 545 3810 admittatur
567 3745 610 3810 ad
637 3768 773 3810 examen
797 3768 856 3832 pro
878 3744 983 3830 gradu
1005 3744 1244 3810 baccalariatus
1273 3747 1307 3808 in
1336 3743 1472 3828 artibus,
1499 3745 1562 3809 nisi

131 3845 280 3931 attigerit
311 3867 429 3908 annum
463 3844 622 3909 decimum
656 3847 843 3932 septimum,
885 3867 945 3908 nee
984 3867 1043 3931 pro
1075 3845 1281 3929 magisterio,
1319 3846 1383 3910 nisi
1417 3845 1562 3929 attigerit
1571 3854 1605 3909 30

131 3967 254 4009 annum
276 3943 464 4008 vicesimum
493 3945 644 4030 primum,
674 3955 706 4008 et
728 3944 767 4008 de
794 3943 952 4030 legittimo
980 3946 1186 4010 matrimonio
1214 3956 1309 4010 natus
1339 3947 1389 4027 sit,
1418 3954 1451 4010 et
1478 3945 1561 4010 alias

130 4042 278 4109 moribus
300 4041 566 4108 commendabilis
586 4046 718 4123 existat,
740 4044 787 4108 sic
808 4043 895 4130 quod
916 4044 949 4106 in
969 4043 1057 4109 nullo
1073 4065 1209 4108 excessu
1227 4042 1363 4110 notabili
1384 4055 1416 4109 et
1435 4047 1562 4110 notorio

131 4141 357 4230 deprehensus
378 4143 486 4224 fuerit,
514 4142 602 4229 quod
625 4143 665 4207 do
687 4141 829 4230 quolibet
851 4163 1006 4225 seorsum,
1036 4142 1159 4208 scilicet
1187 4143 1228 4207 de
1254 4154 1361 4207 aetate
1389 4153 1421 4208 et
1445 4144 1563 4230 legitti-

131 4243 257 4322 mitate,
289 4251 364 4305 ante
390 4242 620 4306 admissionem
645 4241 688 4306 ad
710 4263 849 4306 examen
869 4240 922 4306 vel
943 4252 1140 4329 temptamen
1161 4265 1220 4330 per
1243 4243 1400 4307 decanum
1422 4245 1563 4328 inquira-

131 4353 184 4406 tur
209 4339 392 4427 diligenter.
433 4340 524 4421 Quos
546 4342 643 4406 etiam
665 4340 901 4428 et'quemlibet,
923 4342 956 4404 in
979 4341 1098 4429 aliquo,
1120 4351 1156 4406 ut
1176 4343 1405 4428 praemittitur,
1427 4351 1606 4407 excessu&

131 4439 271 4506 notabili
292 4439 419 4505 notorio
441 4438 648 4526 culpabilem,
676 4439 811 4528 quilibet
834 4441 1065 4524 magistrorum
1096 4442 1201 4506 sciens
1221 4440 1437 4506 denuncciare
1457 4450 1566 4527 potest

133 4551 165 4606 et
194 4548 332 4621 tenetur,
361 4561 421 4604 nec
451 4541 549 4604 etiam
578 4541 612 4603 in
639 4551 804 4626 posterum
832 4539 906 4604 talis
931 4538 1131 4622 admittatur,
1158 4541 1221 4604 nisi
1248 4540 1330 4606 adeo
1358 4540 1565 4606 laudabiliter

134 4649 167 4704 et
185 4640 331 4703 virtuose
354 4661 389 4702 se
408 4640 545 4722 rexerit,
574 4638 659 4726 quod
683 4661 724 4702 ex
745 4648 912 4703 transacta
932 4640 1078 4703 virtuosa
1103 4640 1173 4703 eius
1195 4641 1265 4704 vita
1290 4641 1330 4705 dc
1356 4640 1564 4724 subsequenti

139 4740 389 4806 conversatione
421 4739 526 4824 ipsius
556 4736 712 4803 laudabili
745 4747 980 4824 praesumatur.
1022 4737 1066 4802 Et
1097 4737 1193 4802 mlem
1228 4763 1396 4804 excessum
1427 4736 1564 4802 facultas

134 4840 256 4902 artium
277 4845 408 4923 reputat
429 4836 605 4902 notabilem
635 4846 667 4901 et
687 4839 859 4919 notorium,
890 4836 930 4902 de
959 4858 1021 4924 quo
1050 4860 1109 4924 per
1138 4849 1297 4904 rectorem
1326 4848 1358 4903 et
1385 4849 1608 4904 assessoresto

224 5074 234 5123 l
255 5069 310 5123 Am
330 5068 438 5123 Raude:
461 5070 607 5140 Oblipacio
626 5071 838 5124 incrementorum
855 5077 894 5125 ast
909 5069 1018 5125 sabata
1039 5075 1103 5126 152⁰
1120 5073 1228 5127 ἀαψείο
1238 5071 1398 5143 sacedotes.

220 5159 236 5208 2
254 5153 309 5208 Aur
329 5153 441 5209 Raude:
464 5155 545 5210 Hace
561 5172 666 5225 qaroqioe
684 5154 824 5224 obligante
842 5155 958 5210 melota.
