3758 6072
324 401 385 468 408
813 397 866 450 Dia
887 397 1111 464 philosophante
1127 399 1256 452 ranas

324 585 393 650 dns
414 582 635 648 incarceratus
655 579 768 664 buerit,
789 580 842 648 vel
865 581 894 648 si
921 580 1072 670 publicus
1099 581 1340 649 meretricarius
1368 583 1483 668 firefit,
1513 583 1638 652 scilicet
1662 585 1741 675 quod
1852 603 1853 646 t

323 685 358 750 in
380 681 476 748 domo
495 680 706 748 habitationis
728 703 806 747 snae
827 680 996 748 mulierem
1016 689 1201 768 suspectam
1222 679 1354 770 publice
1380 685 1538 767 tennerit,
1560 682 1613 750 vel
1634 683 1676 750 ad
1694 709 1740 752 co
1852 715 1853 718 ¹

324 783 457 850 modum
477 779 598 846 bursae
620 803 699 847 suae
716 780 815 848 talem
834 779 1068 863 introduxerit,
1088 778 1142 846 vel
1171 779 1237 846 alia
1265 780 1360 848 domo
1389 805 1447 849 sen
1474 783 1670 852 domuncula
1694 787 1741 852 vel
1852 773 1853 820 ³

324 879 460 950 comodo
481 880 644 946 meretrici
666 879 817 968 publicae
838 880 890 948 vel
912 877 1139 947 meretricibus
1161 881 1301 968 publicis
1323 893 1534 950 conversatus
1563 885 1675 970 fuerit,
1695 887 1742 952 vel
1852 911 1853 940 1

282 995 299 1050 5
328 984 363 1048 in
384 978 614 1048 collacionibus
637 990 692 1046 ant
709 980 874 1070 prandiis,
896 981 954 1047 nbi
979 979 1077 1045 talem
1102 979 1157 1045 vel
1182 979 1264 1046 tales
1291 1003 1362 1047 esse
1389 984 1540 1068 sciverit,
1559 985 1676 1068 fuerit,
1694 986 1742 1052 vel
1852 967 1853 1022 l

324 1082 433 1148 locum
462 1087 664 1166 suspectum,
692 1079 844 1146 videlicet
870 1076 1103 1168 prostibulum,
1131 1080 1329 1164 visitaverit,
1357 1091 1389 1146 et
1419 1080 1461 1150 de
1487 1083 1549 1150 hoc
1582 1086 1741 1152 convictam
1852 1079 1853 1104 ³

325 1181 378 1248 vel
407 1179 573 1246 confessus
601 1177 652 1245 vel
679 1203 739 1268 per
766 1190 995 1246 conventorem
1024 1187 1159 1266 propter
1185 1179 1271 1246 buno
1304 1190 1336 1246 et
1364 1182 1539 1270 quemlibet
1566 1181 1665 1250 alium
1693 1207 1742 1250 ax·

329 1305 454 1348 cessum
478 1279 519 1344 de
539 1278 640 1344 bursa
662 1303 721 1345 sna
741 1279 895 1369 expulsus
916 1280 1024 1362 fuerit,
1045 1277 1097 1343 vel
1118 1279 1152 1342 in
1173 1279 1357 1366 prostibulo
1378 1283 1431 1348 vel
1452 1292 1548 1350 extra
1565 1282 1694 1372 publico
1712 1307 1742 1350 se
1852 1337 1853 1366 ,

327 1381 537 1470 percusserit,
558 1379 611 1445 vel
629 1380 677 1444 ibi
696 1378 869 1445 wlnsratus
899 1403 940 1444 ex
967 1378 1062 1466 culpa
1091 1399 1150 1442 sua
1176 1378 1274 1444 fuerit
1300 1391 1415 1470 captus
1436 1382 1490 1448 vel
1519 1381 1743 1470 deprehensns,
1852 1437 1853 1442 ,

286 1480 378 1549 lovel
395 1480 451 1568 qui
468 1479 512 1544 ad
527 1477 659 1544 taxilles
673 1480 707 1543 in
724 1479 868 1546 tabernis
883 1478 1013 1567 publice
1028 1476 1150 1558 luserit,
1169 1478 1221 1542 vel
1241 1479 1451 1547 hastiludium
1471 1483 1507 1547 in
1527 1483 1599 1548 foro
1621 1483 1743 1571 publice
1852 1483 1853 1488 ’

326 1579 526 1662 exercuerit,
549 1578 602 1644 vel
623 1580 680 1667 qui
700 1579 811 1645 verbis
839 1579 1003 1644 iniuriosis
1032 1574 1174 1664 aliquem
1200 1579 1433 1665 magistrorum
1461 1581 1591 1669 publice
1618 1582 1743 1648 laeserit

327 1679 380 1746 vel
399 1681 507 1766 ipsum
527 1678 682 1743 iniuriose
706 1679 920 1766 percusserit,
941 1676 993 1742 vel
1019 1675 1140 1740 firrtnm
1161 1675 1215 1740 vel
1244 1677 1323 1744 alios
1351 1701 1521 1764 excessus,
1544 1705 1627 1769 qnos
1653 1684 1742 1748 comi·
1852 1679 1853 1710 ¹

325 1786 414 1844 tatur
432 1777 568 1843 infamia
588 1776 641 1843 vel
662 1777 866 1860 scandalum,
888 1775 1086 1842 commiserit
1104 1773 1156 1838 vel
1185 1781 1434 1865 perpetraverit.
1477 1779 1626 1861 Quorum
1645 1781 1742 1847 nudus

329 1880 442 1960 eciam,
465 1879 494 1942 si
516 1875 557 1941 de
578 1875 687 1966 aliquo
708 1875 950 1965 praedictorum
972 1895 1165 1940 excessuum
1183 1888 1352 1964 suspectus
1372 1879 1425 1945 vel
1445 1881 1622 1946 infamatus
1643 1881 1744 1964 firerit,

287 1987 318 2044 tt
327 1978 393 2042 nisi
417 1999 452 2042 se
481 1975 522 2042 de
544 1975 603 2042 tali
628 1999 688 2064 per
714 1999 807 2042 snum
830 1977 1046 2041 iuramentum
1071 1978 1320 2062 expurgaverit,
1341 1976 1384 2043 ad
1418 2001 1572 2064 examen,
1596 1988 1634 2045 nt
1658 2003 1743 2068 prae

327 2077 463 2143 missum
484 2084 542 2158 est,
564 2074 787 2162 aliquomodo
809 2075 1006 2140 admittannr.

407 2175 490 2242 Item
517 2174 658 2240 decanus
686 2174 809 2240 nullum
834 2173 931 2240 debet
964 2169 1143 2258 inscribere
1172 2197 1232 2262 pro
1262 2177 1430 2260 examine,
1459 2177 1524 2242 nisi
1558 2179 1652 2264 prius
1685 2177 1743 2243 tals

325 2275 438 2342 fecerit
456 2276 689 2340 iuramentum:
720 2273 813 2361 „Ego
835 2273 884 2338 .N.
905 2275 993 2355 iuro,
1016 2269 1103 2357 quod
1124 2294 1185 2338 nec
1210 2276 1339 2340 actione
1365 2298 1425 2341 nec
1450 2275 1588 2358 ultione,
1609 2299 1670 2342 nec
1690 2299 1743 2364 per

327 2398 379 2440 me
398 2396 459 2440 neo
480 2395 540 2461 per
568 2373 685 2457 aliurn,
707 2373 829 2439 direme
855 2373 909 2439 vel
934 2372 1107 2454 indirecte,
1136 2371 1239 2438 verbo
1266 2373 1319 2439 vel
1346 2375 1433 2441 facto
1459 2375 1513 2440 vel
1541 2378 1659 2463 quovis
1686 2375 1742 2442 nlio

285 2473 423 2542 tomedo
433 2472 530 2538 velim
546 2495 598 2538 me
610 2471 788 2556 vindicare,
809 2472 837 2536 si
853 2472 896 2537 ad
913 2493 1052 2538 examen
1067 2492 1131 2536 non
1148 2469 1303 2538 admittar
1322 2473 1374 2540 vel
1394 2475 1498 2540 eciam
1518 2485 1594 2562 post
1614 2498 1744 2542 maman

324 2575 460 2656 reiciar,
481 2569 541 2637 sub
562 2593 667 2658 poena
689 2573 841 2660 periurii,
861 2571 948 2660 qnod
969 2579 1082 2636 contra
1100 2570 1224 2637 faciens
1245 2572 1318 2660 ipso
1340 2574 1427 2640 facto
1448 2575 1599 2657 incurro,
1621 2584 1654 2642 ot
1675 2598 1741 2640 cen·

326 2683 394 2738 tnm
423 2672 633 2754 florenorum,
655 2693 791 2758 quornm
817 2670 974 2736 medietas
1004 2669 1098 2736 cedat
1124 2668 1188 2754 illi,
1214 2694 1312 2758 quem
1340 2675 1388 2738 sic
1413 2673 1559 2757 offendo,
1582 2673 1651 2740 alia
1670 2697 1740 2740 vero

328 2772 486 2838 medietas
508 2769 603 2835 cedat
622 2769 779 2835 facultati.
823 2769 879 2836 Sic
898 2793 950 2837 me
971 2769 1052 2835 dens
1073 2767 1208 2836 adiuvet
1227 2780 1260 2836 et
1280 2783 1394 2838 sancta
1415 2773 1469 2838 dei
1494 2773 1702 2861 ewangelia“

444 2961 491 3022 10.
521 2972 569 3019 nn
591 2971 707 3020 ronna
725 2971 997 3022 uonnsrancnnr
1015 2969 1285 3020 numerosas
1306 2973 1352 3021 nr
1373 2960 1638 3024 rrursmronxs.¹

285 3099 319 3157 25
409 3089 491 3155 Item
511 3086 618 3153 nullus
639 3089 766 3154 actione
785 3086 837 3153 vel
858 3088 978 3153 ultione
985 3137 994 3170 ,
1015 3107 1075 3174 per
1096 3107 1132 3150 se
1149 3086 1203 3152 vel
1224 3111 1284 3174 per
1305 3087 1422 3174 aliurn,
1445 3088 1568 3156 directe
1588 3090 1642 3156 vel
1662 3092 1741 3157 indi·

326 3198 432 3273 recte,
454 3186 555 3253 verbo
576 3186 628 3252 vel
649 3188 735 3253 facto
758 3186 812 3252 vel
839 3207 1029 3275 quocunqne
1055 3183 1120 3250 alio
1150 3185 1245 3252 modo
1268 3188 1403 3275 impetat
1430 3187 1483 3254 vel
1509 3189 1662 3256 molestet
1692 3190 1743 3256 ali·
1852 3193 1853 3266 s

327 3311 424 3378 quem
447 3285 488 3352 de
515 3289 682 3374 magistris
702 3286 755 3351 vel
784 3285 1061 3352 examinatoribus
1089 3305 1150 3370 pro
1181 3307 1235 3370 eo,
1263 3287 1351 3374 quod
1378 3287 1517 3374 adquam
1546 3289 1588 3354 de
1614 3292 1682 3356 suis
1705 3289 1743 3355 ad

327 3409 464 3454 examen
478 3385 532 3452 vel
545 3385 684 3473 gradum
697 3385 934 3452 baccalariatus
946 3407 986 3450 ex
1004 3405 1105 3449 eausa
1126 3385 1315 3452 rationabili
1334 3410 1399 3454 non
1420 3387 1554 3454 admisit
1574 3387 1628 3454 vel
1649 3391 1743 3456 eciam

328 3487 465 3554 eundem
483 3486 578 3551 iuxta
598 3488 834 3552 conscienciam
852 3509 943 3550 suam
964 3494 997 3550 et
1017 3485 1233 3549 iuramentum
1254 3486 1426 3573 impedivit
1444 3487 1497 3553 vel
1518 3497 1685 3577 tamqnam
1701 3491 1742 3554 in-

286 3587 464 3674 wdignum
492 3586 614 3651 reiecit.
656 3585 862 3653 Contrarium
885 3585 1008 3650 faciens
1028 3582 1115 3648 ultra
1137 3593 1262 3650 reatum
1282 3588 1434 3673 periurii,
1453 3586 1541 3676 quod
1566 3589 1642 3676 ipso
1662 3590 1741 3655 facto

327 3686 473 3768 incurrit,
495 3693 527 3749 ct
546 3694 675 3750 centum
696 3685 889 3752 florenorum
910 3705 1058 3772 poenam,
1079 3703 1215 3771 quorum
1236 3685 1393 3751 medietas
1414 3685 1510 3751 cedat
1529 3685 1578 3752 illi
1601 3686 1654 3753 vel
1674 3687 1742 3771 illis,

328 3807 424 3874 quem
446 3781 499 3848 vel
520 3805 600 3871 quos
619 3785 666 3848 sic
688 3787 813 3872 impetit
831 3783 883 3850 vel
905 3783 1064 3864 molestat,
1086 3780 1151 3848 alia
1171 3783 1327 3851 medietas
1350 3783 1444 3851 cedat
1463 3784 1624 3872 facultati,
1647 3791 1742 3854 eciam

328 3893 484 3974 perpetue
504 3907 525 3948 a
546 3884 698 3950 facultate
725 3887 849 3951 arcium
879 3885 921 3950 sit
949 3881 1110 3950 exclusus.
1154 3881 1296 3950 Tenetm
1326 3887 1431 3952 eciam
1456 3885 1595 3952 facultas
1622 3887 1671 3952 illi
1696 3886 1740 3952 vel
1852 3971 1853 3976 ἵ

329 3984 415 4068 illis,
437 3983 493 4071 qni
514 3983 562 4048 sic
583 3985 748 4072 impetitur
770 3995 826 4052 ant
844 3986 1060 4072 impetuntur,
1082 3981 1272 4049 molestatur
1292 3995 1348 4054 am
1367 3984 1596 4070 molestantur,
1618 3985 1741 4053 realiter
1852 3977 1853 4020 l

288 4093 404 4150 etcum
426 4082 540 4150 effectu
563 4085 716 4152 assistere
737 4094 788 4170 et,
811 4086 838 4150 si
860 4105 942 4172 opus
961 4083 1073 4164 fuerit,
1095 4081 1199 4148 eciam
1226 4083 1286 4149 sub
1306 4087 1459 4172 expensis
1488 4083 1654 4152 facultatis
1675 4109 1740 4175 pro·

332 4185 414 4270 priis
434 4183 570 4250 eundem
587 4184 640 4251 vel
661 4184 809 4266 eosdem,
830 4184 933 4249 eciam
955 4205 976 4248 a
996 4179 1255 4270 quibuscunque,
1276 4187 1354 4250 totis
1374 4183 1500 4250 viribus
1521 4185 1739 4268 defensarent,
1852 4215 1853 4288 q

331 4291 485 4372 quantum
505 4285 539 4349 in
560 4285 621 4350 ea²
640 4285 752 4368 fuerit,
774 4305 963 4350 assecurare
983 4303 1044 4348 nec
1064 4303 1131 4347 non
1151 4281 1292 4348 totaliter
1314 4281 1498 4370 exbrigare.

613 4459 660 4519 11.
680 4470 727 4518 nn
748 4469 903 4518 anunm
922 4467 1048 4516 uonna
1066 4464 1186 4527 quoto
1208 4453 1471 4518 memmerunt

412 4583 494 4650 Item
515 4581 651 4670 quilibet
669 4585 897 4672 magistrorum
919 4581 959 4648 de
987 4579 1120 4648 consilio
1144 4581 1319 4668 facultatis,
1345 4607 1404 4672 per
1432 4583 1593 4654 decmnm
1612 4588 1647 4653 in
1667 4607 1736 4652 exa·

289 4669 555 4750 luminemorum
570 4684 753 4772 requisitus,
774 4693 901 4750 tenetur
922 4681 1068 4748 revelare
1089 4703 1242 4749 excessus
1263 4684 1422 4751 notabiles
1443 4693 1476 4751 ot
1495 4686 1736 4752 insufficiendus

420 4923 433 4974 1
451 4917 506 4974 Dis
524 4917 633 4974 Rubrik
650 4917 687 4971 ist
703 4921 760 4971 erat
776 4919 869 4988 spiter
884 4915 936 4970 mit
953 4913 1105 4970 sonmo
1122 4914 1206 4972 'linte
1223 4914 1441 4990 nachgetregen

416 5007 432 5058 2
451 5001 638 5059 Geschrieban
654 4999 728 5056 steht
746 5017 787 5074 co,

420 5089 435 5141 ³
452 5084 534 5142 Auch
549 5087 623 5142 diese
639 5085 747 5142 Rubnk
764 5085 801 5140 ist
816 5089 873 5140 eret
888 5086 981 5156 spate
997 5083 1049 5140 mit
1066 5081 1218 5143 schumet
1233 5085 1317 5144 'linte
1333 5087 1551 5160 molgon-gen
