3762 6074
347 503 407 568 534
840 499 889 550 Die
911 499 1133 564 philosophlrche
1150 497 1278 550 Facuitit.

345 686 452 773 primo
476 685 624 750 semestri
644 683 903 768 frequentaretur
925 681 1073 746 doctrina
1094 679 1225 769 puhbce
1246 681 1480 767 grammaticae
1501 701 1643 765 graecae
1664 691 1695 746 et
1721 680 1768 748 le·

345 787 433 850 tinae
448 787 467 868 ¹,
490 784 682 849 dialecticae
694 791 726 848 et
746 783 902 868 poeticae,
923 781 1065 846 secundo
1085 783 1234 846 semestri
1254 803 1382 846 rursum
1398 780 1634 866 grammaticae
1654 783 1767 846 utrius·

348 907 410 973 que
420 887 444 967 ²,
466 881 658 949 dialecticae
678 892 710 948 et
733 879 846 946 simulr
858 879 1023 946 betoricae
1038 889 1225 968 praecepta,
1238 881 1334 945 tertio
1348 901 1477 944 rursum
1492 880 1642 966 poeticae
1656 889 1688 946 et
1698 881 1769 946 rbe-

345 985 478 1067 toricee,
500 993 533 1048 et
553 993 724 1070 praeterea
742 979 899 1067 physicae
919 991 951 1044 et
971 980 1202 1045 mathematum
1214 977 1584 1044 elementaaudircutur.
1606 978 1698 1044 Haec
1708 981 1769 1066 igi-

303 1095 320 1149 5
348 1092 401 1149 tur
415 1085 462 1148 ita
477 1084 651 1148 constituta
668 1078 732 1168 [43]
748 1101 858 1144 omnes
875 1078 1039 1165 sequenda
1061 1079 1173 1160 scient,
1195 1079 1251 1166 qui
1273 1078 1336 1144 hac
1354 1079 1389 1142 in
1409 1085 1507 1164 parte
1521 1076 1697 1164 aliquando
1715 1101 1772 1166 pe

344 1185 456 1248 titores
476 1191 550 1246 sunt
569 1181 676 1246 futuri.
719 1177 885 1265 lidemque
907 1169 1021 1243 diebus
1045 1177 1221 1260 caniculae,
1241 1176 1359 1263 quibus
1386 1175 1555 1242 ordinaria
1583 1187 1617 1242 et
1638 1175 1769 1264 pnbhca

344 1281 492 1347 doctrina
509 1281 747 1359 intermittitur,
766 1277 959 1360 baculariis,
991 1277 1095 1342 honos
1125 1287 1255 1342 autores
1286 1275 1543 1364 explicantibus,
1580 1275 1767 1364 diligentem

345 1403 478 1466 operam
500 1379 579 1446 dare
601 1377 773 1444 debebunt.
1678 1403 1689 1414 ·

390 1587 417 1648 3.
447 1597 577 1646 CURRUS
608 1596 811 1664 srunlospst
833 1594 1089 1643 conrtcfflnuus
1111 1593 1164 1660 us,
1184 1594 1243 1654 Qu]
1267 1593 1433 1644 nomm
1454 1595 1550 1642 susm
1573 1594 1724 1644 vome.

304 1743 335 1798 10
430 1729 496 1812 Qui
517 1729 665 1814 magistri
687 1727 878 1814 dignitatem
900 1727 1039 1814 adipisci
1059 1725 1154 1806 volet,
1184 1727 1212 1790 is
1234 1725 1414 1791 studiorum
1433 1728 1593 1792 rationem
1610 1738 1772 1816 sequetur,

343 1853 439 1919 quam
460 1827 674 1893 subiiciemus.
712 1827 788 1892 Erit
808 1839 913 1892 autem
935 1835 1019 1891 totus
1040 1847 1154 1890 cursus
1176 1824 1356 1890 studiorum
1385 1835 1459 1890 ante
1482 1827 1672 1912 petitionem
1694 1829 1771 1891 anni

345 1933 419 1995 duo.
463 1925 535 2008 Quo
558 1925 690 2014 quidem
710 1936 856 2013 tempore
879 1927 967 1991 omni
986 1924 1118 1991 audient
1138 1923 1172 1990 bi
1194 1925 1411 2012 professorem
1433 1923 1661 2012 philosophiae
1681 1925 1771 1990 illum

343 2029 497 2095 eximium
509 2027 530 2108 ³,
552 2027 693 2114 itemque
713 2026 931 2112 professorem
953 2027 1119 2111 utriusque
1141 2023 1294 2110 linguae⁴
1327 2033 1360 2089 et
1380 2023 1477 2089 Fabii
1501 2023 1772 2110 explicatorem⁵,

344 2130 449 2216 primo
472 2135 577 2192 eutem
599 2127 745 2190 semestri
767 2135 799 2188 et
820 2124 962 2190 secundo
984 2127 1115 2212 insuper
1131 2123 1269 2212 physica
1283 2133 1314 2188 et
1332 2123 1441 2189 ethica
1453 2124 1653 2208 Aristotelis,
1674 2127 1770 2191 tertio

305 2241 335 2296 15
346 2238 377 2294 et
399 2237 513 2316 quarto
535 2235 664 2315 praeter
685 2223 766 2289 baec
787 2225 884 2290 etiam
905 2224 1141 2290 mathematicis
1167 2221 1351 2310 disciplinis
1371 2222 1561 2310 diligentem
1590 2233 1623 2289 et
1645 2225 1772 2313 praeci·

344 2349 443 2416 puam
465 2347 598 2412 operam
619 2321 753 2389 dabunt.

345 2535 373 2595 4.
396 2544 443 2592 DE
460 2538 685 2590 ΔΤΤΕΝΤῙΟΝΕ
706 2539 743 2586 IN
762 2539 937 2588 mscsrtvo
960 2541 1005 2588 ΕΤ
1025 2541 1070 2598 m,
1084 2539 1234 2588 luamus
1256 2539 1507 2588 conunoloaust
1521 2541 1774 2592 mlrs'rtons.

425 2673 608 2740 Audientur
640 2680 747 2738 autem
779 2671 980 2758 professores
1011 2671 1161 2760 publicae
1191 2669 1359 2738 doctrinae
1386 2672 1498 2738 sedulo
1526 2683 1559 2738 et
1586 2673 1771 2762 diligenter,

344 2797 409 2840 non
430 2773 624 2838 necessitato
644 2781 770 2836 tantum
793 2772 1062 2836 constitutionum
1083 2768 1147 2858 [tr]
1171 2770 1287 2836 barum
1320 2770 1378 2836 sed
1407 2773 1516 2837 animo
1544 2784 1576 2837 et
1605 2774 1773 2840 voluntate

303 2872 491 2941 201iheralis
524 2871 717 2956 cognitionis
749 2881 780 2934 et
807 2869 984 2957 cupiditate
1013 2869 1181 2935 doctrinae
1208 2879 1305 2958 atque
1331 2870 1532 2937 eruditionis.
1574 2873 1614 2938 Iu
1635 2875 1775 2941 aedibus

344 2972 472 3058 collegii
494 2972 648 3057 petitores
671 2971 795 3035 futuros
817 2970 974 3036 honorum
1003 2968 1265 3036 scholasticorum
1289 2969 1454 3054 babitare,
1484 2983 1572 3038 esset
1603 2977 1773 3062 optimum.

343 3073 379 3138 Si
401 3069 480 3159 quid
501 3081 618 3150 tamen,
640 3092 703 3156 quo
724 3072 830 3134 minus
850 3068 913 3135 hoc
930 3069 1030 3150 fieret,
1051 3069 1147 3134 alicui
1169 3071 1252 3135 forte
1267 3069 1442 3153 obstiterit,
1463 3072 1614 3138 volumus
1629 3085 1662 3140 et
1682 3073 1772 3140 iube

343 3195 414 3237 mus
436 3168 659 3248 nihilominus,
692 3191 765 3233 eum
797 3169 885 3256 apud
914 3179 1097 3234 curatorem
1129 3193 1185 3234 seu
1217 3179 1446 3236 conventuram
1474 3171 1606 3237 sedium
1636 3173 1774 3238 alicuius

343 3269 470 3356 collegii
491 3277 538 3346 (ut
561 3270 639 3350 eius,
659 3269 691 3330 in
713 3289 775 3354 quo
797 3266 995 3332 habitantem
1018 3269 1099 3334 forte
1113 3269 1304 3354 magistrum
1316 3269 1515 3356 peculiarem
1526 3270 1675 3350 habebit)
1697 3297 1773 3362 pro·

302 3372 427 3438 25fiteri
448 3389 564 3434 nomen
587 3389 681 3432 suum
702 3377 734 3430 et
755 3365 797 3430 ed
827 3369 1076 3432 exercitationes
1104 3367 1360 3456 disputationum
1386 3371 1526 3435 usitatas
1554 3375 1689 3460 vesperi
1715 3395 1774 3438 ve-

343 3471 414 3534 nire
434 3477 465 3532 et
485 3467 559 3532 eliis
579 3466 687 3550 rebus,
719 3465 837 3552 quibus
859 3465 1006 3546 decebit,
1038 3466 1165 3552 collegii
1197 3466 1284 3532 illius
1314 3469 1458 3534 actiones
1485 3469 1646 3536 adiuvare
1667 3481 1699 3536 st
1719 3495 1775 3536 or-

342 3591 432 3634 nare.
474 3565 578 3654 quue
600 3575 750 3652 tempore
774 3567 940 3652 petitionis
961 3567 1179 3652 untrsquisque
1206 3567 1389 3633 testimonio
1417 3571 1578 3635 curatoris
1611 3593 1669 3636 seu
1697 3593 1774 3636 con-

343 3668 486 3733 ventoris
508 3687 529 3729 a
550 3687 584 3729 se
606 3685 677 3730 esse
699 3673 874 3746 servatum,
896 3664 1030 3751 planum
1050 3665 1159 3730 facere
1180 3663 1320 3731 debebit

908 3851 935 3912 5.
957 3863 1005 3910 nn
1026 3863 1207 3912 nannents

303 3994 338 4050 30
429 3979 611 4047 ludicatum
634 3989 691 4062 est,
712 3979 853 4066 spatium
876 3977 918 4043 ad
941 3981 1135 4066 petitionem*
1150 4002 1271 4062 eorum,
1293 3983 1350 4068 qui
1362 3981 1521 4048 bacularii
1539 3983 1610 4048 fieri
1632 3987 1776 4073 cupiant,

345 4103 416 4146 esse
439 4081 641 4167 sesquianni3
663 4102 784 4160 eorum,
807 4080 862 4166 qui
883 4079 1042 4163 magistri,
1065 4101 1222 4144 annorum
1246 4078 1356 4147 duum.
1385 4081 1528 4164 Quodsi
1548 4085 1604 4172 qui
1625 4085 1708 4150 forte
1729 4109 1774 4150 ex

345 4181 418 4247 aliis
439 4178 613 4243 academiis
636 4179 791 4267 petitores
813 4177 1005 4242 advenerint
1026 4187 1058 4242 et
1079 4177 1301 4262 affirmabunt,
1322 4203 1357 4246 se
1372 4183 1441 4246 eius
1460 4185 1619 4270 temporis
1632 4207 1773 4267 cursum,
1867 4223 1868 4236 ι

344 4302 407 4366 quo
429 4277 482 4342 hic
502 4277 678 4342 secundum
702 4287 822 4342 statuta
850 4280 976 4341 versari
1005 4276 1211 4360 debuissent,
1260 4277 1339 4344 alibi
1368 4281 1547 4346 confecisse
1575 4293 1607 4348 et
1635 4283 1774 4349 coluisse

343 4378 400 4444 illa
422 4375 539 4457 studia,
562 4377 679 4464 quibus
699 4387 735 4441 ut
756 4376 850 4440 detur
872 4397 974 4462 opera
996 4377 1243 4464 praescribitur,
1276 4379 1300 4442 ii
1321 4379 1451 4466 publico
1473 4391 1530 4444 aut
1550 4393 1773 4466 cartaeorum,

302 4477 464 4567 35quibus
485 4477 752 4562 praeceptoribus
772 4477 823 4542 usi
845 4487 929 4558 sunt,
952 4477 1147 4558 testimonio,
1170 4476 1232 4542 hoc
1253 4478 1300 4541 ita
1327 4501 1362 4544 se
1384 4479 1516 4563 babere,
1549 4481 1773 4548 demonstrare

431 4751 439 4798 1
463 4739 556 4798 Detur
571 4740 609 4795 ist
625 4743 718 4811 spiiter
733 4739 913 4812 gescbrieben
932 4743 1043 4814 lfaprm
1053 4741 1200 4812 othum.

424 4833 439 4884 2
458 4825 550 4882 Deftir
566 4827 660 4896 spliter
677 4826 816 4894 ortuque
832 4825 950 4896 tim.

426 4917 441 4967 ³
460 4909 553 4965 Dafiir
570 4910 607 4964 ist
624 4909 717 4978 aptitcr
735 4908 914 4978 geschriehen
931 4915 1122 4980 professores
1138 4913 1245 4978 erponi.

427 5000 443 5051 t
466 4995 611 5064 Utriusque
628 4991 738 5060 tropum
755 4991 863 5046 scheint
880 4993 932 5048 auf
946 4993 1039 5048 Rarus
1057 5010 1091 5047 ru
1110 4993 1215 5049 steben
1250 4995 1332 5052 Aucb
1349 4995 1410 5053 bier
1427 5015 1486 5054 war
1503 4997 1624 5070 smangs
1633 4995 1700 5053 wohl
1716 5015 1770 5069 ge

342 5077 484 5134 schrieben
501 5077 698 5148 grammaticae
715 5076 861 5146 ιιινίωφιι.

427 5169 442 5220 5
460 5160 551 5216 Defiir
568 5161 604 5215 ist
621 5162 716 5230 spiiter
732 5159 911 5232 geschriebeu
929 5170 954 5216 et
971 5163 1043 5220 artis
1059 5163 1219 5224 rhetoricus.
