3794 6066
704 421 823 502 Libellus
843 425 1001 474 formulario.
1503 423 1558 486 121

155 601 234 692 [34⁸]
255 613 410 692 apparet,
438 625 480 669 ne
509 605 552 670 ad
572 606 805 671 correctionem
826 615 987 672 tantorum
1009 608 1176 672 criminum
1201 609 1248 670 eis
1270 605 1468 670 obiectorum
1490 621 1563 690 pro·

154 703 290 786 cedatur,
313 702 358 768 ad
379 725 434 770 eas
455 714 644 792 praetensas
666 704 900 795 appellationes
923 707 965 771 sit
985 729 1148 772 recursum
1158 756 1168 788 ,
1197 705 1238 771 ob
1269 704 1304 768 id
1326 703 1448 768 eisdem
1468 724 1560 788 prae-

152 804 248 870 tensis
269 825 310 868 ac
333 802 498 870 evidenter
518 806 645 872 frivolis
667 805 949 893 appellationibus,
970 807 1087 895 quibus
1110 807 1183 871 iura
1202 828 1267 870 non
1282 803 1439 884 deferunt,
1460 801 1562 867 nulla·

150 915 238 970 mnus
261 901 415 969 duximus
437 903 645 971 deferendum
665 927 768 992 neque
792 904 984 988 deferimus,
1012 905 1266 993 praenominatis
1286 903 1467 988 magistris,
1496 911 1562 965 tam

150 1005 342 1070 coniunctim
364 1025 460 1092 qnam
481 1004 622 1088 divisim,
644 1006 826 1093 praemissa
846 1005 933 1072 faeta
955 1005 1099 1072 sollemni
1121 1004 1352 1092 protestatione
1373 1001 1465 1066 salva
1481 999 1588 1066 haect

150 1127 207 1194 pro
225 1103 384 1192 apostolis
408 1103 525 1170 dando.

178 1277 225 1340 79.
255 1287 430 1338 nrnrnnsu
453 1287 729 1338 rnsrruomsnns
750 1287 995 1338 susconrsrs
1019 1290 1151 1338 sacrun
1171 1289 1248 1336 nnn
1268 1286 1412 1336 musam
1433 1284 1536 1334 snam

443 1387 490 1436 na
511 1389 660 1437 wnnnm
679 1389 941 1438 numnnsmums
962 1389 1115 1438 rosamo
1137 1389 1260 1438 oanan.

227 1503 348 1572 Coram
375 1504 535 1569 universis
563 1514 595 1568 et
623 1504 774 1590 singulis,
803 1505 846 1570 ad
873 1527 954 1594 quos
980 1515 1169 1593 praesentes
1196 1502 1402 1592 pervenerint
1424 1499 1561 1582 litterae,

147 1627 202 1671 nos
223 1601 415 1669 Gerhardns
435 1603 582 1668 Bisontal
604 1603 646 1668 de
667 1603 888 1693 Osterburgk‚
919 1607 1037 1670 artium
1066 1607 1235 1692 magister,
1263 1602 1424 1671 facultatis
1446 1609 1604 1666 carun-10

147 1704 217 1770 dem
243 1703 366 1769 mtium
394 1701 498 1767 almae
524 1705 746 1768 universitatis
778 1704 876 1770 studii
904 1704 1094 1792 Lipczensis
1115 1706 1393 1790 Merseburgensis
1424 1701 1562 1766 diocesis

148 1805 304 1885 decanus,
335 1809 467 1890 totaque
497 1805 708 1869 communitas
730 1806 873 1870 omnium
894 1815 925 1870 et
947 1806 1145 1892 singulorum
1169 1807 1398 1893 magistrorum
1420 1804 1454 1866 in
1475 1800 1563 1865 dicta

148 1903 298 1970 facultate
327 1911 402 1967 actu
428 1905 609 1989 regentium
637 1915 749 1969 tenore
779 1907 998 1992 praesentium
1024 1905 1154 1994 publice
1184 1905 1445 1990 recognoscimus
1466 1899 1562 1988 proli-

146 2015 260 2086 tentes,
289 2001 515 2068 honorabilem
542 2005 659 2086 virum,
682 2002 847 2069 dominum
867 2004 1042 2072 Iohannem
1068 2003 1171 2071 Fabri
1199 2005 1239 2071 de
1261 2003 1419 2084 Werdsa,
1447 2001 1563 2066 artium

145 2103 353 2191 magistrum,
387 2115 517 2167 noemae
549 2102 714 2168 facultatis
740 2103 920 2169 membrum
950 2115 983 2170 et
1014 2103 1173 2191 collegam
1202 2103 1373 2170 admodum
1402 2101 1564 2180 dilectam,
1575 2107 1605 2162 15

146 2213 216 2269 ante
238 2210 378 2290 quatuor
400 2223 501 2266 annos
522 2203 672 2288 proxIme
694 2205 887 2291 praeteritos
907 2203 1013 2269 officio
1036 2203 1222 2286 decanatus,
1245 2202 1288 2268 ad
1309 2225 1406 2290 quem
1425 2220 1563 2289 perma-

145 2306 279 2390 gistros,
308 2299 525 2388 praelibatam
554 2297 643 2388 [341‘]
671 2301 858 2368 facultatem
880 2305 997 2368 artium
1018 2313 1156 2391 protunc
1176 2310 1472 2390 repraesentantes,
1500 2320 1564 2364 non

145 2400 347 2469 obstantibus
376 2397 571 2487 quibusdam
589 2400 714 2466 frivolis
732 2401 876 2467 confictis
899 2423 938 2466 ac
960 2404 1088 2490 penitus
1109 2402 1200 2468 falsis
1221 2400 1482 2488 exceptionibus,
1505 2419 1564 2485 per

147 2513 251 2568 certos
280 2522 357 2566 suos
388 2498 530 2565 aemulos
553 2510 665 2566 contra
687 2523 760 2566 eum
780 2510 901 2567 temere
922 2504 1101 2590 propositis
1123 2513 1154 2566 et
1176 2500 1327 2584 obiectis,
1357 2503 1419 2566 rite
1448 2521 1487 2565 ao
1515 2521 1567 2563 ca-

145 2603 258 2667 nonice
280 2599 403 2666 electus
425 2599 504 2682 firit,
524 2600 700 2666 honorifice
721 2613 752 2664 et
774 2600 872 2688 digne
893 2601 1038 2668 frmctum
1059 2604 1169 2685 fuisse,
1191 2613 1265 2668 acta
1287 2623 1414 2689 quoque
1435 2609 1467 2664 et
1486 2598 1607 2663 acti-20

144 2710 215 2766 cata
244 2698 307 2765 sub
341 2699 447 2764 officio
478 2701 529 2764 sui
559 2698 736 2764 decanatus
765 2700 807 2766 de
834 2724 969 2767 assensu
995 2702 1113 2769 nedum
1139 2713 1211 2768 octo
1234 2702 1410 2782 seniorum,
1439 2698 1567 2764 adhoc

143 2803 234 2866 iuxta
256 2807 414 2865 statutum
435 2805 468 2862 et
480 2796 745 2864 consuetudinem
765 2799 870 2866 dictae
884 2801 1048 2867 facultatis
1060 2813 1320 2883 convocatorum,
1341 2799 1566 2865 verumetiam

143 2903 231 2965 iussu
252 2907 286 2965 et
307 2897 473 2964 voluntate
491 2899 591 2964 totius
610 2897 776 2963 facultatis
798 2923 857 2986 pro
878 2901 1010 2985 honore,
1033 2900 1166 2966 comodo
1187 2923 1227 2966 ac
1240 2900 1379 2966 utilitate
1392 2897 1565 2963 iamdictae

142 2998 304 3065 facultatis
327 2999 361 3062 in
381 2994 517 3080 librum,
550 2995 773 3062 conclusorum
796 3001 1007 3065 communiter
1027 3012 1265 3087 nuncupatum,
1288 3002 1380 3064 iuxta
1402 2997 1566 3086 quoddam

143 3109 297 3164 statutum
319 3097 479 3178 iuratum,
503 3105 600 3184 prout
619 3117 696 3162 vere
717 3107 810 3182 gesta
831 3107 863 3163 et
884 3107 958 3164 acta
981 3109 1090 3182 erant,
1111 3099 1249 3165 fideliter
1271 3100 1487 3186 inscripsisse,
1510 3097 1605 3161 cte-2⁵

142 3199 216 3264 hinc
237 3217 378 3288 quoque,
400 3196 552 3283 quoniam
571 3194 755 3262 huiusmodi
778 3199 1023 3285 inscriptionem
1044 3199 1123 3264 certi
1143 3201 1294 3285 magistri
1315 3198 1424 3264 dictae
1436 3197 1563 3261 univer-

142 3299 246 3364 sitatis
266 3297 464 3383 impugnare
484 3296 548 3360 nisi
569 3317 609 3361 ac
631 3297 702 3360 ausi
715 3296 845 3379 fixerint,
868 3296 928 3362 sub
950 3298 1110 3363 decanatu
1131 3297 1330 3364 honorabilis
1347 3297 1418 3379 viri,
1441 3294 1564 3360 domini

141 3397 290 3484 magistri
318 3393 506 3460 Wenceslai
533 3393 574 3460 de
601 3393 787 3478 Budweisa,
814 3395 994 3462 medicinae
1020 3395 1214 3480 baccalarii,
1242 3419 1300 3484 per
1330 3396 1503 3482 magistros
1529 3394 1563 3456 in

142 3495 332 3584 saepedicta
351 3493 505 3560 facultate
526 3504 601 3560 actu
622 3503 770 3582 regentes
793 3495 997 3562 concorditer
1020 3495 1206 3562 conclusum
1226 3497 1341 3562 fnisse:
1364 3494 1466 3582 quod,
1487 3492 1564 3577 qtria

141 3593 328 3661 huiusmodi
354 3615 435 3659 vera
460 3595 631 3683 inscriptio
657 3594 697 3660 de
725 3605 757 3662 et
783 3617 825 3662 ex
848 3595 1001 3662 mandato
1027 3597 1124 3662 totius
1142 3596 1322 3677 facultatis,
1350 3592 1605 3682 praecedentem

142 3697 238 3760 etiam
262 3715 400 3760 assensu
423 3703 495 3761 octo
515 3696 696 3778 seniorum,
720 3691 827 3761 debite
842 3718 888 3761 ac
908 3695 1047 3761 fideliter
1069 3695 1104 3760 in
1121 3695 1240 3761 librum
1262 3694 1485 3762 conclusorum
1507 3689 1562 3755 ob-

141 3797 271 3883 signata
297 3793 415 3877 firarit,
443 3793 576 3860 deberet
601 3795 805 3883 saepedictus
834 3797 989 3883 magister
1008 3795 1168 3862 Iohannes
1190 3795 1294 3860 Fabri
1313 3797 1427 3860 merito
1451 3817 1491 3859 ac
1512 3813 1562 3857 ra·

139 3889 443 3984 tiona[35·]biliter
466 3904 578 3960 contra
599 3916 806 3982 quoscunque
828 3897 1054 3982 impugnantes
1075 3894 1128 3961 vel
1142 3897 1334 3984 impugnare
1350 3892 1561 3982 praetenden-

140 4005 190 4062 tes
212 3991 400 4061 huiusmodi
419 3993 663 4080 inscriptionem
682 4017 740 4082 per
761 3993 976 4081 praelibatam
998 3995 1184 4061 facultatem
1206 3996 1282 4060 totis
1304 3994 1430 4059 viribus
1454 3991 1560 4058 defen·

140 4097 208 4161 sari
230 4092 505 4181 effectualiterque
526 4095 743 4177 manuteneri,
772 4103 870 4180 prout
890 4117 932 4159 ex
954 4097 1046 4178 actis,
1075 4093 1134 4159 sub
1157 4094 1317 4160 decanatu
1339 4093 1417 4159 dicti
1437 4092 1602 4159 dominice

139 4194 291 4283 magistri
304 4190 490 4258 Wenceslai
504 4193 680 4279 inscriptis,
703 4195 847 4282 conspici
867 4195 999 4282 poterit3
1021 4203 1313 4281 praememoratum
1335 4192 1472 4281 denique
1494 4213 1560 4255 ma-

140 4297 281 4382 gistrum
308 4290 485 4358 Iohannem
505 4291 607 4358 Fabri
632 4291 672 4358 de
692 4292 836 4359 Werdea
862 4316 946 4360 anno
973 4292 1096 4359 domini
1122 4293 1291 4358 millesimo
1313 4292 1562 4378 quadringente·

142 4398 225 4462 simo
254 4394 475 4478 octuagesimo
500 4414 587 4457 nono
610 4415 652 4458 ex
672 4393 825 4460 mandato
847 4403 880 4458 et
901 4393 1125 4458 commissione
1147 4391 1262 4457 decani
1282 4392 1443 4457 facultatis
1465 4411 1559 4478 prae·

142 4494 267 4561 libatae
292 4513 419 4558 necnon
443 4490 596 4557 concordi
616 4493 824 4582 unanimique
845 4513 1004 4558 consensu
1023 4491 1165 4557 omnium
1189 4501 1220 4557 et
1241 4492 1438 4578 singulorum
1461 4491 1563 4576 magi·

143 4605 286 4662 strorum
306 4591 511 4679 saepedictae
532 4591 695 4657 facultatis
717 4591 875 4680 quasdam
897 4589 1021 4656 litteras
1043 4590 1262 4678 responsales,
1285 4591 1319 4656 in
1339 4613 1438 4656 causa
1457 4591 1603 4676 magi-40

142 4703 283 4760 strorum
305 4690 432 4756 Nicolai
454 4690 634 4756 Schreiters
655 4690 695 4757 de
719 4691 858 4778 Koburg
878 4701 910 4756 et
930 4689 1084 4756 Andreae
1105 4690 1257 4756 Frisners
1280 4689 1320 4755 de
1334 4689 1505 4756 Wunsidel
1519 4688 1563 4753 ad

140 4791 380 4857 illustrissimos
410 4791 574 4878 principes
601 4800 633 4855 et
662 4789 826 4873 dominos,
855 4789 1002 4856 dominos
1030 4789 1251 4873 Fridericum,
1279 4791 1477 4855 sacrosancti
1498 4787 1558 4853 Ro·

142 4893 231 4958 mani
252 4890 384 4976 imperii
402 4889 731 4961 archimarschalcnm
752 4891 941 4972 electorem,
969 4899 1000 4954 et
1025 4889 1190 4954 dominum
1217 4890 1408 4971 Iohannem,
1436 4911 1562 4974 germa-

142 5012 219 5073 nos,
243 4989 345 5054 duces
366 4988 545 5073 Saxoniae,
573 4988 773 5074 lantgravios
795 4991 996 5076 Thuringiae
1022 4999 1054 5054 et
1080 4990 1282 5056 marchiones
1303 4987 1449 5052 Misenae
1470 4987 1564 5053 datas

143 5101 175 5156 et
203 5091 433 5174 nansmissas,
461 5091 554 5157 iuxta
584 5087 747 5154 dictamen
778 5099 811 5155 et
831 5088 1000 5156 consilium
1022 5089 1183 5154 dictorum
1205 5087 1318 5154 decani
1341 5097 1373 5151 et
1391 5089 1604 5174 magistro-ti
