<?xml version="1.0" encoding="UTF-8"?>
<!DOCTYPE html PUBLIC "-//W3C//DTD XHTML 1.0 Transitional//EN"
    "http://www.w3.org/TR/xhtml1/DTD/xhtml1-transitional.dtd">
<html xmlns="http://www.w3.org/1999/xhtml" xml:lang="en" lang="en">
 <head>
  <title>
</title>
<meta http-equiv="Content-Type" content="text/html;charset=utf-8" />
  <meta name='ocr-system' content='tesseract 3.04.00' />
  <meta name='ocr-capabilities' content='ocr_page ocr_carea ocr_par ocr_line ocrx_word'/>
</head>
<body>
  <div class='ocr_page' id='page_1' title='image "./diestatutenbche00leipgoog_0500.png"; bbox 0 0 3762 6074; ppageno 0'>
   <div class='ocr_carea' id='block_1_1' title="bbox 517 471 1546 540">
    <p class='ocr_par' dir='ltr' id='par_1_1' title="bbox 517 471 1546 540">
     <span class='ocr_line' id='line_1_1' title="bbox 517 471 1546 540; baseline 0.005 -14"><span class='ocrx_word' id='word_1_1' title='bbox 517 471 607 526; x_wconf 82' lang='lat' dir='ltr'><strong>Vierte</strong></span> <span class='ocrx_word' id='word_1_2' title='bbox 628 471 895 534; x_wconf 72' lang='lat' dir='ltr'><strong>snunnreuaoson,</strong></span> <span class='ocrx_word' id='word_1_3' title='bbox 912 488 966 526; x_wconf 84' lang='lat' dir='ltr'><strong>ron</strong></span> <span class='ocrx_word' id='word_1_4' title='bbox 985 471 1158 528; x_wconf 77' lang='lat' dir='ltr'><strong>ttae-1522.</strong></span> <span class='ocrx_word' id='word_1_5' title='bbox 1486 475 1546 540; x_wconf 82' lang='lat'><strong>479</strong></span> 
     </span>
    </p>
   </div>
   <div class='ocr_carea' id='block_1_2' title="bbox 57 647 1602 4015">
    <p class='ocr_par' dir='ltr' id='par_1_2' title="bbox 122 647 1548 842">
     <span class='ocr_line' id='line_1_2' title="bbox 122 647 1548 742; baseline 0 -20"><span class='ocrx_word' id='word_1_6' title='bbox 122 679 230 740; x_wconf 86' lang='lat' dir='ltr'><strong>nosse,</strong></span> <span class='ocrx_word' id='word_1_7' title='bbox 252 665 285 722; x_wconf 89' lang='lat' dir='ltr'><strong>et</strong></span> <span class='ocrx_word' id='word_1_8' title='bbox 308 679 486 742; x_wconf 84' lang='lat' dir='ltr'><strong>procurare</strong></span> <span class='ocrx_word' id='word_1_9' title='bbox 506 655 626 722; x_wconf 90' lang='lat' dir='ltr'><strong>bonum</strong></span> <span class='ocrx_word' id='word_1_10' title='bbox 646 647 821 724; x_wconf 83' lang='lat' dir='ltr'><strong>facultatis.</strong></span> <span class='ocrx_word' id='word_1_11' title='bbox 862 655 918 722; x_wconf 86' lang='lat' dir='ltr'><strong>Sic</strong></span> <span class='ocrx_word' id='word_1_12' title='bbox 945 677 998 722; x_wconf 90' lang='lat' dir='ltr'><strong>me</strong></span> <span class='ocrx_word' id='word_1_13' title='bbox 1033 654 1113 722; x_wconf 89' lang='lat' dir='ltr'><strong>deus</strong></span> <span class='ocrx_word' id='word_1_14' title='bbox 1139 654 1272 722; x_wconf 85' lang='lat' dir='ltr'><strong>adiuvet</strong></span> <span class='ocrx_word' id='word_1_15' title='bbox 1299 664 1332 720; x_wconf 91' lang='lat' dir='ltr'><strong>et</strong></span> <span class='ocrx_word' id='word_1_16' title='bbox 1351 663 1463 720; x_wconf 85' lang='lat' dir='ltr'><strong>sancta</strong></span> <span class='ocrx_word' id='word_1_17' title='bbox 1495 653 1548 722; x_wconf 92' lang='lat' dir='ltr'><strong>dei</strong></span> 
     </span>
     <span class='ocr_line' id='line_1_3' title="bbox 124 755 327 842; baseline -0.005 -21"><span class='ocrx_word' id='word_1_18' title='bbox 124 755 327 842; x_wconf 79' lang='lat' dir='ltr'><strong>evangelia.“</strong></span> 
     </span>
    </p>

    <p class='ocr_par' dir='ltr' id='par_1_3' title="bbox 122 853 1590 1140">
     <span class='ocr_line' id='line_1_4' title="bbox 206 853 1545 942; baseline -0.002 -23"><span class='ocrx_word' id='word_1_19' title='bbox 206 855 309 938; x_wconf 90' lang='lat' dir='ltr'><strong>„Item</strong></span> <span class='ocrx_word' id='word_1_20' title='bbox 330 855 412 936; x_wconf 91' lang='lat' dir='ltr'><strong>iuro,</strong></span> <span class='ocrx_word' id='word_1_21' title='bbox 434 853 521 939; x_wconf 89' lang='lat' dir='ltr'><strong>quod</strong></span> <span class='ocrx_word' id='word_1_22' title='bbox 542 855 627 920; x_wconf 87' lang='lat' dir='ltr'><strong>infra</strong></span> <span class='ocrx_word' id='word_1_23' title='bbox 648 879 778 939; x_wconf 90' lang='lat' dir='ltr'><strong>annum,</strong></span> <span class='ocrx_word' id='word_1_24' title='bbox 799 878 819 920; x_wconf 90' lang='lat' dir='ltr'><strong>a</strong></span> <span class='ocrx_word' id='word_1_25' title='bbox 838 854 902 918; x_wconf 87' lang='lat' dir='ltr'><strong>fine</strong></span> <span class='ocrx_word' id='word_1_26' title='bbox 918 856 1077 919; x_wconf 82' lang='lat' dir='ltr'><strong>examinis</strong></span> <span class='ocrx_word' id='word_1_27' title='bbox 1091 853 1318 942; x_wconf 91' lang='lat' dir='ltr'><strong>computando,</strong></span> <span class='ocrx_word' id='word_1_28' title='bbox 1341 855 1375 917; x_wconf 93' lang='lat' dir='ltr'><strong>in</strong></span> <span class='ocrx_word' id='word_1_29' title='bbox 1393 855 1457 918; x_wconf 89' lang='lat' dir='ltr'><strong>ista</strong></span> <span class='ocrx_word' id='word_1_30' title='bbox 1476 853 1545 916; x_wconf 92' lang='lat' dir='ltr'><strong>uni·</strong></span> 
     </span>
     <span class='ocr_line' id='line_1_5' title="bbox 122 950 1544 1041; baseline -0.001 -23"><span class='ocrx_word' id='word_1_31' title='bbox 122 955 279 1022; x_wconf 80' lang='lat' dir='ltr'><strong>versitate</strong></span> <span class='ocrx_word' id='word_1_32' title='bbox 300 955 335 1018; x_wconf 89' lang='lat' dir='ltr'><strong>in</strong></span> <span class='ocrx_word' id='word_1_33' title='bbox 356 952 481 1020; x_wconf 90' lang='lat' dir='ltr'><strong>artibus</strong></span> <span class='ocrx_word' id='word_1_34' title='bbox 501 955 646 1041; x_wconf 81' lang='lat' dir='ltr'><strong>incipere</strong></span> <span class='ocrx_word' id='word_1_35' title='bbox 665 954 779 1037; x_wconf 86' lang='lat' dir='ltr'><strong>velim,</strong></span> <span class='ocrx_word' id='word_1_36' title='bbox 814 955 878 1020; x_wconf 88' lang='lat' dir='ltr'><strong>nisi</strong></span> <span class='ocrx_word' id='word_1_37' title='bbox 900 955 1072 1020; x_wconf 85' lang='lat' dir='ltr'><strong>terminum</strong></span> <span class='ocrx_word' id='word_1_38' title='bbox 1094 977 1113 1019; x_wconf 92' lang='lat' dir='ltr'><strong>a</strong></span> <span class='ocrx_word' id='word_1_39' title='bbox 1133 953 1287 1020; x_wconf 71' lang='lat' dir='ltr'><strong>facultate</strong></span> <span class='ocrx_word' id='word_1_40' title='bbox 1309 954 1434 1018; x_wconf 86' lang='lat' dir='ltr'><strong>arcium</strong></span> <span class='ocrx_word' id='word_1_41' title='bbox 1454 950 1544 1028; x_wconf 64' lang='lat' dir='ltr'><strong>,obti-</strong></span> 
     </span>
     <span class='ocr_line' id='line_1_6' title="bbox 124 1052 1590 1140; baseline -0.003 -22"><span class='ocrx_word' id='word_1_42' title='bbox 124 1075 225 1120; x_wconf 87' lang='lat' dir='ltr'><strong>nuero</strong></span> <span class='ocrx_word' id='word_1_43' title='bbox 247 1052 434 1140; x_wconf 83' lang='lat' dir='ltr'><strong>longiorem.</strong></span> <span class='ocrx_word' id='word_1_44' title='bbox 1573 1059 1590 1114; x_wconf 82' lang='lat'>5</span> 
     </span>
    </p>

    <p class='ocr_par' dir='ltr' id='par_1_4' title="bbox 126 1149 1550 1318">
     <span class='ocr_line' id='line_1_7' title="bbox 208 1149 1550 1241; baseline -0.002 -24"><span class='ocrx_word' id='word_1_45' title='bbox 208 1153 321 1236; x_wconf 90' lang='lat' dir='ltr'><strong>„Item,</strong></span> <span class='ocrx_word' id='word_1_46' title='bbox 344 1151 431 1240; x_wconf 91' lang='lat' dir='ltr'><strong>quod</strong></span> <span class='ocrx_word' id='word_1_47' title='bbox 450 1175 515 1218; x_wconf 92' lang='lat' dir='ltr'><strong>non</strong></span> <span class='ocrx_word' id='word_1_48' title='bbox 534 1149 633 1218; x_wconf 87' lang='lat' dir='ltr'><strong>velim</strong></span> <span class='ocrx_word' id='word_1_49' title='bbox 654 1153 798 1239; x_wconf 84' lang='lat' dir='ltr'><strong>incipere</strong></span> <span class='ocrx_word' id='word_1_50' title='bbox 818 1155 852 1217; x_wconf 90' lang='lat' dir='ltr'><strong>in</strong></span> <span class='ocrx_word' id='word_1_51' title='bbox 874 1151 999 1218; x_wconf 88' lang='lat' dir='ltr'><strong>artibus</strong></span> <span class='ocrx_word' id='word_1_52' title='bbox 1022 1155 1087 1218; x_wconf 92' lang='lat' dir='ltr'><strong>nisi</strong></span> <span class='ocrx_word' id='word_1_53' title='bbox 1108 1155 1209 1241; x_wconf 89' lang='lat' dir='ltr'><strong>petito</strong></span> <span class='ocrx_word' id='word_1_54' title='bbox 1230 1153 1343 1218; x_wconf 85' lang='lat' dir='ltr'><strong>favore</strong></span> <span class='ocrx_word' id='word_1_55' title='bbox 1357 1175 1377 1216; x_wconf 90' lang='lat' dir='ltr'><strong>a</strong></span> <span class='ocrx_word' id='word_1_56' title='bbox 1396 1149 1550 1216; x_wconf 76' lang='lat' dir='ltr'><strong>facultate</strong></span> 
     </span>
     <span class='ocr_line' id='line_1_8' title="bbox 126 1251 467 1318; baseline -0.006 0"><span class='ocrx_word' id='word_1_57' title='bbox 126 1255 252 1318; x_wconf 89' lang='lat' dir='ltr'><strong>arcium</strong></span> <span class='ocrx_word' id='word_1_58' title='bbox 274 1261 306 1316; x_wconf 89' lang='lat' dir='ltr'><strong>et</strong></span> <span class='ocrx_word' id='word_1_59' title='bbox 327 1251 467 1318; x_wconf 90' lang='lat' dir='ltr'><strong>obtento.</strong></span> 
     </span>
    </p>

    <p class='ocr_par' dir='ltr' id='par_1_5' title="bbox 127 1348 1592 1636">
     <span class='ocr_line' id='line_1_9' title="bbox 210 1348 1552 1437; baseline -0.001 -23"><span class='ocrx_word' id='word_1_60' title='bbox 210 1351 312 1434; x_wconf 87' lang='lat' dir='ltr'><strong>„Item</strong></span> <span class='ocrx_word' id='word_1_61' title='bbox 332 1350 423 1436; x_wconf 90' lang='lat' dir='ltr'><strong>quod</strong></span> <span class='ocrx_word' id='word_1_62' title='bbox 443 1351 529 1414; x_wconf 90' lang='lat' dir='ltr'><strong>infra</strong></span> <span class='ocrx_word' id='word_1_63' title='bbox 550 1349 762 1437; x_wconf 81' lang='lat' dir='ltr'><strong>quindenam,</strong></span> <span class='ocrx_word' id='word_1_64' title='bbox 798 1373 819 1414; x_wconf 89' lang='lat' dir='ltr'><strong>a</strong></span> <span class='ocrx_word' id='word_1_65' title='bbox 839 1350 903 1414; x_wconf 90' lang='lat' dir='ltr'><strong>fine</strong></span> <span class='ocrx_word' id='word_1_66' title='bbox 925 1351 1086 1415; x_wconf 79' lang='lat' dir='ltr'><strong>examinis</strong></span> <span class='ocrx_word' id='word_1_67' title='bbox 1109 1349 1342 1437; x_wconf 90' lang='lat' dir='ltr'><strong>computando,</strong></span> <span class='ocrx_word' id='word_1_68' title='bbox 1370 1349 1467 1415; x_wconf 87' lang='lat' dir='ltr'><strong>velim</strong></span> <span class='ocrx_word' id='word_1_69' title='bbox 1491 1348 1552 1414; x_wconf 92' lang='lat' dir='ltr'><strong>sol·</strong></span> 
     </span>
     <span class='ocr_line' id='line_1_10' title="bbox 127 1447 1552 1537; baseline 0 -22"><span class='ocrx_word' id='word_1_70' title='bbox 127 1473 204 1515; x_wconf 89' lang='lat' dir='ltr'><strong>vere</strong></span> <span class='ocrx_word' id='word_1_71' title='bbox 225 1448 373 1515; x_wconf 85' lang='lat' dir='ltr'><strong>facultati</strong></span> <span class='ocrx_word' id='word_1_72' title='bbox 392 1451 482 1514; x_wconf 87' lang='lat' dir='ltr'><strong>tres¹</strong></span> <span class='ocrx_word' id='word_1_73' title='bbox 510 1447 652 1515; x_wconf 90' lang='lat' dir='ltr'><strong>florenos</strong></span> <span class='ocrx_word' id='word_1_74' title='bbox 679 1473 830 1515; x_wconf 90' lang='lat' dir='ltr'><strong>renenscs</strong></span> <span class='ocrx_word' id='word_1_75' title='bbox 852 1471 912 1537; x_wconf 92' lang='lat' dir='ltr'><strong>pro</strong></span> <span class='ocrx_word' id='word_1_76' title='bbox 933 1449 1069 1534; x_wconf 78' lang='lat' dir='ltr'><strong>signeto,</strong></span> <span class='ocrx_word' id='word_1_77' title='bbox 1091 1451 1154 1514; x_wconf 88' lang='lat' dir='ltr'><strong>nisi</strong></span> <span class='ocrx_word' id='word_1_78' title='bbox 1175 1475 1195 1515; x_wconf 93' lang='lat' dir='ltr'><strong>a</strong></span> <span class='ocrx_word' id='word_1_79' title='bbox 1210 1449 1362 1516; x_wconf 88' lang='lat' dir='ltr'><strong>facultate</strong></span> <span class='ocrx_word' id='word_1_80' title='bbox 1383 1449 1552 1515; x_wconf 89' lang='lat' dir='ltr'><strong>obtinuero</strong></span> 
     </span>
     <span class='ocr_line' id='line_1_11' title="bbox 129 1547 1592 1636; baseline -0.001 -22"><span class='ocrx_word' id='word_1_81' title='bbox 129 1571 241 1614; x_wconf 86' lang='lat' dir='ltr'><strong>corum</strong></span> <span class='ocrx_word' id='word_1_82' title='bbox 262 1547 484 1614; x_wconf 86' lang='lat' dir='ltr'><strong>dimissionem</strong></span> <span class='ocrx_word' id='word_1_83' title='bbox 505 1547 556 1612; x_wconf 86' lang='lat' dir='ltr'><strong>rel</strong></span> <span class='ocrx_word' id='word_1_84' title='bbox 578 1547 771 1617; x_wconf 88' lang='lat' dir='ltr'><strong>dilacionem</strong></span> <span class='ocrx_word' id='word_1_85' title='bbox 793 1549 836 1614; x_wconf 90' lang='lat' dir='ltr'><strong>ad</strong></span> <span class='ocrx_word' id='word_1_86' title='bbox 859 1551 1032 1614; x_wconf 89' lang='lat' dir='ltr'><strong>terminum</strong></span> <span class='ocrx_word' id='word_1_87' title='bbox 1054 1549 1242 1636; x_wconf 86' lang='lat' dir='ltr'><strong>longiorem</strong></span> <span class='ocrx_word' id='word_1_88' title='bbox 1561 1558 1592 1612; x_wconf 86' lang='lat'><strong>10</strong></span> 
     </span>
    </p>

    <p class='ocr_par' dir='ltr' id='par_1_6' title="bbox 212 1646 1449 1734">
     <span class='ocr_line' id='line_1_12' title="bbox 212 1646 1449 1734; baseline -0.001 -20"><span class='ocrx_word' id='word_1_89' title='bbox 212 1648 316 1733; x_wconf 88' lang='lat' dir='ltr'><strong>„Item</strong></span> <span class='ocrx_word' id='word_1_90' title='bbox 336 1647 423 1734; x_wconf 91' lang='lat' dir='ltr'><strong>quod</strong></span> <span class='ocrx_word' id='word_1_91' title='bbox 442 1646 541 1712; x_wconf 85' lang='lat' dir='ltr'><strong>velim</strong></span> <span class='ocrx_word' id='word_1_92' title='bbox 564 1647 688 1712; x_wconf 87' lang='lat' dir='ltr'><strong>solvere</strong></span> <span class='ocrx_word' id='word_1_93' title='bbox 713 1671 773 1734; x_wconf 92' lang='lat' dir='ltr'><strong>pro</strong></span> <span class='ocrx_word' id='word_1_94' title='bbox 793 1647 872 1713; x_wconf 90' lang='lat' dir='ltr'><strong>fisco</strong></span> <span class='ocrx_word' id='word_1_95' title='bbox 895 1649 1117 1715; x_wconf 88' lang='lat' dir='ltr'><strong>universitatis</strong></span> <span class='ocrx_word' id='word_1_96' title='bbox 1139 1672 1238 1714; x_wconf 91' lang='lat' dir='ltr'><strong>unum</strong></span> <span class='ocrx_word' id='word_1_97' title='bbox 1258 1647 1449 1715; x_wconf 82' lang='lat' dir='ltr'><strong>florenum.²</strong></span> 
     </span>
    </p>

    <p class='ocr_par' dir='ltr' id='par_1_7' title="bbox 211 1745 1362 1835">
     <span class='ocr_line' id='line_1_13' title="bbox 211 1745 1362 1835; baseline 0 -23"><span class='ocrx_word' id='word_1_98' title='bbox 211 1747 324 1831; x_wconf 92' lang='lat' dir='ltr'><strong>„Item,</strong></span> <span class='ocrx_word' id='word_1_99' title='bbox 346 1745 433 1835; x_wconf 93' lang='lat' dir='ltr'><strong>quod</strong></span> <span class='ocrx_word' id='word_1_100' title='bbox 453 1767 519 1810; x_wconf 91' lang='lat' dir='ltr'><strong>non</strong></span> <span class='ocrx_word' id='word_1_101' title='bbox 540 1745 638 1810; x_wconf 89' lang='lat' dir='ltr'><strong>velim</strong></span> <span class='ocrx_word' id='word_1_102' title='bbox 658 1748 803 1833; x_wconf 89' lang='lat' dir='ltr'><strong>incipere</strong></span> <span class='ocrx_word' id='word_1_103' title='bbox 823 1747 886 1811; x_wconf 92' lang='lat' dir='ltr'><strong>nisi</strong></span> <span class='ocrx_word' id='word_1_104' title='bbox 909 1748 1033 1832; x_wconf 85' lang='lat' dir='ltr'><strong>signeto</strong></span> <span class='ocrx_word' id='word_1_105' title='bbox 1054 1747 1166 1813; x_wconf 89' lang='lat' dir='ltr'><strong>habito</strong></span> <span class='ocrx_word' id='word_1_106' title='bbox 1188 1772 1208 1813; x_wconf 90' lang='lat' dir='ltr'><strong>a</strong></span> <span class='ocrx_word' id='word_1_107' title='bbox 1230 1748 1362 1814; x_wconf 89' lang='lat' dir='ltr'><strong>decano.</strong></span> 
     </span>
    </p>

    <p class='ocr_par' dir='ltr' id='par_1_8' title="bbox 130 1842 1552 2034">
     <span class='ocr_line' id='line_1_14' title="bbox 212 1842 1552 1935; baseline 0.001 -24"><span class='ocrx_word' id='word_1_108' title='bbox 212 1845 316 1930; x_wconf 84' lang='lat' dir='ltr'><strong>„Item</strong></span> <span class='ocrx_word' id='word_1_109' title='bbox 336 1848 418 1930; x_wconf 90' lang='lat' dir='ltr'><strong>iuro,</strong></span> <span class='ocrx_word' id='word_1_110' title='bbox 433 1845 523 1934; x_wconf 88' lang='lat' dir='ltr'><strong>quod</strong></span> <span class='ocrx_word' id='word_1_111' title='bbox 543 1867 602 1933; x_wconf 89' lang='lat' dir='ltr'><strong>per</strong></span> <span class='ocrx_word' id='word_1_112' title='bbox 623 1844 703 1910; x_wconf 90' lang='lat' dir='ltr'><strong>duos</strong></span> <span class='ocrx_word' id='word_1_113' title='bbox 720 1868 821 1912; x_wconf 86' lang='lat' dir='ltr'><strong>annos</strong></span> <span class='ocrx_word' id='word_1_114' title='bbox 842 1842 1035 1932; x_wconf 77' lang='lat' dir='ltr'><strong>[secmdum</strong></span> <span class='ocrx_word' id='word_1_115' title='bbox 1057 1845 1278 1935; x_wconf 80' lang='lat' dir='ltr'><strong>conclusum]³</strong></span> <span class='ocrx_word' id='word_1_116' title='bbox 1298 1849 1332 1912; x_wconf 91' lang='lat' dir='ltr'><strong>in</strong></span> <span class='ocrx_word' id='word_1_117' title='bbox 1351 1849 1552 1913; x_wconf 83' lang='lat' dir='ltr'><strong>istauniver·</strong></span> 
     </span>
     <span class='ocr_line' id='line_1_15' title="bbox 130 1943 1422 2034; baseline 0.001 -23"><span class='ocrx_word' id='word_1_118' title='bbox 130 1948 226 2011; x_wconf 89' lang='lat' dir='ltr'><strong>sitate</strong></span> <span class='ocrx_word' id='word_1_119' title='bbox 248 1944 354 2032; x_wconf 84' lang='lat' dir='ltr'><strong>legam</strong></span> <span class='ocrx_word' id='word_1_120' title='bbox 376 1953 413 2010; x_wconf 86' lang='lat' dir='ltr'><strong>et</strong></span> <span class='ocrx_word' id='word_1_121' title='bbox 428 1943 613 2032; x_wconf 84' lang='lat' dir='ltr'><strong>disputabo,</strong></span> <span class='ocrx_word' id='word_1_122' title='bbox 634 1946 698 2009; x_wconf 91' lang='lat' dir='ltr'><strong>nisi</strong></span> <span class='ocrx_word' id='word_1_123' title='bbox 721 1967 846 2010; x_wconf 89' lang='lat' dir='ltr'><strong>mecum</strong></span> <span class='ocrx_word' id='word_1_124' title='bbox 868 1968 965 2033; x_wconf 88' lang='lat' dir='ltr'><strong>super</strong></span> <span class='ocrx_word' id='word_1_125' title='bbox 986 1945 1049 2010; x_wconf 91' lang='lat' dir='ltr'><strong>hoc</strong></span> <span class='ocrx_word' id='word_1_126' title='bbox 1070 1945 1168 2010; x_wconf 81' lang='lat' dir='ltr'><strong>fircrit</strong></span> <span class='ocrx_word' id='word_1_127' title='bbox 1189 1946 1422 2034; x_wconf 89' lang='lat' dir='ltr'><strong>dispensatum.</strong></span> 
     </span>
    </p>

    <p class='ocr_par' dir='ltr' id='par_1_9' title="bbox 131 2043 1595 2226">
     <span class='ocr_line' id='line_1_16' title="bbox 215 2043 1595 2132; baseline 0.001 -22"><span class='ocrx_word' id='word_1_128' title='bbox 215 2045 335 2130; x_wconf 88' lang='lat' dir='ltr'><strong>„Item,</strong></span> <span class='ocrx_word' id='word_1_129' title='bbox 368 2043 454 2131; x_wconf 90' lang='lat' dir='ltr'><strong>quod</strong></span> <span class='ocrx_word' id='word_1_130' title='bbox 476 2053 598 2108; x_wconf 85' lang='lat' dir='ltr'><strong>statuta</strong></span> <span class='ocrx_word' id='word_1_131' title='bbox 619 2053 650 2107; x_wconf 89' lang='lat' dir='ltr'><strong>et</strong></span> <span class='ocrx_word' id='word_1_132' title='bbox 672 2044 857 2129; x_wconf 88' lang='lat' dir='ltr'><strong>statuenda,</strong></span> <span class='ocrx_word' id='word_1_133' title='bbox 891 2065 976 2132; x_wconf 88' lang='lat' dir='ltr'><strong>quae</strong></span> <span class='ocrx_word' id='word_1_134' title='bbox 1000 2055 1073 2109; x_wconf 92' lang='lat' dir='ltr'><strong>sunt</strong></span> <span class='ocrx_word' id='word_1_135' title='bbox 1094 2068 1153 2132; x_wconf 91' lang='lat' dir='ltr'><strong>pro</strong></span> <span class='ocrx_word' id='word_1_136' title='bbox 1177 2044 1262 2111; x_wconf 91' lang='lat' dir='ltr'><strong>bono</strong></span> <span class='ocrx_word' id='word_1_137' title='bbox 1283 2047 1503 2112; x_wconf 82' lang='lat' dir='ltr'><strong>universitatis</strong></span> <span class='ocrx_word' id='word_1_138' title='bbox 1525 2056 1595 2111; x_wconf 74' lang='lat' dir='ltr'><strong>ettt</strong></span> 
     </span>
     <span class='ocr_line' id='line_1_17' title="bbox 131 2141 789 2226; baseline -0.002 -15"><span class='ocrx_word' id='word_1_139' title='bbox 131 2145 306 2226; x_wconf 86' lang='lat' dir='ltr'><strong>facultatis,</strong></span> <span class='ocrx_word' id='word_1_140' title='bbox 329 2143 428 2208; x_wconf 81' lang='lat' dir='ltr'><strong>velim</strong></span> <span class='ocrx_word' id='word_1_141' title='bbox 447 2143 585 2208; x_wconf 80' lang='lat' dir='ltr'><strong>firmiter</strong></span> <span class='ocrx_word' id='word_1_142' title='bbox 605 2141 789 2212; x_wconf 87' lang='lat' dir='ltr'><strong>observare.</strong></span> 
     </span>
    </p>

    <p class='ocr_par' dir='ltr' id='par_1_10' title="bbox 215 2239 1387 2330">
     <span class='ocr_line' id='line_1_18' title="bbox 215 2239 1387 2330; baseline 0.002 -23"><span class='ocrx_word' id='word_1_143' title='bbox 215 2244 329 2328; x_wconf 90' lang='lat' dir='ltr'><strong>„Item,</strong></span> <span class='ocrx_word' id='word_1_144' title='bbox 348 2241 438 2330; x_wconf 93' lang='lat' dir='ltr'><strong>quod</strong></span> <span class='ocrx_word' id='word_1_145' title='bbox 456 2244 554 2308; x_wconf 89' lang='lat' dir='ltr'><strong>istum</strong></span> <span class='ocrx_word' id='word_1_146' title='bbox 574 2239 712 2328; x_wconf 79' lang='lat' dir='ltr'><strong>gradrun</strong></span> <span class='ocrx_word' id='word_1_147' title='bbox 732 2244 765 2307; x_wconf 90' lang='lat' dir='ltr'><strong>in</strong></span> <span class='ocrx_word' id='word_1_148' title='bbox 787 2241 876 2308; x_wconf 86' lang='lat' dir='ltr'><strong>nulle</strong></span> <span class='ocrx_word' id='word_1_149' title='bbox 898 2241 963 2306; x_wconf 85' lang='lat' dir='ltr'><strong>alia</strong></span> <span class='ocrx_word' id='word_1_150' title='bbox 984 2244 1195 2308; x_wconf 75' lang='lat' dir='ltr'><strong>universitate</strong></span> <span class='ocrx_word' id='word_1_151' title='bbox 1217 2265 1387 2310; x_wconf 82' lang='lat' dir='ltr'><strong>resumam.</strong></span> 
     </span>
    </p>

    <p class='ocr_par' dir='ltr' id='par_1_11' title="bbox 132 2338 1556 2532">
     <span class='ocr_line' id='line_1_19' title="bbox 214 2338 1556 2432; baseline 0.001 -25"><span class='ocrx_word' id='word_1_152' title='bbox 214 2342 337 2428; x_wconf 90' lang='lat' dir='ltr'><strong>„Item,</strong></span> <span class='ocrx_word' id='word_1_153' title='bbox 366 2338 454 2429; x_wconf 89' lang='lat' dir='ltr'><strong>quod</strong></span> <span class='ocrx_word' id='word_1_154' title='bbox 474 2339 593 2406; x_wconf 90' lang='lat' dir='ltr'><strong>bonum</strong></span> <span class='ocrx_word' id='word_1_155' title='bbox 616 2340 711 2406; x_wconf 92' lang='lat' dir='ltr'><strong>huius</strong></span> <span class='ocrx_word' id='word_1_156' title='bbox 733 2344 953 2407; x_wconf 89' lang='lat' dir='ltr'><strong>universitatis</strong></span> <span class='ocrx_word' id='word_1_157' title='bbox 973 2352 1005 2407; x_wconf 93' lang='lat' dir='ltr'><strong>et</strong></span> <span class='ocrx_word' id='word_1_158' title='bbox 1024 2341 1191 2407; x_wconf 88' lang='lat' dir='ltr'><strong>facultatis</strong></span> <span class='ocrx_word' id='word_1_159' title='bbox 1214 2345 1352 2428; x_wconf 88' lang='lat' dir='ltr'><strong>arcium,</strong></span> <span class='ocrx_word' id='word_1_160' title='bbox 1384 2343 1427 2409; x_wconf 90' lang='lat' dir='ltr'><strong>ad</strong></span> <span class='ocrx_word' id='word_1_161' title='bbox 1448 2367 1556 2432; x_wconf 90' lang='lat' dir='ltr'><strong>quem-</strong></span> 
     </span>
     <span class='ocr_line' id='line_1_20' title="bbox 132 2439 919 2532; baseline -0.004 -23"><span class='ocrx_word' id='word_1_162' title='bbox 132 2465 258 2532; x_wconf 88' lang='lat' dir='ltr'><strong>cunque</strong></span> <span class='ocrx_word' id='word_1_163' title='bbox 280 2449 400 2506; x_wconf 89' lang='lat' dir='ltr'><strong>statum</strong></span> <span class='ocrx_word' id='word_1_164' title='bbox 421 2439 591 2524; x_wconf 89' lang='lat' dir='ltr'><strong>devenero,</strong></span> <span class='ocrx_word' id='word_1_165' title='bbox 613 2440 711 2505; x_wconf 82' lang='lat' dir='ltr'><strong>velim</strong></span> <span class='ocrx_word' id='word_1_166' title='bbox 732 2461 919 2528; x_wconf 89' lang='lat' dir='ltr'><strong>procurare.</strong></span> 
     </span>
    </p>

    <p class='ocr_par' dir='ltr' id='par_1_12' title="bbox 57 2538 1602 3912">
     <span class='ocr_line' id='line_1_21' title="bbox 215 2538 1598 2629; baseline 0.003 -24"><span class='ocrx_word' id='word_1_167' title='bbox 215 2541 319 2626; x_wconf 87' lang='lat' dir='ltr'><strong>„Item</strong></span> <span class='ocrx_word' id='word_1_168' title='bbox 338 2541 421 2622; x_wconf 91' lang='lat' dir='ltr'><strong>iuro,</strong></span> <span class='ocrx_word' id='word_1_169' title='bbox 444 2538 532 2624; x_wconf 91' lang='lat' dir='ltr'><strong>quod</strong></span> <span class='ocrx_word' id='word_1_170' title='bbox 553 2561 712 2625; x_wconf 86' lang='lat' dir='ltr'><strong>personae</strong></span> <span class='ocrx_word' id='word_1_171' title='bbox 733 2539 786 2604; x_wconf 91' lang='lat' dir='ltr'><strong>vel</strong></span> <span class='ocrx_word' id='word_1_172' title='bbox 808 2542 966 2627; x_wconf 87' lang='lat' dir='ltr'><strong>personis,</strong></span> <span class='ocrx_word' id='word_1_173' title='bbox 989 2551 1103 2606; x_wconf 88' lang='lat' dir='ltr'><strong>contra</strong></span> <span class='ocrx_word' id='word_1_174' title='bbox 1124 2564 1222 2629; x_wconf 92' lang='lat' dir='ltr'><strong>quam</strong></span> <span class='ocrx_word' id='word_1_175' title='bbox 1242 2542 1295 2607; x_wconf 87' lang='lat' dir='ltr'><strong>vel</strong></span> <span class='ocrx_word' id='word_1_176' title='bbox 1317 2565 1398 2628; x_wconf 87' lang='lat' dir='ltr'><strong>ques</strong></span> <span class='ocrx_word' id='word_1_177' title='bbox 1418 2541 1598 2608; x_wconf 69' lang='lat' dir='ltr'><strong>facultasw</strong></span> 
     </span>
     <span class='ocr_line' id='line_1_22' title="bbox 133 2637 1555 2728; baseline -0.001 -20"><span class='ocrx_word' id='word_1_178' title='bbox 133 2644 255 2708; x_wconf 86' lang='lat' dir='ltr'><strong>arcium</strong></span> <span class='ocrx_word' id='word_1_179' title='bbox 278 2648 413 2726; x_wconf 89' lang='lat' dir='ltr'><strong>propter</strong></span> <span class='ocrx_word' id='word_1_180' title='bbox 434 2660 509 2702; x_wconf 90' lang='lat' dir='ltr'><strong>suos</strong></span> <span class='ocrx_word' id='word_1_181' title='bbox 530 2659 683 2702; x_wconf 83' lang='lat' dir='ltr'><strong>excessus</strong></span> <span class='ocrx_word' id='word_1_182' title='bbox 707 2637 914 2722; x_wconf 83' lang='lat' dir='ltr'><strong>exclusionis,</strong></span> <span class='ocrx_word' id='word_1_183' title='bbox 937 2643 1158 2728; x_wconf 89' lang='lat' dir='ltr'><strong>suspensionis</strong></span> <span class='ocrx_word' id='word_1_184' title='bbox 1181 2663 1238 2706; x_wconf 91' lang='lat' dir='ltr'><strong>seu</strong></span> <span class='ocrx_word' id='word_1_185' title='bbox 1259 2641 1324 2706; x_wconf 88' lang='lat' dir='ltr'><strong>alia</strong></span> <span class='ocrx_word' id='word_1_186' title='bbox 1346 2643 1460 2727; x_wconf 84' lang='lat' dir='ltr'><strong>quavis</strong></span> <span class='ocrx_word' id='word_1_187' title='bbox 1483 2664 1555 2707; x_wconf 89' lang='lat' dir='ltr'><strong>oon-</strong></span> 
     </span>
     <span class='ocr_line' id='line_1_23' title="bbox 133 2738 1557 2828; baseline -0.001 -21"><span class='ocrx_word' id='word_1_188' title='bbox 133 2741 234 2828; x_wconf 84' lang='lat' dir='ltr'><strong>digna</strong></span> <span class='ocrx_word' id='word_1_189' title='bbox 255 2759 362 2826; x_wconf 88' lang='lat' dir='ltr'><strong>poena</strong></span> <span class='ocrx_word' id='word_1_190' title='bbox 381 2740 577 2824; x_wconf 81' lang='lat' dir='ltr'><strong>processerit</strong></span> <span class='ocrx_word' id='word_1_191' title='bbox 599 2746 655 2802; x_wconf 91' lang='lat' dir='ltr'><strong>aut</strong></span> <span class='ocrx_word' id='word_1_192' title='bbox 681 2738 858 2824; x_wconf 88' lang='lat' dir='ltr'><strong>procedere</strong></span> <span class='ocrx_word' id='word_1_193' title='bbox 886 2741 1074 2826; x_wconf 87' lang='lat' dir='ltr'><strong>contigerit,</strong></span> <span class='ocrx_word' id='word_1_194' title='bbox 1111 2739 1293 2805; x_wconf 87' lang='lat' dir='ltr'><strong>nullatenus</strong></span> <span class='ocrx_word' id='word_1_195' title='bbox 1325 2741 1421 2806; x_wconf 86' lang='lat' dir='ltr'><strong>velim</strong></span> <span class='ocrx_word' id='word_1_196' title='bbox 1449 2750 1557 2806; x_wconf 89' lang='lat' dir='ltr'><strong>astare</strong></span> 
     </span>
     <span class='ocr_line' id='line_1_24' title="bbox 133 2835 1556 2927; baseline 0 -22"><span class='ocrx_word' id='word_1_197' title='bbox 133 2849 189 2906; x_wconf 90' lang='lat' dir='ltr'><strong>aut</strong></span> <span class='ocrx_word' id='word_1_198' title='bbox 210 2861 283 2904; x_wconf 87' lang='lat' dir='ltr'><strong>cem</strong></span> <span class='ocrx_word' id='word_1_199' title='bbox 298 2835 351 2901; x_wconf 89' lang='lat' dir='ltr'><strong>vel</strong></span> <span class='ocrx_word' id='word_1_200' title='bbox 372 2858 446 2918; x_wconf 89' lang='lat' dir='ltr'><strong>eas,</strong></span> <span class='ocrx_word' id='word_1_201' title='bbox 472 2837 500 2900; x_wconf 87' lang='lat' dir='ltr'><strong>si</strong></span> <span class='ocrx_word' id='word_1_202' title='bbox 521 2835 598 2922; x_wconf 90' lang='lat' dir='ltr'><strong>quid</strong></span> <span class='ocrx_word' id='word_1_203' title='bbox 621 2845 736 2901; x_wconf 92' lang='lat' dir='ltr'><strong>contra</strong></span> <span class='ocrx_word' id='word_1_204' title='bbox 757 2835 878 2902; x_wconf 89' lang='lat' dir='ltr'><strong>dictam</strong></span> <span class='ocrx_word' id='word_1_205' title='bbox 903 2839 1090 2904; x_wconf 89' lang='lat' dir='ltr'><strong>facultatem</strong></span> <span class='ocrx_word' id='word_1_206' title='bbox 1117 2849 1252 2927; x_wconf 91' lang='lat' dir='ltr'><strong>propter</strong></span> <span class='ocrx_word' id='word_1_207' title='bbox 1272 2839 1459 2905; x_wconf 90' lang='lat' dir='ltr'><strong>huiusmodi</strong></span> <span class='ocrx_word' id='word_1_208' title='bbox 1480 2862 1556 2927; x_wconf 88' lang='lat' dir='ltr'><strong>poe-</strong></span> 
     </span>
     <span class='ocr_line' id='line_1_25' title="bbox 133 2935 1558 3027; baseline -0.001 -21"><span class='ocrx_word' id='word_1_209' title='bbox 133 2961 210 3006; x_wconf 88' lang='lat' dir='ltr'><strong>nam</strong></span> <span class='ocrx_word' id='word_1_210' title='bbox 231 2935 293 3002; x_wconf 91' lang='lat' dir='ltr'><strong>sibi</strong></span> <span class='ocrx_word' id='word_1_211' title='bbox 314 2935 472 3000; x_wconf 87' lang='lat' dir='ltr'><strong>inflictam</strong></span> <span class='ocrx_word' id='word_1_212' title='bbox 493 2945 687 3022; x_wconf 88' lang='lat' dir='ltr'><strong>attemptare</strong></span> <span class='ocrx_word' id='word_1_213' title='bbox 706 2939 963 3023; x_wconf 87' lang='lat' dir='ltr'><strong>praesumpserit</strong></span> <span class='ocrx_word' id='word_1_214' title='bbox 978 2937 1028 3002; x_wconf 92' lang='lat' dir='ltr'><strong>vel</strong></span> <span class='ocrx_word' id='word_1_215' title='bbox 1039 2940 1330 3025; x_wconf 86' lang='lat' dir='ltr'><strong>praesumpserint,</strong></span> <span class='ocrx_word' id='word_1_216' title='bbox 1353 2943 1387 3003; x_wconf 91' lang='lat' dir='ltr'><strong>in</strong></span> <span class='ocrx_word' id='word_1_217' title='bbox 1404 2963 1462 3005; x_wconf 91' lang='lat' dir='ltr'><strong>suo</strong></span> <span class='ocrx_word' id='word_1_218' title='bbox 1485 2962 1558 3027; x_wconf 90' lang='lat' dir='ltr'><strong>pro·</strong></span> 
     </span>
     <span class='ocr_line' id='line_1_26' title="bbox 133 3031 1600 3127; baseline -0.001 -23"><span class='ocrx_word' id='word_1_219' title='bbox 133 3039 240 3127; x_wconf 87' lang='lat' dir='ltr'><strong>posito</strong></span> <span class='ocrx_word' id='word_1_220' title='bbox 262 3035 376 3124; x_wconf 89' lang='lat' dir='ltr'><strong>quovis</strong></span> <span class='ocrx_word' id='word_1_221' title='bbox 398 3031 494 3098; x_wconf 91' lang='lat' dir='ltr'><strong>modo</strong></span> <span class='ocrx_word' id='word_1_222' title='bbox 516 3036 699 3099; x_wconf 87' lang='lat' dir='ltr'><strong>confortare</strong></span> <span class='ocrx_word' id='word_1_223' title='bbox 724 3034 775 3100; x_wconf 89' lang='lat' dir='ltr'><strong>vel</strong></span> <span class='ocrx_word' id='word_1_224' title='bbox 796 3035 953 3100; x_wconf 85' lang='lat' dir='ltr'><strong>adiuvare</strong></span> <span class='ocrx_word' id='word_1_225' title='bbox 976 3057 1039 3102; x_wconf 91' lang='lat' dir='ltr'><strong>nec</strong></span> <span class='ocrx_word' id='word_1_226' title='bbox 1056 3037 1160 3100; x_wconf 90' lang='lat' dir='ltr'><strong>eciam</strong></span> <span class='ocrx_word' id='word_1_227' title='bbox 1182 3036 1314 3121; x_wconf 88' lang='lat' dir='ltr'><strong>factum,</strong></span> <span class='ocrx_word' id='word_1_228' title='bbox 1338 3047 1465 3103; x_wconf 89' lang='lat' dir='ltr'><strong>certam</strong></span> <span class='ocrx_word' id='word_1_229' title='bbox 1487 3047 1600 3125; x_wconf 79' lang='lat' dir='ltr'><strong>per-25</strong></span> 
     </span>
     <span class='ocr_line' id='line_1_27' title="bbox 137 3133 1560 3220; baseline -0.001 -16"><span class='ocrx_word' id='word_1_230' title='bbox 137 3158 252 3204; x_wconf 89' lang='lat' dir='ltr'><strong>sonam</strong></span> <span class='ocrx_word' id='word_1_231' title='bbox 275 3157 332 3199; x_wconf 88' lang='lat' dir='ltr'><strong>seu</strong></span> <span class='ocrx_word' id='word_1_232' title='bbox 353 3143 459 3199; x_wconf 86' lang='lat' dir='ltr'><strong>certas</strong></span> <span class='ocrx_word' id='word_1_233' title='bbox 481 3155 639 3220; x_wconf 90' lang='lat' dir='ltr'><strong>personas</strong></span> <span class='ocrx_word' id='word_1_234' title='bbox 661 3155 873 3217; x_wconf 89' lang='lat' dir='ltr'><strong>concernens,</strong></span> <span class='ocrx_word' id='word_1_235' title='bbox 914 3133 1023 3199; x_wconf 81' lang='lat' dir='ltr'><strong>facere</strong></span> <span class='ocrx_word' id='word_1_236' title='bbox 1054 3134 1225 3200; x_wconf 86' lang='lat' dir='ltr'><strong>nacionale</strong></span> <span class='ocrx_word' id='word_1_237' title='bbox 1250 3146 1308 3200; x_wconf 89' lang='lat' dir='ltr'><strong>aut</strong></span> <span class='ocrx_word' id='word_1_238' title='bbox 1335 3147 1371 3205; x_wconf 85' lang='lat' dir='ltr'><strong>ut</strong></span> <span class='ocrx_word' id='word_1_239' title='bbox 1391 3135 1560 3205; x_wconf 82' lang='lat' dir='ltr'><strong>nacionale</strong></span> 
     </span>
     <span class='ocr_line' id='line_1_28' title="bbox 134 3231 1560 3320; baseline -0.001 -18"><span class='ocrx_word' id='word_1_240' title='bbox 134 3237 202 3319; x_wconf 87' lang='lat' dir='ltr'><strong>fiat,</strong></span> <span class='ocrx_word' id='word_1_241' title='bbox 222 3234 286 3300; x_wconf 89' lang='lat' dir='ltr'><strong>hoc</strong></span> <span class='ocrx_word' id='word_1_242' title='bbox 298 3242 357 3316; x_wconf 90' lang='lat' dir='ltr'><strong>est,</strong></span> <span class='ocrx_word' id='word_1_243' title='bbox 379 3232 467 3320; x_wconf 91' lang='lat' dir='ltr'><strong>quod</strong></span> <span class='ocrx_word' id='word_1_244' title='bbox 487 3234 580 3297; x_wconf 85' lang='lat' dir='ltr'><strong>nocio</strong></span> <span class='ocrx_word' id='word_1_245' title='bbox 603 3255 674 3297; x_wconf 91' lang='lat' dir='ltr'><strong>sese</strong></span> <span class='ocrx_word' id='word_1_246' title='bbox 697 3233 737 3297; x_wconf 90' lang='lat' dir='ltr'><strong>de</strong></span> <span class='ocrx_word' id='word_1_247' title='bbox 758 3231 944 3297; x_wconf 90' lang='lat' dir='ltr'><strong>huiusmodi</strong></span> <span class='ocrx_word' id='word_1_248' title='bbox 957 3233 1044 3299; x_wconf 88' lang='lat' dir='ltr'><strong>facto</strong></span> <span class='ocrx_word' id='word_1_249' title='bbox 1062 3235 1265 3317; x_wconf 88' lang='lat' dir='ltr'><strong>intromittat,</strong></span> <span class='ocrx_word' id='word_1_250' title='bbox 1286 3237 1478 3318; x_wconf 89' lang='lat' dir='ltr'><strong>consentire,</strong></span> <span class='ocrx_word' id='word_1_251' title='bbox 1499 3258 1560 3300; x_wconf 91' lang='lat' dir='ltr'><strong>nec</strong></span> 
     </span>
     <span class='ocr_line' id='line_1_29' title="bbox 136 3329 1559 3420; baseline -0.001 -20"><span class='ocrx_word' id='word_1_252' title='bbox 136 3339 250 3417; x_wconf 90' lang='lat' dir='ltr'><strong>eciam,</strong></span> <span class='ocrx_word' id='word_1_253' title='bbox 273 3331 346 3396; x_wconf 90' lang='lat' dir='ltr'><strong>aliis</strong></span> <span class='ocrx_word' id='word_1_254' title='bbox 367 3334 400 3397; x_wconf 91' lang='lat' dir='ltr'><strong>in</strong></span> <span class='ocrx_word' id='word_1_255' title='bbox 422 3332 508 3396; x_wconf 88' lang='lat' dir='ltr'><strong>idem</strong></span> <span class='ocrx_word' id='word_1_256' title='bbox 531 3331 821 3414; x_wconf 78' lang='lat' dir='ltr'><strong>consencientibus,</strong></span> <span class='ocrx_word' id='word_1_257' title='bbox 841 3353 901 3420; x_wconf 88' lang='lat' dir='ltr'><strong>per</strong></span> <span class='ocrx_word' id='word_1_258' title='bbox 921 3352 973 3398; x_wconf 89' lang='lat' dir='ltr'><strong>me</strong></span> <span class='ocrx_word' id='word_1_259' title='bbox 993 3329 1045 3397; x_wconf 88' lang='lat' dir='ltr'><strong>vel</strong></span> <span class='ocrx_word' id='word_1_260' title='bbox 1066 3353 1127 3419; x_wconf 87' lang='lat' dir='ltr'><strong>per</strong></span> <span class='ocrx_word' id='word_1_261' title='bbox 1147 3331 1262 3416; x_wconf 89' lang='lat' dir='ltr'><strong>alium,</strong></span> <span class='ocrx_word' id='word_1_262' title='bbox 1292 3333 1415 3398; x_wconf 86' lang='lat' dir='ltr'><strong>directe</strong></span> <span class='ocrx_word' id='word_1_263' title='bbox 1437 3334 1490 3399; x_wconf 91' lang='lat' dir='ltr'><strong>vel</strong></span> <span class='ocrx_word' id='word_1_264' title='bbox 1512 3335 1559 3398; x_wconf 90' lang='lat' dir='ltr'><strong>in·</strong></span> 
     </span>
     <span class='ocr_line' id='line_1_30' title="bbox 136 3429 1559 3519; baseline -0.003 -19"><span class='ocrx_word' id='word_1_265' title='bbox 136 3435 260 3500; x_wconf 88' lang='lat' dir='ltr'><strong>directe</strong></span> <span class='ocrx_word' id='word_1_266' title='bbox 292 3454 349 3496; x_wconf 91' lang='lat' dir='ltr'><strong>scu</strong></span> <span class='ocrx_word' id='word_1_267' title='bbox 381 3431 496 3517; x_wconf 89' lang='lat' dir='ltr'><strong>quovis</strong></span> <span class='ocrx_word' id='word_1_268' title='bbox 525 3429 588 3495; x_wconf 89' lang='lat' dir='ltr'><strong>alio</strong></span> <span class='ocrx_word' id='word_1_269' title='bbox 617 3432 762 3515; x_wconf 90' lang='lat' dir='ltr'><strong>quaesito</strong></span> <span class='ocrx_word' id='word_1_270' title='bbox 791 3431 907 3512; x_wconf 88' lang='lat' dir='ltr'><strong>colore,</strong></span> <span class='ocrx_word' id='word_1_271' title='bbox 935 3431 1107 3496; x_wconf 89' lang='lat' dir='ltr'><strong>consilium</strong></span> <span class='ocrx_word' id='word_1_272' title='bbox 1128 3431 1180 3498; x_wconf 90' lang='lat' dir='ltr'><strong>vel</strong></span> <span class='ocrx_word' id='word_1_273' title='bbox 1202 3431 1359 3496; x_wconf 87' lang='lat' dir='ltr'><strong>auxilium</strong></span> <span class='ocrx_word' id='word_1_274' title='bbox 1380 3444 1559 3519; x_wconf 87' lang='lat' dir='ltr'><strong>praestare,</strong></span> 
     </span>
     <span class='ocr_line' id='line_1_31' title="bbox 137 3529 1602 3612; baseline -0.002 -12"><span class='ocrx_word' id='word_1_275' title='bbox 137 3557 197 3600; x_wconf 89' lang='lat' dir='ltr'><strong>nec</strong></span> <span class='ocrx_word' id='word_1_276' title='bbox 219 3534 323 3598; x_wconf 89' lang='lat' dir='ltr'><strong>eciam</strong></span> <span class='ocrx_word' id='word_1_277' title='bbox 345 3529 637 3596; x_wconf 88' lang='lat' dir='ltr'><strong>convocaoionibus</strong></span> <span class='ocrx_word' id='word_1_278' title='bbox 659 3539 714 3593; x_wconf 93' lang='lat' dir='ltr'><strong>aut</strong></span> <span class='ocrx_word' id='word_1_279' title='bbox 737 3531 845 3593; x_wconf 90' lang='lat' dir='ltr'><strong>verius</strong></span> <span class='ocrx_word' id='word_1_280' title='bbox 875 3529 1121 3612; x_wconf 86' lang='lat' dir='ltr'><strong>conventiculis,</strong></span> <span class='ocrx_word' id='word_1_281' title='bbox 1162 3530 1219 3595; x_wconf 93' lang='lat' dir='ltr'><strong>ubi</strong></span> <span class='ocrx_word' id='word_1_282' title='bbox 1252 3529 1332 3596; x_wconf 89' lang='lat' dir='ltr'><strong>talia</strong></span> <span class='ocrx_word' id='word_1_283' title='bbox 1362 3531 1478 3597; x_wconf 90' lang='lat' dir='ltr'><strong>fierent</strong></span> <span class='ocrx_word' id='word_1_284' title='bbox 1505 3543 1602 3598; x_wconf 82' lang='lat' dir='ltr'><strong>aut30</strong></span> 
     </span>
     <span class='ocr_line' id='line_1_32' title="bbox 57 3627 1560 3717; baseline -0.001 -19"><span class='ocrx_word' id='word_1_285' title='bbox 57 3637 63 3648; x_wconf 95' lang='grc'><strong>’</strong></span> <span class='ocrx_word' id='word_1_286' title='bbox 138 3639 366 3713; x_wconf 87' lang='lat' dir='ltr'><strong>tractarentur,</strong></span> <span class='ocrx_word' id='word_1_287' title='bbox 388 3627 632 3717; x_wconf 89' lang='lat' dir='ltr'><strong>quomodolibet</strong></span> <span class='ocrx_word' id='word_1_288' title='bbox 652 3629 817 3714; x_wconf 89' lang='lat' dir='ltr'><strong>interesse,</strong></span> <span class='ocrx_word' id='word_1_289' title='bbox 840 3627 898 3694; x_wconf 89' lang='lat' dir='ltr'><strong>sub</strong></span> <span class='ocrx_word' id='word_1_290' title='bbox 921 3650 1026 3715; x_wconf 89' lang='lat' dir='ltr'><strong>poena</strong></span> <span class='ocrx_word' id='word_1_291' title='bbox 1047 3630 1182 3715; x_wconf 90' lang='lat' dir='ltr'><strong>periurii</strong></span> <span class='ocrx_word' id='word_1_292' title='bbox 1209 3640 1241 3696; x_wconf 91' lang='lat' dir='ltr'><strong>et</strong></span> <span class='ocrx_word' id='word_1_293' title='bbox 1269 3653 1334 3696; x_wconf 91' lang='lat' dir='ltr'><strong>non</strong></span> <span class='ocrx_word' id='word_1_294' title='bbox 1355 3631 1560 3696; x_wconf 89' lang='lat' dir='ltr'><strong>admissionis</strong></span> 
     </span>
     <span class='ocr_line' id='line_1_33' title="bbox 138 3725 1562 3819; baseline -0.001 -22"><span class='ocrx_word' id='word_1_295' title='bbox 138 3742 286 3819; x_wconf 88' lang='lat' dir='ltr'><strong>tempore</strong></span> <span class='ocrx_word' id='word_1_296' title='bbox 306 3751 365 3794; x_wconf 88' lang='lat' dir='ltr'><strong>suo</strong></span> <span class='ocrx_word' id='word_1_297' title='bbox 388 3729 431 3794; x_wconf 87' lang='lat' dir='ltr'><strong>ad</strong></span> <span class='ocrx_word' id='word_1_298' title='bbox 460 3727 628 3794; x_wconf 90' lang='lat' dir='ltr'><strong>consilium</strong></span> <span class='ocrx_word' id='word_1_299' title='bbox 657 3725 821 3792; x_wconf 87' lang='lat' dir='ltr'><strong>facultatis</strong></span> <span class='ocrx_word' id='word_1_300' title='bbox 858 3749 897 3791; x_wconf 86' lang='lat' dir='ltr'><strong>ac</strong></span> <span class='ocrx_word' id='word_1_301' title='bbox 922 3729 1092 3794; x_wconf 88' lang='lat' dir='ltr'><strong>carenciae</strong></span> <span class='ocrx_word' id='word_1_302' title='bbox 1121 3731 1263 3794; x_wconf 89' lang='lat' dir='ltr'><strong>omnium</strong></span> <span class='ocrx_word' id='word_1_303' title='bbox 1285 3728 1562 3797; x_wconf 89' lang='lat' dir='ltr'><strong>emolimentorum</strong></span> 
     </span>
     <span class='ocr_line' id='line_1_34' title="bbox 142 3826 925 3912; baseline -0.009 -15"><span class='ocrx_word' id='word_1_304' title='bbox 142 3830 249 3896; x_wconf 88' lang='lat' dir='ltr'><strong>dictae</strong></span> <span class='ocrx_word' id='word_1_305' title='bbox 269 3827 434 3894; x_wconf 89' lang='lat' dir='ltr'><strong>facultatis</strong></span> <span class='ocrx_word' id='word_1_306' title='bbox 454 3837 486 3892; x_wconf 89' lang='lat' dir='ltr'><strong>ct</strong></span> <span class='ocrx_word' id='word_1_307' title='bbox 507 3836 636 3892; x_wconf 88' lang='lat' dir='ltr'><strong>actuum</strong></span> <span class='ocrx_word' id='word_1_308' title='bbox 656 3826 925 3912; x_wconf 86' lang='lat' dir='ltr'><strong>magistralium.“</strong></span> 
     </span>
    </p>

    <p class='ocr_par' dir='ltr' id='par_1_13' title="bbox 348 3925 1529 4015">
     <span class='ocr_line' id='line_1_35' title="bbox 348 3925 1529 4015; baseline -0.001 -23"><span class='ocrx_word' id='word_1_309' title='bbox 348 3927 421 4015; x_wconf 86' lang='lat' dir='ltr'><strong>Hys</strong></span> <span class='ocrx_word' id='word_1_310' title='bbox 443 3925 535 3992; x_wconf 89' lang='lat' dir='ltr'><strong>lectis</strong></span> <span class='ocrx_word' id='word_1_311' title='bbox 555 3927 709 3992; x_wconf 87' lang='lat' dir='ltr'><strong>iurabunt</strong></span> <span class='ocrx_word' id='word_1_312' title='bbox 730 3926 773 3991; x_wconf 91' lang='lat' dir='ltr'><strong>ad</strong></span> <span class='ocrx_word' id='word_1_313' title='bbox 792 3949 908 3991; x_wconf 91' lang='lat' dir='ltr'><strong>manus</strong></span> <span class='ocrx_word' id='word_1_314' title='bbox 931 3925 1055 4010; x_wconf 91' lang='lat' dir='ltr'><strong>decani,</strong></span> <span class='ocrx_word' id='word_1_315' title='bbox 1076 3926 1237 3992; x_wconf 89' lang='lat' dir='ltr'><strong>dicentes:</strong></span> <span class='ocrx_word' id='word_1_316' title='bbox 1259 3925 1353 4014; x_wconf 82' lang='lat' dir='ltr'><strong>„Ego</strong></span> <span class='ocrx_word' id='word_1_317' title='bbox 1374 3928 1479 3994; x_wconf 89' lang='lat' dir='ltr'><strong>iuro“.</strong></span> <span class='ocrx_word' id='word_1_318' title='bbox 1515 3967 1529 3991; x_wconf 84' lang='grc'><strong>.</strong></span> 
     </span>
    </p>
   </div>
   <div class='ocr_carea' id='block_1_3' title="bbox 165 4089 1605 4374">
    <p class='ocr_par' dir='ltr' id='par_1_14' title="bbox 165 4089 1605 4374">
     <span class='ocr_line' id='line_1_36' title="bbox 167 4089 1605 4184; baseline -0.002 -23"><span class='ocrx_word' id='word_1_319' title='bbox 167 4093 230 4184; x_wconf 85' lang='lat' dir='ltr'><strong>[Bl.</strong></span> <span class='ocrx_word' id='word_1_320' title='bbox 253 4089 324 4180; x_wconf 77' lang='lat'>27⁸]</span> <span class='ocrx_word' id='word_1_321' title='bbox 348 4097 398 4160; x_wconf 80' lang='lat'><strong>23.</strong></span> <span class='ocrx_word' id='word_1_322' title='bbox 419 4109 582 4158; x_wconf 79' lang='lat' dir='ltr'><strong>lumoaes</strong></span> <span class='ocrx_word' id='word_1_323' title='bbox 604 4107 768 4158; x_wconf 79' lang='lat' dir='ltr'><strong>uso1srn1</strong></span> <span class='ocrx_word' id='word_1_324' title='bbox 790 4109 918 4157; x_wconf 79' lang='lat' dir='ltr'><strong>srsrno</strong></span> <span class='ocrx_word' id='word_1_325' title='bbox 937 4107 1026 4158; x_wconf 77' lang='lat' dir='ltr'><strong>ross</strong></span> <span class='ocrx_word' id='word_1_326' title='bbox 1047 4109 1170 4159; x_wconf 83' lang='lat' dir='ltr'><strong>neuun</strong></span> <span class='ocrx_word' id='word_1_327' title='bbox 1190 4109 1446 4160; x_wconf 82' lang='lat' dir='ltr'><strong>rsouomouuu</strong></span> <span class='ocrx_word' id='word_1_328' title='bbox 1465 4109 1538 4160; x_wconf 81' lang='lat' dir='ltr'><strong>nor</strong></span> <span class='ocrx_word' id='word_1_329' title='bbox 1572 4102 1605 4158; x_wconf 81' lang='lat'><strong>35</strong></span> 
     </span>
     <span class='ocr_line' id='line_1_37' title="bbox 165 4207 1543 4276; baseline -0.001 -16"><span class='ocrx_word' id='word_1_330' title='bbox 165 4210 307 4261; x_wconf 77' lang='lat' dir='ltr'><strong>masur</strong></span> <span class='ocrx_word' id='word_1_331' title='bbox 328 4208 561 4257; x_wconf 76' lang='lat' dir='ltr'><strong>racuorsrmr</strong></span> <span class='ocrx_word' id='word_1_332' title='bbox 583 4208 813 4258; x_wconf 81' lang='lat' dir='ltr'><strong>rnouovnunr</strong></span> <span class='ocrx_word' id='word_1_333' title='bbox 827 4207 895 4256; x_wconf 82' lang='lat' dir='ltr'><strong>unc</strong></span> <span class='ocrx_word' id='word_1_334' title='bbox 916 4209 1023 4256; x_wconf 82' lang='lat' dir='ltr'><strong>rruur</strong></span> <span class='ocrx_word' id='word_1_335' title='bbox 1036 4209 1105 4257; x_wconf 81' lang='lat' dir='ltr'><strong>rna</strong></span> <span class='ocrx_word' id='word_1_336' title='bbox 1117 4209 1322 4276; x_wconf 83' lang='lat' dir='ltr'><strong>nncrrouss,</strong></span> <span class='ocrx_word' id='word_1_337' title='bbox 1347 4210 1435 4271; x_wconf 73' lang='lat' dir='ltr'><strong>quas</strong></span> <span class='ocrx_word' id='word_1_338' title='bbox 1451 4211 1543 4259; x_wconf 81' lang='lat' dir='ltr'><strong>runc</strong></span> 
     </span>
     <span class='ocr_line' id='line_1_38' title="bbox 611 4307 1094 4374; baseline 0 -19"><span class='ocrx_word' id='word_1_339' title='bbox 611 4307 769 4374; x_wconf 77' lang='lat' dir='ltr'><strong>nocuus,</strong></span> <span class='ocrx_word' id='word_1_340' title='bbox 811 4307 1094 4356; x_wconf 78' lang='lat' dir='ltr'><strong>scrunscnnrss.</strong></span> 
     </span>
    </p>
   </div>
   <div class='ocr_carea' id='block_1_4' title="bbox 141 4423 1606 4714">
    <p class='ocr_par' dir='ltr' id='par_1_15' title="bbox 141 4423 1606 4714">
     <span class='ocr_line' id='line_1_39' title="bbox 222 4423 1564 4512; baseline -0.002 -21"><span class='ocrx_word' id='word_1_341' title='bbox 222 4426 368 4492; x_wconf 90' lang='lat' dir='ltr'><strong>Iuniores</strong></span> <span class='ocrx_word' id='word_1_342' title='bbox 391 4423 540 4510; x_wconf 87' lang='lat' dir='ltr'><strong>magistri</strong></span> <span class='ocrx_word' id='word_1_343' title='bbox 562 4425 670 4489; x_wconf 89' lang='lat' dir='ltr'><strong>statim</strong></span> <span class='ocrx_word' id='word_1_344' title='bbox 698 4431 773 4510; x_wconf 88' lang='lat' dir='ltr'><strong>post</strong></span> <span class='ocrx_word' id='word_1_345' title='bbox 801 4444 910 4488; x_wconf 89' lang='lat' dir='ltr'><strong>eorum</strong></span> <span class='ocrx_word' id='word_1_346' title='bbox 939 4425 1196 4510; x_wconf 89' lang='lat' dir='ltr'><strong>promocionem,</strong></span> <span class='ocrx_word' id='word_1_347' title='bbox 1238 4432 1410 4512; x_wconf 87' lang='lat' dir='ltr'><strong>antequam</strong></span> <span class='ocrx_word' id='word_1_348' title='bbox 1444 4425 1564 4489; x_wconf 73' lang='lat' dir='ltr'><strong>fiterint</strong></span> 
     </span>
     <span class='ocr_line' id='line_1_40' title="bbox 141 4519 1562 4611; baseline -0.004 -18"><span class='ocrx_word' id='word_1_349' title='bbox 141 4535 376 4611; x_wconf 76' lang='lat' dir='ltr'><strong>acttuegentes,</strong></span> <span class='ocrx_word' id='word_1_350' title='bbox 398 4546 462 4590; x_wconf 90' lang='lat' dir='ltr'><strong>non</strong></span> <span class='ocrx_word' id='word_1_351' title='bbox 481 4522 602 4588; x_wconf 87' lang='lat' dir='ltr'><strong>habent</strong></span> <span class='ocrx_word' id='word_1_352' title='bbox 621 4521 807 4587; x_wconf 87' lang='lat' dir='ltr'><strong>facultatem</strong></span> <span class='ocrx_word' id='word_1_353' title='bbox 828 4519 952 4609; x_wconf 90' lang='lat' dir='ltr'><strong>aliquos</strong></span> <span class='ocrx_word' id='word_1_354' title='bbox 973 4522 1196 4609; x_wconf 86' lang='lat' dir='ltr'><strong>promovendi,</strong></span> <span class='ocrx_word' id='word_1_355' title='bbox 1218 4522 1276 4588; x_wconf 89' lang='lat' dir='ltr'><strong>esd</strong></span> <span class='ocrx_word' id='word_1_356' title='bbox 1291 4525 1383 4610; x_wconf 91' lang='lat' dir='ltr'><strong>prius</strong></span> <span class='ocrx_word' id='word_1_357' title='bbox 1398 4547 1457 4611; x_wconf 89' lang='lat' dir='ltr'><strong>pro</strong></span> <span class='ocrx_word' id='word_1_358' title='bbox 1476 4533 1562 4588; x_wconf 90' lang='lat' dir='ltr'><strong>actu-</strong></span> 
     </span>
     <span class='ocr_line' id='line_1_41' title="bbox 142 4619 1606 4714; baseline -0.003 -22"><span class='ocrx_word' id='word_1_359' title='bbox 142 4627 297 4714; x_wconf 85' lang='lat' dir='ltr'><strong>rcgencia</strong></span> <span class='ocrx_word' id='word_1_360' title='bbox 316 4646 375 4712; x_wconf 91' lang='lat' dir='ltr'><strong>per</strong></span> <span class='ocrx_word' id='word_1_361' title='bbox 396 4624 621 4710; x_wconf 89' lang='lat' dir='ltr'><strong>recepcionem</strong></span> <span class='ocrx_word' id='word_1_362' title='bbox 644 4621 801 4687; x_wconf 88' lang='lat' dir='ltr'><strong>ordinarii</strong></span> <span class='ocrx_word' id='word_1_363' title='bbox 822 4619 946 4686; x_wconf 84' lang='lat' dir='ltr'><strong>adhoc</strong></span> <span class='ocrx_word' id='word_1_364' title='bbox 967 4643 1002 4685; x_wconf 89' lang='lat' dir='ltr'><strong>se</strong></span> <span class='ocrx_word' id='word_1_365' title='bbox 1024 4620 1142 4686; x_wconf 88' lang='lat' dir='ltr'><strong>debent</strong></span> <span class='ocrx_word' id='word_1_366' title='bbox 1162 4620 1323 4688; x_wconf 89' lang='lat' dir='ltr'><strong>abilitare.</strong></span> <span class='ocrx_word' id='word_1_367' title='bbox 1365 4623 1410 4688; x_wconf 87' lang='lat' dir='ltr'><strong>Et</strong></span> <span class='ocrx_word' id='word_1_368' title='bbox 1437 4625 1485 4689; x_wconf 91' lang='lat' dir='ltr'><strong>sic</strong></span> <span class='ocrx_word' id='word_1_369' title='bbox 1505 4632 1606 4710; x_wconf 76' lang='lat' dir='ltr'><strong>parto</strong></span> 
     </span>
    </p>
   </div>
   <div class='ocr_carea' id='block_1_5' title="bbox 138 4885 1566 5202">
    <p class='ocr_par' dir='ltr' id='par_1_16' title="bbox 229 4885 582 4946">
     <span class='ocr_line' id='line_1_42' title="bbox 229 4885 582 4946; baseline -0.008 0"><span class='ocrx_word' id='word_1_370' title='bbox 229 4893 240 4946; x_wconf 87' lang='lat'>1</span> <span class='ocrx_word' id='word_1_371' title='bbox 257 4897 311 4944; x_wconf 77' lang='lat' dir='ltr'><strong>tres</strong></span> <span class='ocrx_word' id='word_1_372' title='bbox 327 4885 401 4944; x_wconf 82' lang='lat' dir='ltr'><strong>steht</strong></span> <span class='ocrx_word' id='word_1_373' title='bbox 418 4886 469 4942; x_wconf 86' lang='lat' dir='ltr'><strong>auf</strong></span> <span class='ocrx_word' id='word_1_374' title='bbox 483 4887 582 4943; x_wconf 86' lang='lat' dir='ltr'><strong>Rasur.</strong></span> 
     </span>
    </p>

    <p class='ocr_par' dir='ltr' id='par_1_17' title="bbox 225 4967 772 5029">
     <span class='ocr_line' id='line_1_43' title="bbox 225 4967 772 5029; baseline -0.007 0"><span class='ocrx_word' id='word_1_375' title='bbox 225 4979 241 5029; x_wconf 80' lang='lat'>2</span> <span class='ocrx_word' id='word_1_376' title='bbox 260 4973 358 5028; x_wconf 85' lang='lat' dir='ltr'><strong>Dieser</strong></span> <span class='ocrx_word' id='word_1_377' title='bbox 375 4971 481 5026; x_wconf 82' lang='lat' dir='ltr'><strong>Absata</strong></span> <span class='ocrx_word' id='word_1_378' title='bbox 501 4971 538 5025; x_wconf 86' lang='lat' dir='ltr'><strong>ist</strong></span> <span class='ocrx_word' id='word_1_379' title='bbox 553 4967 772 5026; x_wconf 79' lang='lat' dir='ltr'><strong>durchstrichen.</strong></span> 
     </span>
    </p>

    <p class='ocr_par' dir='ltr' id='par_1_18' title="bbox 138 5053 1566 5202">
     <span class='ocr_line' id='line_1_44' title="bbox 226 5053 1566 5128; baseline -0.001 -17"><span class='ocrx_word' id='word_1_380' title='bbox 226 5061 242 5111; x_wconf 88' lang='grc'>3</span> <span class='ocrx_word' id='word_1_381' title='bbox 260 5055 314 5111; x_wconf 87' lang='lat' dir='ltr'><strong>Die</strong></span> <span class='ocrx_word' id='word_1_382' title='bbox 331 5055 592 5128; x_wconf 83' lang='lat' dir='ltr'><strong>eiugeklamrncrten</strong></span> <span class='ocrx_word' id='word_1_383' title='bbox 610 5053 709 5111; x_wconf 86' lang='lat' dir='ltr'><strong>Worte</strong></span> <span class='ocrx_word' id='word_1_384' title='bbox 726 5055 788 5110; x_wconf 87' lang='lat' dir='ltr'><strong>sind</strong></span> <span class='ocrx_word' id='word_1_385' title='bbox 806 5073 851 5111; x_wconf 83' lang='lat' dir='ltr'><strong>arn</strong></span> <span class='ocrx_word' id='word_1_386' title='bbox 869 5055 966 5112; x_wconf 78' lang='lat' dir='ltr'><strong>Raude</strong></span> <span class='ocrx_word' id='word_1_387' title='bbox 983 5055 1057 5110; x_wconf 80' lang='lat' dir='ltr'><strong>links</strong></span> <span class='ocrx_word' id='word_1_388' title='bbox 1068 5055 1275 5128; x_wconf 78' lang='lat' dir='ltr'><strong>nacbgetragen</strong></span> <span class='ocrx_word' id='word_1_389' title='bbox 1288 5055 1479 5112; x_wconf 82' lang='lat' dir='ltr'><strong>unddaneben</strong></span> <span class='ocrx_word' id='word_1_390' title='bbox 1491 5053 1566 5110; x_wconf 79' lang='lat' dir='ltr'><strong>steht</strong></span> 
     </span>
     <span class='ocr_line' id='line_1_45' title="bbox 138 5139 692 5202; baseline -0.007 -4"><span class='ocrx_word' id='word_1_391' title='bbox 138 5161 195 5202; x_wconf 85' lang='lat' dir='ltr'><strong>ron</strong></span> <span class='ocrx_word' id='word_1_392' title='bbox 212 5139 355 5200; x_wconf 70' lang='lat' dir='ltr'><strong>dmelbeo</strong></span> <span class='ocrx_word' id='word_1_393' title='bbox 373 5139 457 5198; x_wconf 73' lang='lat' dir='ltr'><strong>Hand</strong></span> <span class='ocrx_word' id='word_1_394' title='bbox 474 5141 600 5196; x_wconf 72' lang='lat' dir='ltr'><strong>eddium</strong></span> <span class='ocrx_word' id='word_1_395' title='bbox 620 5144 692 5196; x_wconf 80' lang='lat'>1520.</span> 
     </span>
    </p>
   </div>
   <div class='ocr_carea' id='block_1_6' title="bbox 0 0 1916 6074">
    <p class='ocr_par' dir='ltr' id='par_1_19' title="bbox 0 0 1916 6074">
     <span class='ocr_line' id='line_1_46' title="bbox 0 0 1916 6074; baseline 0 0"><span class='ocrx_word' id='word_1_396' title='bbox 0 0 1916 6074; x_wconf 95' lang='lat' dir='ltr'><strong> </strong></span> 
     </span>
    </p>
   </div>
  </div>
 </body>
</html>
