3762 6074
337 457 398 522 506
830 457 881 507 Die
900 455 1119 520 philosophiaehe
1136 457 1261 508 Facultfvt

329 659 436 726 poena
448 639 566 720 vocati,
590 639 658 704 eius
675 639 845 702 occasione
867 661 958 704 suam
980 637 1178 705 ordinariam
1199 637 1370 704 lectionem
1390 639 1524 706 minime
1546 649 1752 726 postponant,

329 737 387 804 sed
405 761 478 803 eam
496 741 682 804 continuare
698 737 826 821 debent,
849 737 906 804 tali
925 739 1156 804 convocatione
1176 761 1242 804 non
1264 737 1423 804 obstante.
1456 738 1639 804 Tenebitur
1654 749 1754 804 tamen

329 837 406 904 talis
426 838 527 904 lector
549 840 583 902 in
606 838 740 924 propria
761 861 901 924 persona
922 837 972 903 vel
993 837 1171 924 paralium
1194 838 1385 924 magistrum
1413 837 1502 926 apud
1523 838 1684 904 decanum
1704 837 1754 902 ho·

330 948 420 1004 noste
440 961 475 1002 se
498 959 656 1002 excusare
677 946 723 1018 et,
745 961 804 1002 sua
824 937 963 1002 lectione
984 937 1115 1020 habita,
1137 947 1172 1002 ut
1201 937 1355 1003 obediens
1378 960 1579 1025 comparere.
1622 937 1752 1002 Poterit-

285 1049 301 1103 5
329 1061 392 1125 que
412 1037 475 1104 hoc
497 1059 575 1102 casu
596 1037 631 1100 in
654 1037 815 1123 principio
844 1037 1088 1103 convocationis
1118 1047 1213 1102 extra
1241 1037 1387 1102 ordinem
1418 1059 1496 1102 suae
1531 1038 1688 1102 sessionis
1717 1035 1755 1100 ad

329 1137 574 1224 requisitionem
601 1135 715 1200 decani
744 1159 836 1201 suum
867 1135 1031 1202 effundere
1059 1147 1171 1202 votum
1202 1147 1234 1202 et
1261 1147 1376 1224 postea
1404 1136 1444 1202 de
1470 1138 1586 1202 favore
1615 1135 1755 1202 eiusdem

332 1236 423 1302 abire
444 1234 602 1317 lecturus,
624 1247 656 1300 et
677 1234 903 1302 nichilominus
925 1236 1069 1321 gaudere
1098 1235 1195 1300 debet
1223 1235 1471 1302 obventionibus
1492 1247 1525 1302 et
1548 1233 1756 1302 emolimentis
1867 1261 1868 1320 3

332 1337 475 1420 integre,
497 1335 581 1400 sicut
602 1345 790 1420 praesentes
816 1335 992 1400 facultatis.
1035 1336 1084 1400 Ne
1106 1345 1217 1400 tamen
1239 1336 1320 1402 talia
1339 1336 1538 1423 frequentius
1561 1337 1756 1420 contingant,

333 1433 429 1500 debet
451 1434 536 1500 idem
559 1434 719 1516 decanus,
742 1445 896 1520 quantum
924 1433 1081 1520 possibile
1110 1436 1187 1516 crit,
1216 1459 1291 1502 suas
1320 1437 1570 1502 convocationes
1597 1433 1664 1498 illis
1684 1433 1756 1498 dun·

291 1544 426 1600 rotarat
447 1533 536 1600 horis
558 1535 683 1614 fac-ere,
704 1532 821 1618 quibus
843 1533 1036 1619 regulariter
1066 1536 1217 1618 magistri
1241 1536 1275 1600 in
1303 1535 1432 1602 actibus
1461 1533 1669 1600 scholasticis
1696 1557 1754 1598 non

330 1643 540 1719 occupantur,
563 1633 626 1698 hoc
647 1643 696 1698 est
717 1643 862 1718 tempore
884 1635 1017 1698 aestatis
1040 1632 1168 1699 decima
1190 1643 1222 1698 et
1247 1634 1428 1716 undecima,
1449 1633 1566 1700 hiemis
1588 1632 1754 1698 undecima

327 1732 424 1798 horis.
467 1732 644 1798 Parimodo
672 1732 741 1796 ficri
770 1732 866 1796 debet
899 1755 957 1819 per
984 1733 1126 1796 iuniores
1153 1735 1328 1818 magistros
1357 1733 1510 1815 lectores,
1537 1734 1573 1798 in
1600 1743 1634 1798 et
1664 1745 1754 1800 extra

330 1832 502 1896 consilium
530 1831 695 1896 facultatis
728 1830 899 1916 degentes,
931 1853 995 1918 quo
1029 1830 1072 1895 ad
1103 1833 1369 1898 convocationem
1392 1833 1516 1898 domini
1537 1834 1693 1914 rectoris,
1713 1833 1756 1898 ita
1867 1827 1868 1846 ¹

332 1942 441 1996 umen
470 1931 557 2018 quod
585 1943 743 1996 rectorem
773 1932 862 2017 prius
884 1929 1041 2012 salutent,
1070 1930 1159 2016 apud
1190 1955 1283 1996 suam
1314 1932 1567 1998 dominationem
1598 1955 1635 1998 se
1663 1955 1753 1998 excu-

291 2043 323 2096 15
334 2031 447 2111 sando,
469 2032 525 2118 qui
557 2029 690 2095 indubie
717 2053 758 2094 ex
787 2031 919 2095 honesto
952 2029 1142 2114 indulgebit.
1198 2031 1270 2096 Nisi
1302 2043 1369 2096 tam
1401 2031 1504 2096 ardua
1534 2055 1637 2098 causa
1668 2043 1756 2112 esset,

331 2129 418 2216 quod
443 2151 553 2196 omnes
574 2131 722 2214 magistri
743 2129 927 2194 huiusmodi
954 2129 1239 2212 conventionibus,
1259 2140 1325 2194 tam
1351 2133 1487 2196 rectoris
1510 2154 1608 2218 quam
1637 2132 1755 2214 decani,

327 2231 483 2296 interesse
515 2228 575 2294 sub
607 2231 761 2294 maximis
791 2230 903 2316 poenis
935 2231 1219 2315 asstringerentur,
1251 2239 1288 2294 ut
1317 2251 1525 2318 nequaquam
1545 2253 1619 2296 sese
1647 2229 1756 2296 absen-

328 2339 399 2394 tare
427 2341 570 2416 possent

411 2536 460 2597 22.
486 2547 666 2596 recreans
688 2547 733 2594 sr
756 2547 984 2594 sxnacsrvrss
1003 2547 1076 2594 non
1097 2547 1209 2594 rrcrrs
1231 2546 1296 2594 san
1319 2546 1419 2594 varus
1439 2545 1681 2596 aunrroarnus

285 2637 320 2694 2⁰
761 2646 902 2693 nasnrvr
924 2646 1017 2693 naas
1038 2645 1329 2694 sacosnrrrorrss.

414 2759 554 2850 [Bl.42⁵]
577 2761 692 2827 Nullus
705 2764 803 2826 etiam
817 2763 1045 2847 magistrorum
1060 2761 1157 2826 debet
1173 2762 1270 2826 alicui
1292 2760 1588 2848 promovendorum
1612 2760 1695 2825 dare
1714 2783 1758 2825 rc-

329 2863 546 2948 cognitionem
568 2883 665 2948 super
687 2861 850 2926 auditione
874 2859 1009 2925 alicuius
1031 2860 1178 2925 lectionis
1206 2883 1264 2925 seu
1290 2863 1463 2944 exercicii,
1483 2861 1548 2924 nisi
1571 2863 1757 2942 constiterit,

327 2961 425 3026 talem
439 2971 601 3050 petentem
614 2961 797 3025 huiusmodi
812 2963 1064 3046 recognitionem
1079 2962 1120 3026 ab
1143 2983 1180 3026 eo
1201 2961 1372 3026 lectionem
1392 2959 1445 3026 vel
1467 2962 1668 3026 exercicium
1688 2983 1758 3025 vere

330 3061 503 3126 audivisse.
559 3061 718 3128 Constare
749 3071 857 3125 autem
888 3059 950 3124 hoc
984 3064 1125 3148 poterit,
1155 3063 1231 3146 quia
1259 3083 1318 3146 per
1341 3082 1376 3124 sa
1406 3059 1508 3126 lector
1528 3059 1580 3124 vel
1604 3081 1756 3125 exercens

290 3160 430 3226 25talem
451 3163 485 3226 in
508 3161 643 3248 propria
665 3183 806 3247 persona
830 3162 992 3225 notaverit
1018 3161 1117 3225 fuisse
1140 3159 1338 3246 diligentem,
1360 3159 1412 3224 vel
1434 3181 1494 3246 per
1516 3181 1653 3226 suorum
1674 3171 1757 3226 nota-
1867 3211 1868 3220 ,

328 3271 435 3326 torum
454 3262 542 3326 circa
561 3260 673 3342 libros,
694 3283 775 3346 quos
798 3259 878 3323 dicit
899 3281 933 3322 se
956 3260 1132 3342 audivisse,
1155 3260 1381 3342 ostensionem,
1405 3270 1460 3324 ant
1482 3281 1541 3345 per
1564 3258 1647 3324 duos
1671 3259 1757 3340 alios,

330 3362 428 3426 etiam
448 3383 525 3426 suos
539 3360 753 3440 coauditores,
775 3359 958 3444 fidedignos
981 3369 1013 3423 et
1037 3359 1199 3425 studiosos
1221 3357 1395 3440 scholares,
1416 3360 1471 3444 qui
1493 3379 1593 3444 super
1614 3359 1678 3424 boc
1698 3360 1757 3424 talc
1867 3415 1868 3426 2

331 3461 551 3526 testimonium
567 3459 688 3524 dicunt.
719 3460 803 3524 Nam
822 3461 857 3523 in
873 3481 929 3524 ore
949 3457 1048 3522 duum
1067 3459 1119 3524 vel
1141 3460 1239 3523 trium
1261 3467 1334 3538 stat,
1356 3469 1393 3522 ut
1413 3456 1607 3542 evangelica
1626 3468 1758 3524 testatur

327 3561 465 3643 veritas,
489 3583 584 3625 omne
608 3561 837 3624 testimonium.
880 3557 926 3621 Et
947 3569 983 3622 ut
1010 3557 1071 3623 hoc
1100 3559 1205 3624 sciant
1232 3557 1398 3622 auditores
1420 3555 1594 3620 lactionum
1618 3567 1651 3622 et
1672 3581 1756 3624 exer·
1867 3583 1868 3594 ἢ

287 3661 495 3741 anniciorum,
508 3683 548 3724 ne
565 3670 737 3746 praetextu
751 3657 956 3744 ignorantiae
972 3681 1016 3740 se,
1038 3659 1124 3724 ultra
1146 3655 1398 3745 publicationem
1420 3677 1480 3743 per
1503 3655 1664 3722 decanum
1686 3669 1757 3723 tam·

330 3780 409 3845 pore
431 3756 579 3822 lectionis
610 3769 805 3823 statutorum
832 3759 988 3839 factam,¹
1018 3757 1149 3823 valeant
1182 3780 1357 3840 excusare,
1385 3756 1536 3841 magistri
1566 3754 1705 3822 lectores
1730 3769 1758 3821 et

331 3867 520 3922 exercentes
542 3859 577 3922 in
596 3859 757 3944 principio
780 3879 911 3922 suorum
932 3867 1063 3922 actuum
1085 3859 1353 3923 scholasticorum
1375 3877 1450 3920 suos
1472 3853 1640 3920 auditores
1665 3879 1756 3944 super
1867 3893 1868 3900 κ

330 3956 381 4020 his
404 3957 525 4021 seriose
547 3955 666 4020 debent
688 3959 817 4021 avisarc
837 3956 1070 4044 inducerequc,
1098 3958 1192 4023 bonis
1213 3957 1327 4021 mediis
1356 3953 1603 4043 persuadendo,
1628 3965 1664 4020 ut
1694 3955 1757 4020 dili-

331 4065 444 4141 genter
464 4057 585 4120 intrent
610 4078 685 4120 suas
707 4055 860 4120 lectiones
883 4067 914 4120 et
935 4059 1107 4140 exercicia,
1130 4057 1222 4121 iuxta
1244 4055 1385 4142 desuper
1407 4053 1496 4118 edita
1518 4062 1658 4138 statuta3
1686 4055 1757 4120 alio·

288 4163 322 4218 35
332 4155 409 4241 quin
441 4165 585 4242 tempore
616 4178 673 4220 suo
705 4157 957 4240 recognitionem
991 4179 1088 4243 super
1120 4155 1285 4221 auditione
1314 4152 1500 4219 huiusmodi
1528 4153 1704 4220 lectionum
1729 4167 1756 4219 ct

330 4255 564 4320 exerciciorum
586 4257 718 4321 minime
740 4254 782 4319 ab
804 4257 850 4319 eis
872 4255 1103 4342 impetrabunt.

595 4426 645 4488 23.
672 4441 719 4486 nn
742 4439 1000 4487 nrsrurarrorvs
1024 4438 1215 4488 onnmsma
1238 4435 1498 4484 naarsraosua.

416 4553 503 4636 Quia
525 4553 721 4620 sufficienter
743 4553 784 4620 de
810 4553 980 4640 diligentia
1004 4563 1036 4617 ct
1063 4552 1236 4619 lectionum
1265 4566 1296 4616 et
1325 4553 1561 4618 exerciciorum
1592 4554 1754 4640 provisum
1867 4607 1868 4654 ,

330 4664 433 4720 estet
454 4655 583 4739 singula
604 4655 716 4719 riteet
738 4667 825 4720 recte
845 4653 996 4717 videntur
1026 4675 1096 4718 esse
1125 4653 1291 4734 ordinata,
1324 4652 1398 4718 ideo
1422 4650 1531 4738 placet
1561 4674 1623 4739 pro
1644 4653 1753 4718 maiori
1867 4655 1868 4724 ζ

288 4757 531 4820 loincremento
547 4753 681 4818 etfama
694 4756 798 4820 nostri
820 4752 920 4818 studii
941 4751 1104 4817 facultatis
1126 4755 1245 4818 artium
1267 4763 1299 4816 et
1320 4753 1407 4818 omni
1428 4751 1573 4816 eiusdem
1595 4751 1753 4818 facultatis
1867 4797 1868 4802 η

330 4855 564 4942 magistrorum
587 4853 710 4920 honore
721 4905 730 4938 ,
761 4864 798 4919 ut
824 4855 921 4918 etiarn
950 4852 1126 4939 disputatio
1158 4853 1342 4936 ordinaria,
1364 4849 1579 4917 tolerabiliter
1600 4861 1707 4916 tamen
1726 4862 1754 4915 et

418 5061 427 5109 1
450 5055 514 5126 Vgl.
534 5055 555 5119 1,
577 5059 614 5122 10,
637 5051 710 5107 oben
728 5049 755 5107 S.
775 5058 833 5116 493,
846 5057 887 5108 26.
922 5051 976 5106 Die
994 5049 1214 5122 Wiedarholung
1232 5050 1281 5105 dea
1298 5049 1412 5106 Fehlera
1428 5049 1534 5106 erkltrt
1551 5049 1612 5106 sich
1628 5045 1752 5116 dadurclr,
1867 5039 1868 5050 ³

329 5139 393 5193 dass
412 5139 502 5196 dieser
519 5135 685 5212 Paragraph
704 5155 759 5193 von
776 5137 838 5193 dam
855 5135 985 5192 fritheren
1002 5134 1220 5210 abgeschriaben
1238 5135 1321 5192 ward.
