3762 6074
492 513 586 563 ronne
606 509 871 578 Statutenredactton,
889 525 950 562 vom
968 509 1051 564 dabra
1072 514 1142 564 1501.
1483 515 1544 577 493

124 694 166 757 rit
189 717 247 758 seu
268 695 352 758 inter
374 717 410 758 se
430 693 700 777 discordaverint,
721 693 818 760 talem
842 717 973 760 causam
993 693 1038 759 ad
1061 695 1203 759 seniores
1229 693 1280 758 vel
1308 703 1407 758 totam
1436 694 1540 757 remit·

121 803 189 858 tere
211 791 407 857 facultatem.

123 964 167 1026 lll-
196 976 243 1022 DE
270 975 501 1024 LECTIONIBUS
526 978 571 1024 ET
594 977 787 1026 exercemus
809 975 1023 1025 DlLlGENTER
1043 977 1231 1025 adornante
1253 978 1273 1024 Α
1295 975 1543 1024 Pnottovnnnrs

724 1077 759 1125 IN
791 1077 949 1126 ARTIBUS.

205 1173 292 1254 Quia
315 1175 452 1240 facultas
475 1175 592 1240 artium
613 1199 673 1263 pro
694 1177 890 1240 incremento
912 1176 1011 1240 studii
1029 1176 1172 1240 eiusdem
1201 1177 1288 1240 omni
1311 1197 1395 1239 anno
1417 1173 1542 1238 notabi·
1568 1185 1584 1238 5

121 1273 182 1338 lem
204 1273 381 1339 lectoribus
403 1275 577 1340 ordinariis
600 1277 634 1339 in
655 1275 781 1340 artibus
803 1279 959 1341 institutis
979 1275 1137 1360 expendit
1158 1277 1343 1362 pecuniam,
1371 1276 1425 1358 qui
1448 1275 1545 1338 etiam

126 1381 180 1450 (ut
201 1376 405 1462 experientia
426 1373 542 1451 habet)
564 1375 624 1438 hoc
645 1385 791 1462 tempore
813 1399 940 1441 summa
962 1398 1033 1440 cunt
1056 1374 1225 1460 diligentia
1244 1384 1276 1438 et
1295 1377 1458 1438 fructuose
1471 1395 1545 1437 suas

117 1473 230 1558 legunt
252 1473 405 1539 lectiones
435 1495 474 1537 ac
507 1473 659 1560 deinceps
688 1475 722 1539 in
750 1477 932 1562 profectum
960 1477 1062 1538 nostri
1096 1473 1194 1538 studii
1223 1483 1255 1538 et
1282 1472 1476 1538 scholarium
1499 1473 1546 1536 sic

120 1571 185 1658 legi
208 1573 348 1638 debeant
369 1574 403 1637 in
424 1583 616 1659 perpetuum
638 1585 706 1656 ete,
737 1575 778 1640 ob
799 1572 834 1638 id
856 1575 969 1639 statuit
990 1572 1128 1637 t'actdtas
1150 1574 1233 1658 ipsa,
1262 1581 1292 1638 et
1313 1573 1422 1656 utique
1444 1573 1541 1636 ratio·

120 1672 283 1753 nabiliter,
306 1672 391 1760 quod
413 1673 550 1760 quisque
571 1674 810 1759 promovendus
832 1687 864 1738 et
885 1671 1050 1758 complens
1077 1673 1111 1736 in
1139 1672 1263 1736 artibus
1284 1671 1414 1735 easdem
1434 1670 1586 1734 lectio-10

120 1795 189 1854 nes,
211 1771 254 1836 ad
276 1771 399 1858 gradm
422 1771 659 1837 baccalariatus
680 1795 737 1838 seu
757 1773 937 1858 magisterii
957 1782 1152 1858 spectantes,
1173 1770 1345 1856 diligenter
1357 1769 1470 1834 audire
1490 1769 1543 1834 de·

125 1871 212 1953 beat,
235 1870 356 1936 nullam
378 1873 448 1936 sine
468 1893 568 1935 caum
589 1872 774 1936 rationabili
796 1872 1005 1956 negligand03
1034 1893 1110 1935 nam
1130 1879 1221 1934 recta
1241 1871 1325 1934 ratio
1347 1870 1540 1956 expostulat,

125 1971 224 2058 quod,
246 1972 330 2034 sicut
349 1970 486 2035 lectores
509 1973 659 2055 magistri
680 1975 747 2036 suis
769 1975 948 2058 promissis,
968 1973 1065 2034 immo
1086 1971 1286 2050 iuramentis,
1308 1968 1351 2032 ad
1371 1969 1544 2056 diligenter

127 2079 159 2133 et
180 2071 347 2134 fructuose
367 2069 541 2156 legendum
563 2072 821 2156 asstringantur,
851 2071 897 2134 ita
928 2079 960 2134 et
985 2069 1148 2134 scholares
1170 2068 1340 2156 parimodo
1361 2068 1544 2134 huiusmodi

119 2167 277 2233 lectiones
298 2168 413 2234 audim
433 2171 530 2234 etiam
553 2169 612 2234 sub
636 2173 701 2234 suis
724 2171 936 2234 iuramentis¹
959 2192 1016 2234 scu
1038 2169 1124 2233 bona
1146 2168 1220 2250 lide,
1244 2189 1326 2252 quae
1347 2167 1586 2255 aequipollettt

121 2269 314 2350 iuramento,
338 2267 457 2332 debent
479 2291 551 2334 esse
573 2271 724 2334 asstricti.
766 2269 811 2334 Et
832 2283 867 2332 ut
888 2285 1037 2334 constare
1059 2270 1178 2354 poterit
1199 2267 1239 2332 de
1254 2267 1424 2352 diligentia
1438 2267 1545 2333 huius-

121 2365 210 2431 modi
232 2365 425 2449 lectionum,
468 2370 516 2433 sie
536 2369 719 2434 auditarum
750 2393 809 2457 per
830 2368 1083 2457 promovendos,
1126 2378 1273 2454 tempore
1295 2367 1545 2454 dispensationis

120 2465 311 2554 proaliquo
333 2466 440 2553 gradu
461 2471 495 2532 in
516 2469 642 2534 artibus
663 2492 735 2534 cum
758 2469 844 2533 nullo
866 2467 1086 2555 promovendo
1109 2467 1292 2552 dispensari
1306 2467 1433 2548 debeat,
1456 2463 1544 2554 [35⁸]

123 2566 187 2629 nisi
209 2563 331 2630 habeat
353 2569 605 2652 recognitionem
625 2568 766 2651 lectoris,
791 2593 811 2633 a
833 2589 896 2654 qno
919 2567 1061 2655 aliquam
1079 2565 1248 2630 lectionem
1265 2566 1464 2631 ordinariam
1487 2589 1545 2652 pro

124 2687 184 2729 sna
204 2665 418 2752 completione
441 2666 575 2749 audivit,
599 2669 653 2754 qui
676 2667 858 2733 huiusmodi
880 2669 1133 2753 recognitionem
1161 2688 1259 2730 manu
1285 2669 1420 2752 propria
1450 2667 1587 2752 proti-20

122 2775 241 2847 tentur,
263 2765 324 2848 .N.,
343 2765 440 2830 talem
464 2765 653 2848 scholarem,
675 2766 847 2852 diligenter
870 2791 961 2832 snam
981 2766 1151 2831 lectionem
1175 2765 1335 2830 visitasse.
1369 2763 1477 2845 Quam
1498 2789 1547 2832 re·

126 2865 345 2950 cognitionem
368 2868 395 2928 si
416 2887 479 2930 non
502 2865 686 2930 exhibuerit
707 2865 829 2932 decerno
844 2867 1009 2932 facultatis
1020 2875 1167 2950 tempore
1179 2866 1368 2950 praemisso,
1390 2877 1546 2952 tanquam

122 2965 255 3028 omnino
279 2962 446 3050 negligens
468 2975 637 3051 reputatus
658 2975 689 3029 et
710 2989 772 3030 non
795 2966 959 3053 complens
980 2973 1088 3052 potest
1102 2974 1134 3028 et
1150 2963 1245 3027 debet
1263 2964 1428 3050 impediri.
1463 2967 1545 3030 (lon-

122 3063 239 3128 similis
262 3060 377 3128 modus
399 3063 439 3128 de
461 3066 631 3128 exerciciis
653 3065 773 3130 auditis
795 3087 855 3152 per
876 3063 1117 3150 promovendos
1146 3061 1242 3126 debet
1271 3067 1405 3128 servari.
1447 3063 1492 3128 Et
1513 3073 1549 3128 ut

122 3161 184 3226 hoc
206 3163 312 3228 sciant
331 3163 496 3230 auditores
523 3162 695 3228 lectionum
724 3173 756 3228 et
782 3165 1028 3244 exercitiorum,
1070 3185 1110 3226 ne
1140 3171 1312 3248 praetextu
1339 3163 1584 3248 ignorantiam

122 3261 222 3335 (ultra
243 3259 495 3346 publicationem
518 3285 577 3349 per
598 3262 754 3326 domnum
776 3275 921 3348 tempore
949 3263 1096 3327 lectionis
1119 3269 1312 3326 statutorum
1339 3263 1493 3341 factam)²
1512 3285 1546 3326 se

122 3361 256 3425 valeant
281 3383 447 3444 excusare,
467 3364 615 3447 magistri
634 3362 771 3428 lectores
795 3373 827 3426 et
844 3373 1031 3426 exercentes
1049 3363 1083 3425 in
1096 3361 1257 3447 principio
1271 3381 1403 3426 suorum
1415 3372 1545 3426 actuum

123 3461 390 3526 scholasticorum
412 3485 487 3527 suos
509 3462 672 3526 auditores
694 3483 791 3548 super
812 3461 863 3526 his
885 3463 1006 3526 seriose
1025 3460 1143 3525 debent
1152 3461 1306 3524 avisare³
1325 3460 1543 3546 inducereque

123 3560 218 3624 bonis
241 3560 356 3624 mediis
379 3561 616 3647 persuadendo,
639 3571 674 3624 ut
696 3561 817 3625 intrent
846 3560 1018 3647 diligenter
1044 3581 1120 3624 suas
1149 3558 1303 3623 lectiones
1332 3571 1364 3623 et
1385 3559 1547 3624 exercicia

122 3661 217 3726 iuxta
239 3659 380 3747 desuper
401 3660 490 3726 edita
511 3669 648 3744 statuta3
670 3659 814 3748 alioquin
836 3683 893 3725 suo
916 3669 1061 3747 tempore
1077 3661 1330 3746 recognitionem
1342 3681 1439 3745 super
1450 3659 1540 3723 audi·
1552 3669 1586 3724 30

122 3761 210 3823 tione
232 3758 416 3826 huiusmodi
436 3759 606 3825 lectionum
628 3769 661 3824 et
682 3762 919 3826 exerciciorum
939 3761 1071 3824 minime
1093 3757 1135 3824 ab
1161 3761 1207 3824 eis
1225 3759 1452 3845 impetrabunt

134 3965 181 4024 ll.
213 3977 357 4036 QUANTO
380 3977 544 4026 TEMPORE
575 3978 654 4038 Qnrs
684 3977 718 4024 IN
742 3977 808 4024 HAG
832 3977 1082 4025 UNIVERSITATE
1104 3977 1196 4026 ANTE
1220 3975 1357 4048 GRADUE
1378 3977 1547 4025 Baccana-

468 4078 591 4128 EIATUS
614 4076 906 4125 CONSEOUTIONEM
928 4075 1039 4124 srael:
1059 4077 1208 4125 DEBEAT.

210 4207 326 4274 Nullus
349 4209 445 4276 debet
470 4209 597 4274 admitti
619 4210 661 4275 ad
685 4233 822 4275 examen
850 4233 909 4297 pro
936 4209 1042 4295 gradu
1073 4209 1328 4292 baccalariatus,
1370 4211 1424 4296 qui
1457 4211 1548 4296 prius

128 4311 162 4374 in
184 4308 251 4373 alia
273 4309 483 4374 universitate
505 4332 569 4374 non
591 4312 711 4392 stetit,⁴
739 4311 803 4375 nisi
832 4310 874 4375 ad
895 4311 1001 4373 minua
1029 4311 1062 4374 in
1085 4311 1148 4374 ista
1168 4309 1379 4373 universitate
1401 4311 1588 4374 steterit⁵35

126 4409 223 4497 quasi
248 4409 289 4472 ad
313 4408 450 4474 alterum
472 4409 640 4474 dimidium
661 4431 789 4475 annum.
811 4409 855 4474 Et
875 4408 937 4474 hoc
956 4401 1078 4495 ‘qnasi'
1101 4431 1165 4474 non
1188 4408 1337 4472 diminuit
1358 4409 1430 4496 plus
1452 4431 1548 4495 quam

124 4533 183 4574 sex
206 4509 415 4596 septimanas.

213 4763 222 4812 t
245 4757 299 4812 Am
316 4757 429 4812 Raude:
450 4757 596 4828 Obtiqacio
612 4759 825 4812 iuramentornm
842 4765 880 4811 eat
894 4757 1003 4810 athleta
1019 4757 1127 4810 ‹naen›
1138 4757 1291 4826 jamdictae
1312 4763 1383 4813 1520.

215 4847 230 4896 2
249 4841 303 4896 Die
321 4841 405 4913 (auch
422 4841 459 4896 im
479 4841 615 4912 Original)
632 4841 659 4896 in
678 4837 836 4898 Ktammetn
855 4840 1063 4912 geschlossenen
1081 4841 1179 4896 Worte
1196 4842 1316 4912 gchttren
1330 4841 1400 4894 wohl
1416 4845 1472 4894 eret
1489 4839 1546 4894 bin·

122 4933 166 4984 ter
182 4945 314 4982 marcore
331 4927 373 4981 ala
389 4925 499 4996 Beginn
518 4927 567 4980 des
585 4925 761 4982 Nachsatzes.

210 5016 226 5064 ³
244 5011 356 5066 Drtiber
371 5009 550 5080 geschrieben
569 5011 718 5064 caltortari.

208 5101 225 5151 4
245 5093 356 5148 Drtiber
372 5093 551 5164 geschrieben
568 5095 630 5162 epit.

209 5184 225 5232 t
244 5177 515 5249 Uebergeschrieban
532 5178 624 5248 aperit.
