3768 6072
382 547 444 610 246
956 543 1011 593 Das
1028 541 1117 593 Helas
1135 541 1239 604 colleg.

384 725 616 814 Grymmenses
637 735 669 791 et
693 721 760 788 divi
783 722 872 790 Petri
900 735 975 812 post
1001 726 1234 792 monasterium
1255 721 1517 812 praedicatorum
1546 747 1652 813 prope
1676 723 1799 808 fontem,

387 826 636 892 fructificantem
664 825 836 911 quotannis
863 835 1001 913 quatuor
1021 825 1161 892 florenos
1187 845 1339 890 renenses
1367 825 1402 888 in
1429 826 1578 912 pecnnia.
1616 825 1671 890 De
1692 823 1801 914 quihus

384 929 419 991 in
440 925 662 992 anniversario
682 921 822 1010 praefati
843 924 968 990 domini
990 925 1142 1008 doctoris,
1165 922 1302 1010 singulis
1322 923 1416 988 annis
1434 925 1470 988 in
1489 923 1570 989 aede
1592 925 1662 990 divi
1682 922 1801 990 ilreolai

386 1027 500 1112 quinta
531 1025 613 1090 feria
644 1033 717 1110 post
747 1022 870 1090 Kiliani
903 1047 977 1090 curn
1004 1023 1126 1110 vigiliis
1154 1033 1185 1088 et
1213 1024 1359 1110 sequenti
1387 1045 1460 1088 cnm
1488 1025 1597 1088 missis
1627 1024 1800 1090 animarum

342 1134 359 1189 5
384 1122 589 1206 celebrando,
611 1122 708 1188 dator
719 1119 848 1189 domino
869 1123 1010 1211 plebano
1031 1147 1113 1188 nnus
1135 1123 1286 1204 florenus,
1307 1123 1392 1186 inter
1411 1124 1577 1188 ministros
1600 1133 1633 1188 et
1653 1122 1800 1188 officiales

383 1247 457 1290 snos
486 1221 690 1302 dividendus,
720 1233 816 1307 prout
844 1224 878 1287 in
909 1223 1025 1288 litteris
1055 1223 1307 1288 confirmationis
1337 1222 1483 1309 episcopi
1510 1220 1801 1308 Mersseburgensis

382 1321 521 1411 desuper
542 1321 696 1388 confectis
719 1320 805 1388 clare
828 1324 1008 1388 continetur
1031 1331 1064 1387 et
1091 1331 1140 1386 est
1161 1344 1366 1409 expressnm3
1394 1322 1471 1386 item
1491 1320 1532 1386 de
1553 1321 1669 1387 eadem
1688 1344 1799 1387 memo-

381 1423 432 1486 ria
461 1420 626 1508 collegiati
656 1420 750 1486 huius
779 1420 917 1508 collegii,
947 1424 982 1486 in
1013 1423 1202 1509 praemissis
1224 1420 1338 1487 officiis
1360 1419 1582 1486 defunctorum
1608 1431 1799 1508 praesentes,

382 1519 548 1587 habebunt
568 1542 669 1585 unum
690 1519 847 1584 florenum
869 1541 943 1585 cum
963 1522 1080 1604 medio,
1107 1521 1274 1586 residuum
1294 1542 1372 1586 vero
1394 1541 1454 1606 pro
1475 1541 1573 1586 censu
1600 1529 1738 1608 quatuor
1757 1536 1800 1606 qq,

344 1631 374 1686 10
382 1618 569 1686 abbatissae
592 1618 883 1684 sanctimonialium
903 1630 998 1686 extra
1018 1643 1128 1685 muros
1141 1621 1332 1708 Liptzenses
1352 1615 1577 1706 persolvendo,
1598 1630 1631 1684 et
1647 1629 1801 1684 structura

381 1720 496 1785 domus
516 1718 662 1784 eiusdem
683 1716 912 1802 reservabitur,
940 1721 1035 1785 sicuti
1055 1720 1090 1784 in
1111 1721 1288 1806 praetactis
1309 1718 1425 1784 litteris
1447 1718 1708 1785 confirmacionis
1728 1717 1800 1782 haer

381 1829 414 1884 et
440 1819 506 1884 alia
532 1817 659 1905 plenius
682 1828 757 1882 sunt
777 1840 936 1905 expressa
956 1827 988 1883 et
1007 1819 1182 1906 descripta
1223 1818 1268 1882 Et
1287 1818 1415 1883 litterae
1436 1827 1624 1906 praetactae
1645 1820 1680 1883 in
1699 1817 1801 1883 ladnla

384 1919 454 1983 sive
476 1919 596 1983 scrinio
618 1915 747 2003 collegii
769 1919 982 1995 continentur,
1004 1941 1087 2006 qnae
1106 1917 1159 1984 vel
1180 1917 1266 2006 qnod
1289 1927 1338 1982 est
1358 1920 1392 1982 in
1409 1917 1609 1984 bibliotheca
1630 1917 1765 2004 collegii.

465 2023 493 2086 8·
515 2015 577 2106 [Bl.
600 2021 639 2082 27
647 2013 674 2104 b]
702 2017 838 2104 Insuper
859 2039 943 2082 anno
967 2017 1137 2082 millesimo
1157 2009 1474 2102 quadringentesimo
1495 2017 1800 2103 nonagesimotercio

344 2119 495 2200 150493)
518 2114 599 2182 obiit
621 2115 809 2203 spectabilis
826 2127 857 2181 et
877 2119 1028 2204 egregins
1044 2116 1192 2184 dominus
1213 2116 1415 2182 Iohannes
1437 2115 1588 2181 Brandt
1609 2115 1657 2180 de
1677 2115 1799 2182 Rotin·

380 2217 526 2302 burga,
547 2217 762 2302 ingenuarum
784 2218 901 2282 artium
923 2239 1049 2282 necnon
1069 2217 1173 2281 tocius
1194 2215 1419 2303 philosophiae
1438 2227 1470 2280 et
1491 2237 1605 2280 sacrae
1625 2215 1799 2302 theologiae

382 2317 546 2403 professor
576 2337 615 2380 ac
636 2314 730 2380 huius
753 2314 881 2402 collegii
910 2316 1110 2402 collegiatus,
1137 2317 1230 2380 cuius
1256 2316 1491 2380 testamentarii
1518 2315 1649 2382 fuerunt
1674 2337 1798 2403 praeno

383 2417 497 2481 minati
528 2415 650 2482 domini
680 2413 830 2480 doctores
860 2425 892 2479 et
923 2417 1074 2502 magistri
1102 2414 1316 2480 Leonhardus
1345 2413 1583 2500 Messenberglr
1612 2415 1799 2502 Liptnensis,

382 2515 538 2581 ecclesiae
563 2514 840 2600 Nawnbnrgensis
864 2509 1043 2580 'canonicus
1072 2525 1142 2598 etc,
1171 2524 1204 2579 et
1229 2513 1389 2580 lohannes
1418 2511 1624 2600 Reynhardt,
1654 2515 1799 2580 ecelesiae

342 2613 682 2701 tohiersseburgensis
709 2615 896 2696 canonicus,
926 2617 981 2702 qui
1011 2614 1146 2701 collegio
1174 2623 1286 2680 nostro
1314 2635 1375 2702 pro
1403 2613 1633 2680 observatione
1661 2617 1797 2679 anniver-

384 2715 462 2779 sarii
483 2713 624 2800 praefati
644 2711 766 2776 domini
788 2711 930 2778 doctoris
951 2713 1078 2778 Brandt
1104 2714 1352 2799 assignaverunt
1374 2715 1546 2799 quotannis
1566 2713 1649 2778 duos
1672 2713 1799 2779 florenos

383 2813 424 2879 de
451 2812 602 2878 censibus
629 2813 771 2899 quinque
796 2811 877 2894 flor,
906 2835 987 2898 quos
1016 2812 1114 2878 solvit
1141 2813 1394 2900 circumspectus
1415 2811 1575 2878 Iohannes
1597 2813 1751 2900 Koninglr
1769 2815 1798 2876 in

383 2914 520 2978 termino
547 2911 698 2977 Mihaelis
727 2911 768 2976 de
799 2921 927 2977 centum
955 2912 1097 2994 florenis,
1129 2911 1170 2976 de
1205 2912 1299 2978 domo
1330 2913 1484 2978 antedicti
1514 2911 1638 2978 domini
1667 2913 1798 2978 doctoris

382 3011 446 3078 sibi
467 3013 601 3078 vendita
622 3011 704 3078 solvi
729 3009 937 3094 restantibus,
967 3010 1027 3077 sub
1049 3010 1144 3076 titulo
1167 3011 1409 3100 redemptionis,
1436 3005 1602 3098 quousque
1622 3012 1716 3078 aliter
1734 3035 1797 3099 pro

342 3113 488 3177 ttrisnm
514 3111 627 3194 fierit,
658 3131 795 3195 qnorum
816 3120 882 3175 tres
906 3109 1024 3176 cedunt
1045 3110 1200 3176 beneficio
1223 3121 1255 3176 et
1275 3111 1339 3176 duo
1365 3120 1476 3176 nostro
1504 3110 1651 3198 collegio,
1679 3113 1719 3177 de
1740 3113 1797 3200 qni·

382 3211 442 3276 bus
465 3211 590 3278 dnobus
609 3210 739 3276 florenis
761 3209 879 3274 dantur
900 3210 1038 3297 plebano
1061 3213 1165 3276 sancti
1185 3210 1311 3276 Nicolai
1334 3209 1518 3297 quindecim
1540 3214 1659 3298 grossi,
1680 3223 1711 3276 et
1729 3213 1796 3275 resi·

382 3310 479 3376 dnum
489 3314 575 3376 inter
586 3309 774 3396 collegiatos
789 3309 882 3374 huius
898 3309 1036 3396 collegii,
1050 3309 1156 3376 officio
1174 3307 1371 3376 defunctorie
1386 3311 1625 3394 interessentes,
1640 3311 1797 3376 dividitur.

382 3411 426 3476 Et
447 3411 495 3476 ita
514 3412 579 3476 iam
602 3409 688 3475 ultra
710 3409 822 3474 decom
843 3431 944 3476 annos
965 3409 1173 3474 observatum
1200 3418 1263 3492 est,
1293 3432 1357 3476 non
1381 3408 1529 3474 obstante
1551 3409 1797 3476 contradictione

382 3509 545 3576 licenciati
556 3509 700 3574 Mathiae
715 3509 951 3590 Frawendinst,
974 3509 1106 3575 maioris
1127 3508 1254 3596 collegii
1278 3509 1449 3596 collegiati,
1471 3511 1535 3597 qui,
1558 3521 1683 3576 attenta
1699 3519 1798 3576 nostra

345 3610 488 3696 tolonga
509 3610 724 3697 possessione,
746 3619 860 3674 contra
881 3631 940 3674 nos
961 3607 1127 3696 hucusque
1146 3609 1226 3674 nihil
1249 3607 1394 3674 obtinere
1417 3611 1531 3696 potuit.
1558 3609 1603 3674 Et
1624 3609 1797 3677 celebratur

381 3712 446 3774 ists
467 3709 624 3774 memoria
644 3707 779 3792 singulis
800 3707 894 3772 annis
915 3709 949 3772 in
970 3706 1024 3772 die
1046 3709 1149 3772 sancti
1168 3708 1337 3774 Laurentii
1358 3730 1431 3772 cum
1452 3707 1570 3796 vigiliis
1601 3721 1633 3774 et
1662 3709 1795 3798 sequenti

382 3831 456 3874 cum
475 3809 585 3872 missis
609 3807 817 3870 animarum¹

578 3903 710 3992 Scripta
729 3905 811 3970 haec
832 3900 903 3990 (No.
925 3911 944 3970 7
967 3929 995 3968 o.
1009 3847 1050 3991 Ι8)
1072 3915 1147 3971 sunt
1172 3913 1258 3990 1506,
1279 3907 1312 3972 in
1334 3907 1387 3972 die
1407 3906 1607 3972 Palmamm.

464 4075 492 4137 9.
515 4067 577 4158 [Bl.
599 4067 671 4160 28⁸]
693 4069 839 4135 Dehino²
860 4093 943 4136 anno
966 4071 1134 4137 millesimo
1155 4071 1472 4159 quadringentesimo
1493 4076 1705 4159 nonagesimo
1723 4095 1796 4138 nono

344 4184 377 4239 35
386 4173 469 4238 feria
489 4172 592 4236 tercia
613 4169 848 4257 penthecostes,
871 4193 955 4257 quae
976 4173 1038 4236 fuit
1058 4171 1229 4236 undecima
1249 4173 1368 4236 mensis
1389 4171 1470 4236 Maii
1492 4179 1585 4250 (1499
1605 4179 1633 4237 d.
1654 4181 1698 4240 lt.
1718 4175 1795 4250 Mol,

383 4271 465 4338 obiit
494 4273 664 4336 intestatus
694 4267 892 4356 prochdolor
922 4273 1072 4356 egregius
1100 4281 1131 4335 et
1160 4269 1303 4334 eruditus
1330 4273 1391 4352 vir,
1422 4270 1572 4336 dominus
1600 4271 1795 4338 Martinus

383 4371 513 4457 Sporn
533 4367 936 4452 Franckfordensis,
965 4371 1083 4433 artium
1111 4379 1142 4432 et
1171 4392 1284 4434 sacrae
1308 4369 1489 4458 theologiae
1511 4371 1685 4457 professor,
1713 4383 1742 4435 et
1760 4369 1795 4434 ob

382 4468 417 4534 id
438 4468 524 4534 bona
546 4493 605 4534 sua
634 4468 676 4534 ad
706 4491 781 4534 suos
811 4481 947 4554 agnatos
969 4479 1001 4534 et
1022 4478 1176 4554 cognatos
1198 4470 1415 4555 proximiores
1438 4469 1702 4538 devolvebantur.
1740 4469 1795 4548 Qui

381 4567 510 4656 quidem
535 4567 647 4654 agnati
668 4577 699 4630 et
725 4569 855 4652 cognati
881 4590 1032 4632 successu
1053 4569 1208 4653 temporis
1236 4567 1278 4632 ad
1308 4570 1502 4632 instanciam
1532 4571 1795 4658 praescriptorum

340 4677 413 4732 loct
435 4667 771 4754 saepenominatorum
792 4667 994 4732 dominorum
1017 4667 1184 4732 doctorum
1205 4679 1237 4731 et
1259 4669 1499 4753 magistrorum,
1522 4667 1708 4734 Leonhardi
1721 4667 1795 4730 hles·

381 4765 553 4852 senbergk,
577 4764 732 4832 ecclesiae
748 4765 1042 4852 Nawenburgensis
1056 4767 1211 4850 canonici,
1232 4789 1358 4832 necnon
1373 4767 1527 4832 Iohannis
1540 4768 1729 4854 Reynhardt
1741 4777 1792 4831 etc.

381 4876 413 4930 et
433 4865 637 4954 quorundam
665 4864 801 4930 aliorum
822 4868 1053 4951 magistrorum
1080 4865 1121 4930 de
1149 4866 1285 4951 collegio
1311 4887 1371 4952 pro
1401 4867 1625 4932 anniversario
1652 4877 1795 4954 perpetuo

457 5137 468 5187 1
490 5132 546 5186 Am
563 5129 648 5186 obern
667 5128 764 5184 Rauda
781 5147 837 5186 von
855 5131 971 5186 anderen
988 5131 1084 5188 fland:
1105 5133 1240 5188 Iohannis
1255 5133 1368 5188 ΒΜ
1384 5141 1508 5190 matres
1524 5137 1735 5192 maim.

456 5221 471 5272 2
491 5217 555 5273 Von
570 5212 715 5272 desselben
731 5214 815 5270 Hand
833 5213 883 5268 wie
900 5220 914 5270 7
932 5231 959 5270 o.
979 5219 1003 5272 8.
