3768 6072
360 457 418 521 182
925 451 979 500 Dae
997 463 1091 518 grosse
1111 451 1214 514 Colleg.

372 643 420 702 36.
442 655 488 701 ou
512 653 627 702 rosus
648 652 833 700 rurusurrs
854 651 1057 700 conessum
1077 651 1230 698 1111111111
1252 651 1319 698 ursr
1342 651 1409 697 rra
1431 652 1572 700 roursu
1596 652 1773 700 connecti.

441 772 480 835 ln
502 770 733 856 praepositura
754 767 797 832 M.
819 766 983 832 Helmoldi
1006 767 1046 832 de
1068 765 1241 832 Soltwedel
1262 771 1450 846 (trra—24)
1477 767 1675 851 conclusum,
1704 767 1792 855 quod

358 869 465 936 nullus
487 871 585 934 intret
606 867 773 953 collegium
796 867 847 932 vel
870 877 965 931 exeat
988 868 1051 932 nisi
1080 889 1140 952 per
1160 866 1290 932 valvam
1318 865 1445 952 collegii
1472 866 1523 931 vel
1551 877 1681 953 portam
1709 869 1792 932 eius-

359 969 443 1051 dem,
467 969 526 1033 sub
550 991 655 1056 poena
676 966 872 1032 exclusionis
892 989 912 1031 a
933 966 1070 1052 collegio
1091 966 1143 1031 vel
1163 967 1288 1049 floreni,
1309 965 1519 1031 effectualiter
1541 990 1601 1054 pro
1624 976 1793 1032 structura

318 1081 333 1134 5
360 1068 488 1154 collegii
511 1067 746 1134 convertendi.¹

524 1241 572 1302 37.
595 1253 642 1299 ns
665 1249 919 1300 usmirurcmus
941 1250 1013 1298 sou
1035 1251 1319 1300 mruoouexuors
1339 1252 1375 1298 m
1396 1250 1609 1300 conessum

439 1370 521 1434 Item
543 1367 630 1456 quod
652 1367 760 1432 nullus
789 1366 831 1430 ad
860 1365 1031 1450 collegium
1058 1367 1244 1432 introducat
1264 1366 1317 1431 vel
1346 1369 1378 1431 in
1401 1390 1438 1432 eo
1460 1369 1598 1454 recipiat
1629 1367 1673 1432 ad
1704 1391 1791 1432 corn-

357 1469 487 1534 modum
515 1491 607 1534 suurn
635 1469 836 1532 meretricem
867 1466 918 1530 vel
947 1475 1054 1530 actum
1082 1489 1255 1531 venereum
1284 1467 1365 1531 inibi
1395 1479 1560 1550 exerceat,
1591 1467 1651 1532 sub
1684 1491 1794 1554 poena

359 1577 535 1656 perpetuae
561 1567 758 1633 exclusionis
780 1589 800 1630 a
821 1566 957 1652 collegio
980 1565 1031 1632 vel
1059 1567 1198 1632 duarum
1227 1589 1465 1652 sexagenorum
1495 1589 1698 1653 grossorum,
1732 1589 1793 1653 pro

321 1681 352 1734 10
364 1677 525 1734 structura
545 1667 673 1751 collegii
694 1665 933 1731 solvendarum.

806 1839 856 1900 38.
877 1851 925 1898 1111
948 1849 1126 1898 culusum
1149 1847 1324 1898 centron.

442 1967 524 2032 Item
548 1965 682 2051 quilibet
711 1967 916 2052 praepositus
943 1973 1071 2030 tenetur
1097 1962 1267 2052 collegium
1294 1967 1404 2032 facere
1432 1966 1539 2031 claudi
1566 1967 1685 2053 hyeme
1713 1967 1795 2032 hora

357 2090 454 2148 nona,
483 2067 516 2130 in
538 2076 662 2131 aestate
686 2066 767 2130 hora
795 2065 931 2148 decima,
957 2074 988 2129 et
1010 2075 1084 2152 pest
1108 2064 1292 2130 huiusmodi
1320 2065 1504 2130 clausuram
1526 2067 1631 2132 nullus
1661 2069 1795 2132 omnino

359 2167 401 2232 ad
431 2166 600 2253 collegimn
623 2167 857 2230 intromittatur
878 2166 941 2230 nisi
964 2164 1005 2228 de
1033 2164 1166 2250 speciali
1196 2187 1353 2230 consensu
1381 2167 1561 2252 praepositi
1586 2177 1618 2230 ct
1646 2168 1795 2252 superio-

319 2278 350 2334 15
359 2291 431 2334 rum
453 2267 665 2333 aedituorum.

591 2419 639 2482 33.
661 2433 707 2479 ns
731 2431 1022 2481 couvuuroumus
1042 2433 1087 2480 ur
1113 2431 1283 2481 ruomsso
1306 2433 1514 2482 suussmuu.

442 2551 524 2614 Item
554 2547 690 2636 quilibet
722 2559 898 2614 conventor
931 2561 1077 2635 tempore
1105 2549 1327 2614 conventionis
1354 2547 1473 2614 bursae
1503 2559 1630 2614 tenetur
1659 2551 1795 2636 promit·

360 2660 437 2730 tere,
467 2647 554 2732 quod
579 2646 700 2710 nullum
722 2645 765 2712 ad
786 2648 921 2713 bursam
942 2647 1020 2712 velit
1040 2647 1221 2732 admittere,
1249 2649 1312 2714 nisi
1336 2651 1513 2735 promittat,
1542 2649 1640 2734 quod,
1669 2649 1700 2714 si
1723 2673 1795 2713 cum

360 2757 473 2813 contra
495 2756 616 2811 statuta
637 2744 796 2812 excedere
818 2749 998 2832 contingat,
1027 2768 1164 2832 poenam
1193 2749 1226 2812 in
1252 2747 1374 2814 eisdem
1403 2771 1594 2834 expressam
1623 2759 1743 2836 sponte
1765 2759 1798 2813 et

318 2847 543 2914 20voluntarie
566 2846 645 2911 velit
672 2845 808 2928 solvere,
838 2858 870 2911 et
898 2845 983 2934 quod
1006 2847 1038 2910 iu
1066 2845 1140 2910 aliis
1162 2847 1352 2912 excessibus
1378 2849 1411 2912 in
1435 2846 1571 2934 collegio
1594 2851 1796 2936 perpetratis

359 2949 393 3012 in
415 2947 588 3012 dictamine
610 2944 737 3031 collegii
759 2945 836 3010 velit
858 2955 952 3010 stare.

358 3121 408 3182 40.
439 3131 486 3178 DE
508 3131 706 3180 sotericus:
728 3130 899 3178 Pacuuius
923 3129 991 3176 PRO
1014 3129 1219 3178 srm'cruus
1242 3129 1376 3178 STUBAE
1399 3131 1563 3180 BURSALIS
1586 3131 1795 3181 expostum.

442 3247 524 3312 Item
546 3245 633 3335 quod
661 3247 800 3334 pecunia
828 3269 887 3334 per
908 3246 1084 3334 magistros
1108 3245 1292 3310 contributa
1312 3269 1372 3332 pro
1396 3257 1559 3312 structura
1581 3247 1699 3314 stubae
1720 3247 1796 3312 bur-

360 3346 437 3413 salis
460 3346 543 3412 solvi
566 3346 684 3412 debeat
707 3346 747 3410 de
770 3348 909 3432 pecunia
931 3367 992 3432 pro
1013 3344 1094 3410 locis
1116 3344 1349 3432 graduatorum
1371 3345 1568 3434 recipienda.
1611 3347 1657 3412 Et
1687 3349 1716 3412 si
1738 3345 1796 3411 ali-

317 3449 432 3536 25quis
454 3447 695 3532 magistrorum,
715 3448 769 3534 qui
792 3444 967 3512 contribuit
981 3455 1120 3534 quatuor
1142 3445 1281 3510 florenos
1304 3469 1364 3532 pro
1385 3446 1474 3511 dicta
1494 3456 1669 3530 structura,
1691 3449 1798 3511 exiret

358 3545 410 3611 vel
432 3544 642 3626 discederet,²
665 3556 838 3631 antequam
861 3543 948 3608 dicta
969 3543 1153 3609 distributio
1168 3547 1227 3632 qo³
1249 3544 1311 3610 sibi
1332 3545 1497 3632 persoluta
1519 3547 1552 3610 in
1572 3559 1671 3634 parte
1687 3547 1742 3612 vel
1763 3549 1797 3611 in

309 3685 312 3692 ›
358 3655 462 3710 totum
483 3647 648 3730 confinget
668 3645 818 3726 existere,
842 3643 1058 3708 successorio
1079 3643 1185 3708 locum
1208 3667 1300 3709 suum
1322 3645 1507 3730 ingrediens
1530 3645 1696 3710 tenebitur
1711 3648 1798 3711 infra

359 3745 499 3829 primum
522 3765 664 3807 mensem
688 3765 765 3807 strae
788 3742 1017 3826 collegiaturae
1038 3743 1164 3808 solvere
1187 3753 1287 3809 totam
1312 3747 1502 3810 restantiam
1525 3745 1610 3810 dicto
1634 3747 1796 3832 magistro

360 3843 492 3908 exeunti
528 3851 584 3904 aut
618 3841 796 3906 discedenti
825 3842 878 3906 vel
909 3865 966 3906 suo
994 3845 1199 3929 procuratori
1227 3843 1286 3907 sub
1309 3865 1414 3930 poena
1441 3847 1605 3910 carentiae
1634 3848 1798 3932 portionis

319 3952 352 4006 30
364 3964 452 4022 suae,
475 3963 642 4027 quousque
663 3939 783 4005 dietam
804 3942 995 4008 restantiam
1015 3944 1048 4006 in
1068 3952 1136 4006 toto
1159 3943 1332 4030 persolvat.
1365 3943 1410 4007 Et
1431 3942 1505 4008 talis
1527 3967 1698 4012 successor
1719 3945 1797 4010 alte

361 4042 430 4104 rius
459 4037 594 4104 habebit
625 4040 676 4102 ius
709 4039 886 4127 reeipiendi
918 4051 1023 4106 rutam
1057 4064 1149 4106 suam
1177 4041 1216 4106 de
1248 4041 1328 4107 locis
1358 4044 1662 4128 promovendorum,
1692 4045 1799 4110 donee

367 4140 514 4224 pecunia,
537 4159 634 4222 quarn
655 4140 702 4204 sic
722 4143 874 4226 exposuit
896 4165 953 4206 suo
977 4143 1184 4224 antecessori,
1205 4141 1351 4227 plenarie
1372 4143 1434 4206 erit
1455 4142 1633 4229 persoluta.

951 4287 1158 4296 ...κ-...-

447 4347 724 4418 Ab⁴ann01425
753 4375 839 4442 seqq.
868 4355 1039 4441 reperitur,
1068 4356 1155 4444 quod
1179 4357 1322 4421 decanus
1353 4355 1517 4421 facultatis
1546 4357 1798 4446 philosophicae

361 4449 549 4535 praeposito
571 4473 632 4537 pro
652 4451 731 4518 locis
754 4454 786 4516 in
808 4453 903 4518 stuba
924 4453 1048 4520 bursali
1072 4456 1214 4520 omnium
1237 4455 1494 4537 candidatorum,
1518 4479 1575 4522 seu
1598 4461 1798 4545 magistran-

320 4547 481 4614 todorum
503 4570 558 4613 seu
582 4549 921 4636 baccalareandorum,
946 4554 1077 4619 solverit
1099 4578 1159 4641 pro
1182 4555 1326 4639 quolibet
1347 4556 1521 4621 candidato
1544 4555 1627 4621 duos
1651 4581 1799 4643 grossos.

446 4787 457 4837 1
478 4781 558 4838 Gerra
570 4782 730 4839 undeutlich
742 4789 881 4856 quartem·
900 4785 946 4840 fur
959 4787 1086 4842 sabaudi
1098 4786 1162 4858 (ng.
1174 4791 1228 4856 182,
1240 4789 1281 4860 10>
1292 4789 1368 4844 kann
1380 4803 1409 4843 as
1421 4786 1580 4844 schwerlich
1591 4795 1719 4848 verlesen
1730 4791 1799 4848 scin.

446 4872 460 4921 2
479 4865 665 4924 Gesehriebeu
683 4869 757 4925 steht
774 4873 848 4926 crire
865 4873 909 4926 vel
925 4872 1073 4928 (1111111111.

444 4957 459 5007 3
476 4969 512 5022 qo
530 4949 605 5006 steht
620 4951 806 5024 geschrieben,
824 4953 963 5009 vielleicht
980 4955 1100 5009 verlesen
1118 4953 1163 5008 fur
1176 4957 1330 5026 pensores?
1348 4956 1416 5012 aber
1432 4957 1477 5013 die
1490 4955 1575 5013 Stella
1594 4959 1706 5016 scheint
1724 4961 1799 5018 noch

360 5035 438 5092 mehr
456 5034 555 5090 Fehlcr
572 5053 607 5090 zu
626 5036 775 5107 enthslteu,
793 5038 901 5094 obwohl
921 5038 965 5091 ihr
983 5037 1051 5092 Sion
1069 5037 1254 5093 verstdudlich
1273 5041 1317 5095 ist.

454 5124 471 5175 4
490 5119 589 5176 Dieser
605 5119 711 5176 Abestz
729 5123 834 5179 scheint
853 5124 915 5179 eiua
932 5122 1017 5178 Notis
1034 5124 1136 5196 Vogels
1153 5141 1188 5178 au
1206 5126 1272 5180 sein.
