3758 6072
532 441 622 494 Visrte
647 439 917 505 ssamnuscuon,
936 450 991 492 son
1009 439 1183 496 stoa-15²2.
1511 444 1572 512 439

191 659 241 726 25.
261 669 420 724 DEOANUS
439 675 511 724 CUM
532 673 735 725 calvissius
757 673 920 724 Tanarus
942 672 1149 726 COMPARARE
1169 671 1294 726 masos
1315 671 1439 725 urnas
1462 673 1531 726 PRO

656 773 819 824 amasam
840 769 1067 826 stemma.

233 887 376 975 Placuit,
398 891 484 980 quod
506 891 647 958 decanus
672 914 738 957 una
767 913 840 958 cum
868 887 1039 978 clavigeris
1068 891 1238 959 sollicitam
1261 888 1415 957 adhibeat
1436 889 1572 980 diligen-

152 990 238 1056 ciam
261 989 349 1056 circa
370 989 470 1057 libros
492 1012 553 1078 pro
582 989 737 1058 facultate
767 991 1023 1078 comparandos,
1044 993 1092 1056 ita
1118 990 1204 1079 quod
1233 988 1310 1056 libri
1337 987 1483 1058 utiliores
1512 1013 1573 1080 pro

151 1088 237 1155 bono
265 1087 430 1155 facultatis
462 1100 626 1175 amantiss,
656 1100 688 1156 et
720 1092 821 1179 empti
852 1088 960 1155 debite
991 1090 1213 1157 custodiantur
1234 1100 1266 1157 et
1292 1091 1505 1176 registrentur
1530 1090 1615 1158 ads

151 1186 272 1254 librum
301 1190 473 1276 papireum
497 1189 661 1258 facultatis
690 1185 753 1278 [ab]
781 1191 816 1255 in
849 1189 985 1277 speciali
1012 1191 1182 1277 quintemo
1208 1211 1281 1255 cum
1312 1187 1573 1258 distinctionibus

151 1287 309 1354 librorum
330 1311 391 1375 pro
418 1289 524 1374 gradu
545 1299 577 1357 et
597 1289 641 1356 ad
669 1288 758 1355 aliud
784 1291 960 1376 registrum
988 1311 1239 1378 pergameneum
1268 1311 1328 1376 pro
1355 1286 1492 1354 libraria
1519 1288 1573 1356 de·

155 1397 317 1477 putatum,
336 1409 379 1454 ne
398 1410 459 1476 per
479 1389 756 1456 inadvsrtenciam
775 1398 808 1455 et
827 1389 1064 1476 negligenciam
1084 1387 1185 1476 aliqui
1204 1387 1282 1453 libri
1302 1385 1490 1475 perdantur.

195 1559 244 1622 26.
265 1569 312 1618 DE
332 1570 607 1622 cononsfflosn
629 1571 810 1620 amonuit
830 1572 947 1621 EX'I'RA
967 1572 1156 1622 alanum
1176 1569 1392 1622 asumma
1412 1571 1458 1620 ΕΤ
1480 1571 1527 1620 DE

701 1669 812 1720 CENSU
832 1671 1028 1721 nissam.
1581 1661 1613 1719 10

231 1784 362 1850 Placuit
380 1785 546 1872 magistris
574 1786 615 1854 de
644 1784 778 1852 consilio
804 1786 982 1871 facultatis,
1012 1787 1099 1876 quod
1128 1787 1328 1877 peramplius
1354 1783 1462 1852 nullus
1490 1785 1574 1852 liber

147 1885 312 1950 facultatis
333 1883 430 1950 alicui
450 1908 510 1973 pro
523 1909 585 1952 usu
606 1886 741 1974 proprio
764 1895 859 1952 extra
881 1885 1049 1952 librariam
1069 1885 1188 1952 debeat
1209 1883 1418 1970 commodari,
1439 1885 1574 1952 lecturis

149 1981 321 2050 dumtaxat
342 1994 374 2050 et
392 1983 590 2051 textnalibus
623 1985 782 2072 demptis,
812 2006 894 2073 quas
921 1985 1062 2052 lectssras
1090 1994 1123 2051 et
1150 1985 1309 2052 texamlia
1338 1984 1480 2052 decanus
1508 2003 1570 2072 pro

149 2091 295 2171 tempore
317 2085 460 2150 existens
481 2085 662 2171 magistris,
682 2095 817 2172 recepta
838 2084 880 2151 ab
902 2085 950 2150 eis
979 2087 1071 2175 prius
1098 2087 1344 2172 recognicione,
1374 2083 1573 2153 commodari

173 2184 278 2250 oberit
1583 2191 1615 2249 15

149 2206 170 2273 P
231 2282 314 2348 Item
343 2279 544 2350 delibratis
571 2280 728 2350 librorum
754 2281 920 2349 facultatis
947 2283 1061 2349 eadem
1090 2281 1228 2350 facultas
1256 2294 1383 2351 tenetur
1407 2282 1575 2370 magistris

150 2379 277 2470 collegii
305 2383 438 2448 maioris
467 2381 611 2470 quolibet
640 2381 746 2448 medio
776 2404 860 2448 anno
889 2379 971 2448 duas
1002 2404 1184 2470 sexagenas
1212 2385 1361 2471 antiquas
1383 2383 1417 2450 in
1443 2390 1575 2449 moneta

150 2481 293 2551 currenti
307 2504 369 2571 pro
385 2504 483 2548 censu
499 2481 634 2566 solvere,
654 2483 784 2548 interim
806 2478 892 2568 qnod
913 2481 1053 2548 facsdtas
1075 2505 1170 2548 usum
1191 2477 1278 2550 illius
1298 2481 1362 2550 loci
1380 2485 1415 2549 in
1436 2475 1575 2569 collegio

149 2581 266 2648 maiori
286 2577 445 2648 babuerit.

585 2743 644 2814 111.
676 2763 917 2814 csssrunuss
938 2765 1136 2814 rnnmnm
1581 2753 1617 2812 to

150 2896 313 2964 Statuta
334 2900 630 2965 concernentia
651 2897 883 2985 magistros
904 2896 1098 2964 volentes
1119 2899 1270 2964 assumi
1288 2898 1337 2964 ad
1359 2898 1575 2995 consilium

219 2996 465 3083 facultatis,
496 3021 599 3086 quae
628 3009 669 3064 et
696 2997 781 3084 legi
809 2995 960 3062 debent
984 3004 1170 3084 tempore
1199 2999 1512 3084 assumpcionis

743 3095 979 3162 eorundem.

214 3270 240 3330 l·
262 3279 386 3341 Quane
407 3281 525 3331 Dauni·
547 3281 640 3348 ESSE,
661 3281 721 3343 Qm
742 3281 847 3330 PETIT
867 3279 991 3328 assum
1012 3279 1059 3328 ΔΙ)
1081 3277 1269 3330 consumit
1288 3276 1513 3328 assumaris.

232 3395 376 3480 Placuit,
399 3398 487 3485 quod
513 3397 621 3465 nullus
648 3398 879 3484 magistrorum
906 3397 1038 3462 inantea
1065 3393 1109 3460 ad
1137 3394 1306 3462 consilium
1332 3392 1495 3460 facultatis
1518 3392 1618 3459 adst

147 3498 306 3580 mittatur,
326 3497 390 3562 nisi
411 3499 446 3562 in
468 3498 672 3564 consciencia
693 3517 753 3562 sus
772 3495 871 3580 dicat,
894 3494 982 3584 quod
1001 3495 1093 3560 iuxta
1113 3501 1236 3560 statuta
1255 3490 1576 3560 eiusdemfacsdtatis

148 3595 362 3684 compleverit
383 3605 416 3662 et
437 3606 586 3663 octavum
619 3598 669 3662 sni
690 3597 871 3684 magisterii
896 3617 1017 3662 anutun
1045 3595 1152 3677 (iuxta
1178 3595 1389 3662 novissimam
1415 3592 1576 3682 principis

146 3695 331 3762 fundatoris
352 3695 609 3763 ordinacionem¹
630 3697 793 3784 attigerit,
817 3719 877 3784 per
900 3704 1026 3762 tantum
1047 3696 1203 3782 temporis
1227 3695 1375 3784 spacium
1396 3695 1431 3758 in
1450 3693 1578 3760 nniver-

149 3801 245 3863 sitate
259 3794 431 3879 manendo,
448 3803 481 3860 et
501 3817 571 3862 sese
591 3797 625 3862 in
645 3794 772 3862 actibus
793 3793 975 3862 scolasticis
996 3794 1145 3882 legendo,
1167 3791 1374 3882 disputando,
1395 3789 1578 3860 exercendo

147 3917 206 3962 seu
233 3893 426 3961 resumendo
455 3917 515 3983 per
541 3895 728 3962 huiusmodi
758 3904 887 3982 tempus
922 3894 1110 3982 septennale
1144 3894 1316 3982 diligenter
1348 3893 1620 3960 exercitaveritso

146 3997 210 4074 (ita
222 3993 310 4082 qnod
323 3994 545 4060 verisimiliter
566 3994 607 4061 de
629 4018 668 4062 eo
689 4002 925 4083 praesumatur,
948 3994 1035 4082 quod
1057 3994 1246 4062 scolasticus
1268 3993 1478 4080 moribusque
1493 4015 1578 4058 com·

147 4092 343 4162 mendabilis
366 4095 507 4180 existat),
530 4103 563 4160 et
585 4094 751 4161 biennium
773 4115 866 4160 suum
887 4093 941 4158 hic
962 4093 1015 4160 vel
1037 4093 1117 4162 abbi
1138 4091 1360 4180 compleverit,
1380 4093 1414 4157 in
1437 4089 1576 4182 quadra·

148 4195 242 4283 ginta
267 4195 365 4260 etism
394 4193 675 4282 disputacionibus
705 4193 880 4261 ordinariis
911 4193 1071 4280 arguebat
1099 4191 1151 4259 vel
1180 4194 1303 4258 tociens
1333 4193 1427 4258 iuxta
1457 4199 1579 4258 statuta

148 4316 306 4385 praesens
327 4294 425 4360 fuerit
447 4293 605 4362 stlocum
625 4293 783 4382 arguendi
805 4315 871 4360 non
889 4291 1058 4377 babuerit,
1079 4302 1112 4360 et
1134 4314 1207 4358 cum
1227 4291 1367 4358 tabardo
1385 4313 1443 4358 ssu
1464 4289 1579 4358 babitu

148 4393 333 4482 magistrali
358 4393 406 4460 ibi
427 4397 654 4482 comparuerit,
682 4393 831 4460 adminus
860 4414 919 4482 per
950 4390 1081 4476 boram,
1110 4393 1214 4458 eciam
1236 4392 1264 4456 si
1284 4391 1391 4459 locum
1414 4387 1575 4478 arguendi
1585 4397 1618 4454 35

148 4493 271 4562 babere
289 4516 355 4559 non
374 4495 525 4581 potuerit,
545 4493 668 4561 ibidem
690 4491 860 4576 manendo,
891 4498 922 4556 et
944 4489 1030 4578 quod
1049 4493 1085 4555 in
1112 4492 1230 4579 primis
1252 4490 1380 4559 duobus
1410 4492 1504 4556 annis
1527 4489 1578 4554 sui

147 4593 333 4682 magisterii
353 4594 455 4660 octies
477 4594 737 4660 extraordinarie
759 4592 942 4681 disputavit
970 4591 1013 4666 (si
1035 4589 1107 4675 quis
1129 4597 1237 4656 autem
1258 4593 1293 4658 in
1315 4591 1430 4681 primis
1451 4586 1576 4656 duobus

147 4696 243 4761 annis
260 4716 280 4760 a
295 4701 442 4780 tempore
456 4694 546 4758 inicii
568 4694 619 4760 sui
639 4693 822 4782 magisterii
844 4691 944 4757 octies
967 4689 1136 4775 disputare
1156 4689 1349 4776 neglexerit,
1369 4684 1444 4754 talis
1464 4685 1578 4775 triplet

147 4792 335 4861 huiusmodi
356 4789 613 4881 disputaciones)
638 4789 705 4880 [5⁸]
739 4789 937 4879 disputando
969 4788 1141 4875 diligenter
1172 4789 1349 4856 secundum
1376 4781 1574 4853 laudabilem

147 4895 317 4982 antiquam
334 4891 609 4975 consuetudinem,
627 4890 780 4957 videlicet
794 4887 954 4980 capiendo
976 4888 1058 4954 duas
1078 4890 1284 4978 quaestiones
1307 4897 1339 4954 et
1358 4883 1423 4952 duo
1446 4883 1618 4973 sophis-to

235 5130 247 5179 1
266 5123 331 5196 vgs
348 5121 420 5180 oben
438 5121 467 5181 S.
479 5127 519 5195 2⁴,
536 5127 577 5180 at.
611 5121 689 5180 Ahar
704 5121 808 5179 welche
826 5121 973 5179 mdimcio
991 5120 1029 5176 ist
1045 5137 1081 5176 an
1097 5118 1195 5178 beidm
1212 5119 1318 5177 Stellen
1335 5118 1482 5194 gemeint?
