3768 6072
664 519 715 570 Die
734 519 853 572 Sutnten
875 531 927 567 von
950 515 1021 567 1565.
1497 520 1556 586 213

127 701 276 766 cessione
308 699 442 766 alicuius
474 723 607 769 numero
644 701 808 767 deminuto
839 721 942 766 novus
976 697 1099 784 collega
1141 707 1324 784 cooptetur,
1364 699 1426 764 erit
1465 699 1557 763 istius

127 799 279 886 proximo
298 821 381 865 anno
400 800 522 866 functio
543 802 686 867 muneris
706 799 802 866 huius
829 809 862 866 et
887 799 933 863 ita
961 797 1089 862 demum
1119 807 1194 885 post
1221 819 1340 862 annum
1371 797 1414 862 ad
1441 799 1557 862 seriem

126 898 367 985 progressionis
400 898 585 966 ordinariae
614 921 654 965 ea
687 908 879 965 revertetur.
922 896 1086 984 Curiusque
1119 905 1225 962 autem
1260 897 1337 960 anni
1369 898 1556 983 praeposito

125 998 353 1083 magistratum
385 997 508 1063 ineunti
539 1008 687 1064 tenentur
720 997 838 1086 singuli
870 995 1013 1083 collegae
1050 997 1240 1084 promittere
1275 993 1494 1061 obedientiam
1524 1005 1558 1060 et

125 1097 352 1161 reverentiam.
1581 1103 1597 1158 5

206 1193 374 1260 Usitatum
396 1218 522 1283 quoque
544 1205 602 1280 est,
624 1207 659 1263 ut
679 1197 884 1285 praepositus
905 1196 1132 1282 magistratum
1148 1196 1251 1259 iniens
1266 1203 1297 1259 et
1314 1191 1427 1260 eodem
1442 1194 1555 1260 abiens

126 1303 220 1378 atque
248 1296 393 1360 rationes
413 1292 552 1360 reddens
575 1319 708 1362 coenam
732 1296 786 1361 det
814 1294 955 1382 collegis,
982 1294 1044 1360 hoc
1066 1317 1130 1359 non
1154 1295 1259 1359 visum
1286 1301 1317 1357 et
1345 1295 1554 1359 intermitten-

126 1392 200 1456 dum
224 1387 269 1479 [6]
293 1415 364 1458 esse
386 1403 522 1480 propter
542 1395 655 1461 talium
677 1416 907 1482 congressuum
931 1415 996 1458 non
1018 1393 1121 1458 solum
1143 1394 1335 1458 suavitatem
1357 1392 1414 1458 sed
1434 1393 1554 1457 utilita-

124 1503 186 1555 tem
216 1493 333 1574 auam,
364 1493 486 1579 placuit
514 1503 623 1560 tamen
655 1495 795 1576 decerni,
826 1492 898 1558 illas
933 1515 1051 1557 coenas
1082 1491 1251 1580 frugaliter
1282 1491 1490 1558 instruendas
1521 1504 1553 1556 et

125 1590 295 1677 superfluis
318 1591 476 1656 sumtibus
497 1594 697 1681 parcendum
724 1605 757 1659 et
782 1593 915 1678 dignam
937 1591 1050 1658 ordine
1080 1590 1272 1657 scholastico
1295 1590 1550 1657 moderationem
1564 1600 1595 1655 tu

126 1688 346 1755 adhibendam
365 1713 445 1756 esse.

204 1787 271 1868 Qui
293 1811 370 1856 voro
391 1799 457 1856 tres
479 1801 747 1858 commemoratas
769 1813 885 1857 coenem
908 1789 987 1856 dare
1006 1789 1156 1872 nolucrit,
1179 1789 1222 1854 ab
1242 1812 1280 1854 eo
1302 1789 1370 1855 7fl.
1393 1811 1452 1876 pro
1474 1811 1548 1876 qua·

125 1886 200 1951 libet
222 1889 390 1954 numerari
412 1891 446 1955 in
467 1890 647 1958 rationibus
671 1891 806 1978 collegio
829 1889 960 1977 placuit.

461 2060 488 2120 2.
511 2074 559 2120 on
580 2072 797 2122 ramrosrro
819 2071 988 2123 essenon
1007 2071 1217 2120 sosonmsn.

204 2185 422 2252 constitutum
444 2196 507 2270 est,
535 2197 571 2253 ut
589 2212 706 2255 munus
734 2190 914 2276 praepositi
936 2209 1033 2253 curae
1054 2208 1213 2273 pagorum
1236 2183 1390 2271 deinceps
1412 2185 1445 2248 in
1466 2185 1551 2250 ordi·
1564 2195 1593 2250 u

125 2307 194 2350 nem
217 2287 303 2350 serie
324 2287 540 2371 cooptationis
561 2290 703 2375 aprime
727 2287 770 2354 ad
790 2290 975 2376 proximum
997 2307 1155 2374 quemque
1172 2283 1336 2348 deferatur
1357 2292 1390 2348 ct
1410 2285 1456 2348 ita
1478 2307 1550 2370 pro-

124 2383 215 2449 cedat
236 2395 472 2472 consequenter
494 2409 553 2472 per
573 2387 752 2454 universos.

141 2556 168 2616 3.
191 2567 239 2615 ns:
263 2567 510 2616 coerrarroun
533 2567 618 2617 uovr
642 2567 825 2618 cananaea
846 2569 892 2616 nr
912 2569 1017 2618 nutus
1038 2565 1278 2618 mnnmnanno
1300 2564 1343 2613 ae
1365 2565 1532 2617 munere.

201 2680 269 2746 Ubi
308 2703 390 2746 unus
428 2681 545 2768 aliquis
584 2705 626 2746 ex
664 2681 861 2769 collegarum
895 2705 1028 2748 numero
1060 2679 1112 2745 vel
1146 2687 1250 2744 morte
1281 2677 1334 2742 vel
1365 2677 1551 2746 voluntaria

121 2781 339 2866 resignatione
368 2778 420 2844 vel
454 2802 646 2868 quocunque
676 2780 773 2847 modo
805 2781 995 2863 decesserit,
1034 2788 1213 2846 conventus
1247 2779 1356 2843 statim
1389 2777 1431 2842 ab
1463 2777 1593 2845 iniusso

122 2880 275 2967 temporis
304 2880 491 2967 praeposito
512 2878 674 2944 indicetur
700 2880 743 2944 ad
771 2880 908 2946 alterum
928 2882 962 2944 in
985 2883 1063 2962 eius,
1092 2879 1149 2965 qui
1171 2877 1325 2959 decessit,
1355 2876 1461 2941 locum
1482 2901 1550 2942 sur-

120 2978 309 3064 rogandum.
922 2974 926 2984 '
1551 2997 1557 3004 ·

199 3076 343 3162 Rogabit
364 3087 474 3142 autern
495 3087 571 3142 tunc
591 3087 622 3141 et
648 3078 681 3141 in
708 3078 857 3142 omnibus
885 3075 1096 3143 conventibus
1126 3073 1351 3162 senl7]tentias
1381 3077 1549 3162 praeposi·

120 3189 169 3240 tus
191 3185 224 3240 et
252 3175 324 3257 hae,
348 3186 384 3240 ut
404 3175 518 3241 ordine
540 3185 636 3263 atque
664 3175 775 3258 libere,
803 3178 849 3240 sic
877 3175 1014 3240 fideliter
1043 3187 1076 3240 et
1102 3173 1230 3260 placide
1260 3173 1416 3256 dicentur,
1445 3175 1491 3240 ita
1514 3187 1548 3240 ut

121 3277 327 3363 praepositus
360 3284 393 3339 et
420 3275 491 3362 ipse
518 3297 576 3341 suo
604 3274 686 3355 loco,
716 3296 812 3362 quem
843 3275 1057 3361 cooptationis
1088 3273 1171 3339 serie
1197 3271 1311 3354 habet,
1339 3273 1589 3358 suffragetur,25

120 3373 408 3462 surrogabiturque
430 3375 468 3454 is,
500 3375 535 3438 in
565 3395 661 3462 quem
691 3371 823 3459 plurimi
854 3375 1086 3439 consenserint.
1130 3371 1257 3452 Quodsi
1286 3369 1370 3435 forte
1400 3372 1550 3460 aequalia

119 3473 237 3538 fixerint
259 3473 427 3560 suffragia,
450 3475 656 3560 praepositus
679 3473 858 3538 sortitionis
881 3482 998 3537 eventu
1019 3471 1277 3558 surrogationem
1297 3469 1432 3535 definire
1454 3470 1549 3537 debe-

118 3570 174 3635 bit.
218 3571 303 3657 Legi
326 3583 432 3637 autem
459 3571 582 3658 placuit
610 3569 745 3658 collegio
770 3573 804 3636 in
831 3571 937 3638 locum
964 3572 1043 3654 eius,
1071 3572 1126 3658 qui
1153 3569 1361 3651 decessisset,
1392 3592 1433 3634 ex
1454 3570 1549 3636 huius

119 3671 220 3758 ipsius
245 3671 377 3736 natione
399 3669 547 3754 alterum,
569 3671 675 3736 virum
697 3670 827 3753 bonum,
851 3669 1023 3752 eruditum,
1046 3692 1190 3756 gravem,
1206 3671 1310 3736 omnis
1333 3669 1462 3734 virtutis
1485 3679 1549 3736 stu·

120 3769 244 3835 diorum
275 3777 309 3833 et
339 3779 413 3834 ante
442 3772 551 3835 omnia
581 3771 711 3857 pietatis
741 3791 780 3834 ac
807 3769 949 3856 purioris
980 3769 1148 3836 doctrinae
1177 3767 1338 3854 evangelii
1370 3769 1591 3838 secundumn

120 3871 228 3956 capita
261 3867 473 3934 confessionis
499 3869 720 3954 Augustanae,
750 3891 834 3934 anno
864 3867 987 3936 Christi
1014 3869 1186 3934 MDXXX
1216 3890 1325 3933 coram
1353 3869 1550 3955 imperatore

122 3967 281 4034 CaroloV
295 3968 459 4032 recitatae.
486 3966 591 4048 Quem
612 3976 738 4032 constet
756 3966 917 4034 bonarum
937 3991 1008 4034 esse
1029 3969 1148 4035 artium
1168 3969 1361 4054 magistrum
1383 3968 1416 4032 in
1438 3978 1550 4034 nostra

120 4065 179 4130 hac
202 4065 372 4131 academia
393 4067 524 4147 factum,
553 4075 585 4131 et
606 4065 693 4131 bona
714 4089 787 4153 spes
810 4069 867 4150 sit,
894 4064 1061 4152 dignitatis
1090 4066 1215 4154 aliquid
1243 4066 1418 4132 conciliare
1441 4067 1548 4133 ordini

119 4175 226 4231 nostro
249 4175 282 4228 et
301 4165 472 4230 utilitatem
494 4165 681 4230 academiae
703 4165 820 4231 afferre
847 4167 1002 4252 privatim
1031 4178 1086 4232 aut
1113 4164 1243 4253 publice
1271 4163 1417 4230 docendo
1449 4191 1545 4254 posse

121 4264 170 4328 vel
191 4261 342 4350 exemplo
365 4274 397 4328 et
418 4266 611 4329 auctoritate
632 4263 869 4352 prudentiaque
890 4274 922 4328 et
942 4266 1056 4329 iuvare
1078 4263 1159 4329 alios
1182 4274 1214 4328 et
1234 4285 1351 4328 ornare
1373 4264 1546 4352 collegium
1556 4278 1588 4334 35

122 4373 276 4445 nostrum,
304 4371 340 4426 ut
362 4363 567 4427 emeritorum
590 4383 726 4449 quoque,
756 4365 839 4427 sicut
868 4384 1006 4448 aequum
1028 4371 1092 4447 est,
1119 4363 1202 4428 ratio
1224 4360 1392 4427 habeatur.
1436 4364 1502 4430 Aut
1522 4369 1550 4431 si

125 4460 251 4547 placeat
273 4461 422 4548 cooptari
445 4459 586 4548 aliquem
608 4463 641 4524 in
664 4460 729 4525 alia
740 4461 910 4527 academia
927 4463 1077 4548 magistri
1093 4461 1185 4526 titulo
1201 4469 1360 4544 ornatum,
1374 4461 1427 4526 hic
1440 4473 1549 4528 tamen

121 4561 153 4624 in
172 4583 343 4626 numerum
363 4562 556 4626 nostratium
579 4561 818 4646 nragistrorum,
845 4561 885 4626 iis
913 4583 996 4647 quae
1022 4584 1083 4648 par
1111 4569 1162 4624 cst
1188 4559 1380 4643 observatis,
1406 4561 1549 4647 legitime

122 4669 267 4746 receptus
289 4682 361 4725 esse
381 4658 522 4724 debebit.

200 4757 244 4847 [S.
253 4757 286 4846 8]
298 4758 363 4839 Qui
377 4759 412 4822 in
427 4779 594 4823 numerum
609 4757 807 4844 collegarum
819 4767 988 4846 cooptatus
1002 4759 1099 4823 liserit
1114 4761 1338 4846 surrogatione
1352 4761 1386 4824 in
1399 4761 1477 4842 eius,
1492 4764 1548 4849 qui
1558 4773 1590 4828 40

122 4855 271 4940 decessit,
302 4857 426 4922 locmn:
456 4857 484 4920 is
511 4858 701 4944 praeposito
722 4855 807 4922 illius
833 4859 988 4943 temporis
1018 4857 1148 4922 iubente
1176 4858 1286 4946 palam
1316 4881 1426 4924 coram
1455 4882 1547 4946 prae·

124 4957 263 5022 sentibus
286 4959 320 5021 in
341 4954 477 5020 consilio
492 4955 603 5020 verbis
620 4958 785 5042 conceptis
806 4956 1029 5021 iusiurandum
1052 4954 1152 5039 dabit,
1175 4956 1261 5046 quud
1285 4956 1462 5022 subiectum
1484 4967 1547 5024 est:

203 5055 298 5141 „Ego
312 5057 360 5120 .N.
383 5058 465 5137 iuro,
487 5054 570 5121 velle
592 5076 644 5119 me
666 5053 814 5120 omnibus
835 5055 960 5120 viribus
983 5054 1201 5122 honestissimi
1223 5055 1351 5140 collegii
1373 5056 1467 5121 huius
1489 5061 1549 5123 uti·

121 5152 224 5219 litates
245 5165 276 5220 et
297 5153 469 5221 commoda
490 5152 749 5220 administrando
771 5177 957 5240 procurare,
990 5155 1151 5220 servando
1181 5154 1436 5242 exequendoqne
1460 5159 1548 5243 quic-
