3758 6072
355 409 418 492 394
847 416 900 468 Dia
922 417 1141 482 pbilosophischa
1160 417 1287 472 Facultit

396 597 485 660 Neela
503 600 569 661 dem
593 619 650 662 aea
679 600 736 662 mir
757 602 855 664 lister
876 603 1078 664 beobeelteten
1107 603 1278 678 Versata-ea
1298 603 1372 669 liele
1392 603 1439 664 iet
1460 603 1502 667 sie
1524 605 1598 669 oter
1618 603 1701 668 aicit
1720 623 1772 663 aaa

396 697 450 755 der
470 697 560 757 Stella
581 705 737 774 entfemen
766 704 884 776 wellan,
916 723 961 764 tao
988 703 1030 764 sia
1056 701 1347 780 aiedcrqesclirieben
1378 723 1497 776 waren,
1528 705 1642 762 cbwoll
1665 703 1712 763 iet
1731 705 1772 763 dic

399 797 569 858 Urbes-siclt
590 799 757 858 erleiclitert
778 803 866 874 britte,
888 821 972 862 wana
994 803 1040 863 ieli
1061 801 1150 861 iliaca
1171 811 1233 860 erat
1257 811 1345 861 auur
1367 804 1425 864 dea
1438 803 1590 867 zaram
1611 803 1677 863 ilis-e
1689 803 1772 864 aaa

396 896 582 973 anqewiasea
603 901 694 958 britte.

312 1119 328 1176 5
350 1109 411 1178 Vb.
455 1111 623 1180 Statuta
643 1138 764 1199 nova,
784 1117 1042 1204 generaliter
1064 1141 1199 1185 omnes
1221 1119 1439 1206 magistros
1463 1121 1773 1202 concernentia,

395 1233 497 1300 quae
520 1215 648 1282 etiam
668 1215 756 1304 legi
786 1216 936 1284 debent
962 1241 1034 1306 per
1052 1219 1250 1285 decanum
1271 1227 1454 1305 tempore
1475 1219 1739 1308 recepcionis

960 1317 1173 1384 ordinarii.

606 1473 631 1533 1.
650 1485 786 1534 rantur
803 1486 850 1534 on
872 1486 1184 1536 n1seurscrorueus
1202 1483 1531 1535 sxrnaonnnssaus.

434 1598 516 1664 Item
526 1599 658 1687 placuit,
679 1600 766 1687 quod
779 1603 927 1688 magistri
939 1625 999 1690 pro
1008 1601 1163 1669 facultate
1174 1600 1371 1689 complentes
1382 1601 1487 1688 primo
1499 1621 1584 1665 anno
1595 1601 1770 1686 magisterii

314 1699 404 1764 tosui
424 1699 530 1764 occisa
548 1699 808 1766 extraordinarie
826 1701 1000 1789 disputent,
1022 1705 1128 1789 primo
1146 1702 1352 1788 quaestiones
1367 1707 1399 1764 et
1409 1699 1615 1788 sophismata
1629 1721 1772 1786 praesen·

352 1805 458 1864 tantas
486 1797 626 1882 decano,
653 1809 690 1866 nt
720 1801 768 1866 sic
795 1823 905 1868 eorum
937 1801 1111 1888 diligencia
1145 1802 1336 1868 innotescat
1378 1799 1474 1881 Quod
1506 1801 1534 1864 si
1573 1797 1771 1886 neglexerint

353 1895 459 1984 primo
481 1919 576 1980 anno,
598 1898 732 1986 triplant
753 1899 827 1968 illas
849 1901 1105 1989 disputaciones,
1127 1901 1209 1968 alias
1232 1900 1276 1966 ad
1296 1899 1467 1966 consilium
1487 1897 1654 1966 facultatis
1677 1897 1770 1964 nulla·

353 2007 447 2063 tenus
467 1996 689 2064 admittannir.

832 2123 862 2186 2.
895 2137 941 2186 ns
962 2135 1062 2186 nono
1085 2133 1297 2184 exsacurrui.

242 2286 245 2294 ,
311 2255 342 2312 15
430 2245 567 2331 Placuit,
589 2248 677 2334 quod
699 2249 740 2315 de
762 2259 869 2316 cetero
891 2253 1039 2339 magistri
1062 2261 1250 2318 exercentes
1272 2250 1307 2316 in
1327 2247 1459 2338 publico
1479 2245 1552 2313 loco
1566 2269 1626 2334 per
1648 2245 1769 2312 modum

351 2349 511 2414 examinis
533 2351 620 2414 omni
641 2349 695 2416 dic
716 2349 907 2438 disputabili
927 2351 1098 2438 diligenter
1120 2371 1273 2416 exercere
1292 2348 1413 2414 debent
1429 2347 1501 2414 sine
1515 2345 1591 2412 dolo
1607 2356 1641 2412 et
1655 2345 1771 2426 fraude,

351 2447 511 2533 legittima
530 2471 596 2514 non
617 2448 812 2536 impediente
833 2473 949 2534 eausa,
975 2460 1012 2517 ut
1038 2449 1225 2516 infirmitate
1245 2447 1297 2514 val
1318 2447 1382 2514 loci
1403 2445 1570 2512 absencia.
1615 2445 1652 2512 si
1673 2457 1770 2511 autem

349 2546 447 2634 pauci
478 2557 586 2612 essent
619 2547 787 2616 audientes
816 2571 879 2616 neo
910 2550 1001 2617 loeus
1033 2551 1245 2632 conveniens,
1280 2555 1413 2628 extimo,
1445 2543 1584 2610 licencia
1614 2543 1726 2610 habita
1754 2567 1771 2608 a

353 2645 475 2711 decano
500 2655 533 2712 ct
557 2646 758 2732 senioribus,
792 2648 957 2738 disputent
991 2651 1025 2714 in
1057 2649 1263 2716 habitacione
1293 2669 1353 2712 sua
1386 2646 1480 2710 iuxta
1508 2642 1642 2713 modum
1680 2667 1770 2732 supra

311 2753 552 2832 20expressum,
574 2745 633 2812 sub
653 2769 759 2836 poena
779 2751 978 2836 privacionis
1000 2759 1113 2836 pastus
1136 2759 1168 2814 et
1186 2745 1408 2835 suspensionis
1430 2742 1473 2808 ad
1495 2752 1620 2808 certum
1641 2754 1770 2831 tempus,

352 2865 412 2932 per
433 2843 591 2910 decanum
619 2855 652 2912 et
680 2847 867 2914 facultatem
896 2847 1119 2936 exprimenda
1159 2847 1203 2912 Et
1232 2844 1328 2911 debet
1356 2844 1498 2910 decanus
1524 2864 1644 2908 nomen
1666 2841 1767 2930 dispu-

351 2944 450 3010 tantis
480 2944 659 3012 inscribere
685 2947 769 3012 sicut
795 2946 931 3034 legentis
959 2957 990 3013 et
1022 2949 1052 3013 ci
1080 2949 1168 3013 circa
1201 2945 1263 3012 hoc
1293 2945 1479 3030 iniungere,
1514 2941 1602 3030 quod
1633 2941 1693 3008 sub
1722 2965 1770 3007 suo

352 3043 532 3110 iuramento
551 3054 583 3110 et
601 3067 708 3133 poena
727 3069 885 3133 expressa
905 3057 946 3132 et,
969 3049 997 3112 si
1016 3071 1096 3135 opus
1119 3047 1226 3130 fixerit,
1249 3042 1463 3132 exprimenda
1484 3041 1636 3130 disputet.
1683 3040 1770 3123 Quod

354 3143 466 3209 sinon
488 3143 618 3227 fecerit,
647 3167 706 3232 per
728 3145 888 3214 decanum
910 3157 941 3213 et
968 3156 1156 3213 executores
1180 3169 1272 3230 suos,
1303 3142 1441 3210 eundem
1462 3142 1626 3208 inavisate
1647 3143 1770 3207 eisitan

310 3249 413 3326 tates,
434 3241 665 3310 denuncciatus
686 3245 779 3312 iuxta
800 3246 996 3334 condignum
1017 3247 1180 3334 puniatur,
1202 3245 1265 3311 hoc
1280 3267 1418 3326 annexo,
1439 3241 1527 3328 quod
1540 3264 1601 3329 pro
1617 3242 1769 3308 exercicio

350 3364 529 3429 parvorum
556 3341 732 3430 loyealium
758 3348 906 3432 magistri
933 3347 1035 3412 libere
1061 3345 1229 3434 disputare
1250 3353 1387 3432 possunt
1410 3343 1583 3430 septimum
1605 3350 1768 3408 tractatum

349 3440 441 3507 Petri
473 3441 615 3530 Hispani
651 3467 725 3510 eum
760 3455 902 3514 traetmu
938 3445 1079 3536 quodam
1115 3445 1417 3536 consequentiarum
1455 3434 1512 3510 aut
1545 3439 1695 3508 Maullelt
1724 3437 1768 3504 rel

352 3540 493 3606 alterius.

857 3634 885 3697 3.
913 3647 960 3694 ns
982 3643 1083 3695 nono
1104 3643 1268 3694 necessu.

309 3766 344 3824 ³0
436 3758 518 3825 Item
539 3759 678 3846 placuit,
705 3759 792 3849 quod
812 3759 956 3847 legentes
977 3762 1071 3828 iuxta
1091 3762 1258 3849 antiquum
1280 3767 1444 3841 statutum,
1464 3755 1506 3824 de
1527 3755 1626 3824 modo
1648 3753 1768 3844 legendi

351 3857 531 3922 confectum
561 3860 649 3924 omui
678 3859 731 3925 die
757 3859 882 3947 legibili
907 3859 1033 3948 legant,
1062 3863 1109 3926 ita
1130 3859 1218 3947 quod
1239 3857 1362 3926 nullam
1383 3857 1562 3925 leccioncm
1585 3857 1656 3922 sine
1676 3877 1767 3922 causa

352 3956 539 4022 rationabili
555 3957 733 4046 negligant,
754 3969 790 4024 ut
810 3961 876 4025 iam
898 3983 997 4048 supra
1010 3958 1288 4026 deexercentibus
1304 3979 1497 4048 expressum
1516 3965 1576 4040 cst,
1599 3955 1660 4022 sub
1675 3976 1770 4043 poena

352 4057 551 4140 privacionis
575 4067 688 4145 pastus
711 4058 856 4126 eiusdem
874 4059 1036 4144 leccionis,
1061 4081 1156 4146 quem
1178 4059 1320 4126 damnus
1341 4079 1500 4123 unacum
1522 4054 1724 4122 taxatoribus
1743 4063 1771 4118 et

352 4155 580 4222 executoribus
606 4159 673 4223 suis
704 4157 794 4246 apud
826 4181 859 4224 se
883 4161 1024 4226 retinere
1046 4159 1142 4224 debet
1168 4169 1200 4224 et
1221 4157 1334 4224 lectori
1350 4155 1529 4243 negligenti
1551 4155 1623 4221 sine
1644 4151 1769 4243 speciali

310 4263 511 4320 abconsensu
529 4255 694 4324 facultatis
714 4281 779 4325 non
800 4258 1011 4341 distribuere,
1046 4281 1130 4345 quae
1159 4267 1280 4323 extunc
1300 4256 1358 4322 tali
1378 4255 1509 4337 lectori,
1546 4257 1594 4322 sic
1621 4264 1658 4321 ut
1685 4275 1768 4342 prae

352 4353 490 4420 mittitur
517 4353 739 4441 denuncciato,
766 4358 953 4424 ulteriorem
978 4379 1129 4447 poenam,
1158 4357 1311 4430 videlicet
1337 4356 1561 4444 suspensionis
1588 4353 1634 4422 ad
1655 4363 1769 4420 certum

351 4463 488 4541 tempus,
511 4454 605 4520 iuxta
622 4457 842 4545 negligencias
864 4481 939 4524 suas
959 4457 1058 4524 habet
1079 4456 1227 4542 infligere
1250 4467 1284 4524 et
1303 4457 1499 4544 exprimere.

836 4631 865 4690 4.
893 4643 940 4690 oa
962 4640 1062 4690 nono
1085 4639 1295 4689 nssuuuror.

431 4753 514 4818 Item
535 4753 674 4841 placuit,
697 4757 785 4843 quod
807 4781 919 4824 omnes
940 4757 1181 4844 resumptiones
1205 4755 1351 4844 publice,
1379 4778 1400 4822 a
1421 4753 1668 4843 quibuscunque
1688 4753 1767 4832 fiant,

309 4850 472 4919 todebent
490 4853 562 4918 fieri
586 4852 628 4920 de
651 4854 787 4924 licencia
805 4857 921 4926 decani
950 4868 982 4925 et
1010 4857 1173 4924 seniorum
1198 4859 1251 4924 et¹
1281 4879 1340 4943 per
1369 4855 1501 4922 modum
1528 4855 1700 4938 examina,
1727 4853 1768 4916 ila

309 5102 328 5156 d
390 5019 592 5165 iegetlxddm
602 5023 637 5076 da
655 5021 773 5078 tamea
788 5021 831 5078 bis
850 5031 876 5079 et
893 5023 954 5078 sind
971 5039 1015 5077 am
1032 5021 1130 5078 Raude
1149 5021 1368 5094 nachgctrngen,
1385 5017 1466 5090 doch,
1485 5019 1535 5076 irie
1553 5035 1583 5076 es
1600 5017 1765 5086 wbeintvofl

328 5119 390 5160 ere
568 5147 575 5162 .
