3748 6070
598 453 647 502 Die
665 453 784 504 Ststnten
804 469 865 504 vom
882 455 964 506 dabra
984 457 1055 508 15⁴3.
1190 471 1195 479 ’
1475 465 1535 530 293

121 632 183 720 puli
212 630 364 720 exemplo
391 655 500 698 eornm
526 633 674 700 meliores
703 635 888 702 reddantur.
929 637 1044 721 Leves,
1073 637 1235 723 dissoluti,
1266 641 1433 729 religionis
1464 666 1537 709 con·

120 741 278 815 temtores,
302 732 487 800 defensores
509 737 773 822 superstitionum
794 736 873 802 nulli
893 737 927 800 in
947 735 1008 802 hoc
1030 760 1160 804 munere
1181 739 1368 806 tolerentur.
1391 743 1436 808 Hi
1457 745 1538 810 assi-

120 833 179 898 due
200 834 234 898 in
257 831 391 918 collegio
413 833 536 919 adsint,
563 833 757 900 detrimenta
779 835 984 904 contubernii
1007 859 1108 926 aeque
1130 861 1240 905 omnes
1262 851 1420 927 avertant,
1453 866 1537 910 com-

119 932 214 998 moda
235 943 419 1021 procurent

754 1071 865 1135 Caput
882 1071 916 1121 11.
1561 1087 1579 1142 5

197 1201 340 1266 Nomina
359 1199 636 1266 contubernalium
651 1203 804 1285 omnium,
826 1202 881 1289 qui
902 1202 936 1266 in
955 1201 1016 1268 hoc
1037 1202 1171 1290 collegio
1192 1205 1385 1272 habitabunt
1404 1231 1537 1295 pascen-

118 1301 259 1390 tnrque,¹
280 1301 430 1385 magistri
451 1301 652 1388 perscripta²
671 1300 837 1367 habebunt
855 1325 960 1390 neque
981 1303 1151 1369 admittent
1171 1306 1223 1370 vel
1253 1306 1295 1370 ad
1326 1306 1432 1372 cibum
1454 1329 1537 1372 com·

118 1421 245 1464 munem
275 1398 328 1464 vel
356 1399 389 1462 in
416 1397 659 1482 habitationem,
690 1423 854 1491 quousque
884 1425 976 1467 suum
1004 1425 1120 1469 nomen
1146 1428 1210 1470 non
1237 1406 1334 1470 fuerit
1361 1407 1536 1494 professus.

117 1498 247 1564 Nullum
268 1508 377 1564 autem
398 1499 526 1564 omnino
548 1501 714 1586 recipient,
742 1503 798 1586 qui
824 1500 966 1566 nondum
993 1503 1027 1566 in
1056 1502 1166 1568 album
1194 1505 1329 1571 rectoris
1357 1507 1533 1593 inscriptus

116 1599 221 1665 suerit.
260 1597 314 1662 De
335 1599 375 1662 iis
395 1607 513 1680 autem,
535 1621 615 1684 qnos
637 1598 679 1664 ad
699 1623 844 1665 mensam
865 1602 992 1666 mittere
1016 1599 1163 1686 debeant,
1185 1602 1420 1671 ordinationem
1441 1617 1575 1672 ceco-10

115 1700 276 1764 uomicam
299 1706 479 1786 sequentur.
497 1769 499 1774 ,
523 1695 606 1762 Sues
628 1699 763 1785 quisque
792 1723 852 1787 pro
874 1699 1002 1766 aedium
1027 1703 1152 1790 partui³
1173 1701 1388 1769 habitationes
1412 1713 1443 1770 et
1463 1727 1535 1770 con·

116 1799 222 1864 clavia
242 1796 383 1862 elucebit
404 1805 436 1861 et
456 1796 621 1863 mercedes
645 1798 686 1863 ab
708 1799 873 1888 inquilinis
896 1799 1031 1888 singulis
1054 1800 1262 1868 semestribus
1283 1805 1394 1890 exiget
1412 1812 1443 1868 et
1464 1827 1537 1871 eam

115 1899 284 1986 pecuniam
306 1895 449 1962 secunda
468 1898 577 1962 statim
600 1900 781 1985 septimana
804 1909 878 1988 post
897 1898 983 1965 illius
1005 1902 1160 1988 temporis
1181 1910 1357 1968 mercatum
1378 1903 1538 1992 integram

114 2010 146 2064 et
166 1996 298 2085 plenam
320 1995 473 2084 deinceps
495 1997 659 2084 persolvet
684 2001 840 2087 primario
868 2000 1026 2086 praesidi,
1057 2000 1160 2066 donec
1182 2001 1279 2066 fuerit
1304 2001 1393 2066 aliud
1419 2003 1535 2068 consti-

113 2107 224 2162 tutum.
265 2093 331 2176 Qui
358 2096 420 2161 hoc
447 2097 554 2162 facere
581 2097 761 2182 neglexerit
790 2108 846 2164 aut
872 2123 937 2165 non
965 2101 1223 2187 repensataverit
1247 2110 1349 2165 totam
1378 2113 1576 2169 summam15

114 2195 244 2262 debitae
265 2197 431 2282 pecuniae,
453 2195 494 2260 de
515 2217 553 2261 eo
573 2196 751 2262 iniunctum
772 2208 821 2263 est
842 2197 984 2284 praesuli
1006 2198 1064 2281 illi,
1085 2208 1121 2262 ut
1143 2197 1186 2281 ad
1208 2201 1360 2286 cuiusque
1379 2207 1534 2289 temporis

115 2305 276 2362 rectorem
314 2295 483 2360 referatur.
525 2295 599 2360 Hoc
632 2317 695 2382 quo
728 2297 843 2362 melius
874 2297 947 2380 fiat,
983 2309 1129 2383 tempore
1161 2296 1372 2364 elocutionum
1406 2323 1535 2366 suarum

114 2397 270 2482 magister
299 2395 517 2479 unusquisque
548 2393 719 2480 diligenter
747 2395 931 2480 annotabit3
960 2396 1085 2461 videbit
1114 2405 1230 2480 autem,
1258 2408 1293 2462 ut
1322 2397 1536 2465 habitationes

115 2494 265 2561 omnibus
287 2494 513 2558 convenienter
533 2493 778 2561 distribuantur.
813 2495 880 2561 Pro
902 2495 964 2561 hac
984 2516 1084 2583 opera
1106 2517 1165 2560 sua
1186 2495 1226 2560 de
1247 2496 1382 2582 singulis
1403 2499 1534 2565 florenis

114 2617 155 2660 ex
177 2594 375 2660 consumatis
395 2591 600 2658 mercedibus
621 2596 723 2680 partia
746 2617 824 2660 suae
845 2597 953 2683 capiet
972 2594 1185 2682 praemiolum
1205 2597 1312 2682 grossi
1334 2598 1439 2663 unius.
1542 2607 1577 2664 20

750 2796 861 2862 Caput
878 2796 927 2848 111.

195 2923 392 2993 Praesidnm
430 2927 528 2991 trium
569 2926 770 2993 contubernii
810 2927 1021 3016 praecipuum
1059 2928 1200 2995 officium
1239 2937 1287 2994 est
1326 2929 1535 3018 inspectionis

112 3051 220 3095 rernm
243 3025 455 3109 contubernii,
486 3026 572 3114 quod
596 3049 658 3115 qno
685 3036 831 3114 tempore
859 3026 991 3093 libuerit
1012 3027 1120 3094 facere
1146 3027 1210 3093 illis
1236 3027 1319 3095 licet.
1360 3027 1443 3093 Tum
1470 3051 1534 3095 non

112 3127 208 3194 modo
232 3126 385 3213 discipuli
408 3137 439 3192 et
461 3127 601 3191 ministri
624 3125 682 3190 sed
704 3135 737 3190 et
757 3127 905 3214 magistri
926 3128 1117 3213 interrogati
1138 3126 1328 3215 simpliciter
1354 3136 1387 3192 et
1411 3126 1534 3214 liquido

111 3225 341 3316 respondeant.
383 3227 485 3291 Nemo
514 3224 717 3290 mendacium
747 3226 852 3291 sciens
880 3226 979 3292 dicito
1007 3235 1062 3290 aut
1089 3229 1259 3292 veritatem
1287 3225 1403 3292 callide
1430 3224 1574 3293 insol-25

109 3329 185 3394 vito.
229 3325 275 3390 Et
308 3326 460 3410 quoniam
492 3322 534 3388 ab
565 3323 729 3411 inquilinis
760 3345 857 3411 saepe
890 3323 1105 3390 habitationes
1138 3325 1316 3390 redduntur
1347 3325 1533 3410 deteriores,

110 3425 230 3492 debent
256 3424 420 3510 magistri,
451 3424 507 3511 qni
533 3423 655 3502 locant,
688 3422 823 3508 singulis
850 3422 1058 3489 semestribus
1082 3423 1372 3512 incomprehensa
1400 3425 1533 3510 regione

109 3527 246 3613 quisque
269 3544 330 3588 sna
340 3525 461 3606 venire,
483 3531 515 3588 et
536 3523 563 3587 si
584 3520 661 3608 quid
681 3520 874 3588 labefactum
894 3531 1123 3610 corruptumve
1146 3525 1198 3605 sit,
1218 3522 1337 3590 debere
1358 3523 1532 3611 inquilinos

108 3627 281 3692 restituere
302 3631 333 3688 et
355 3623 486 3706 sarcire,
507 3631 578 3688 utut
598 3621 669 3704 fuit,
690 3621 827 3688 efficere.

740 3807 847 3872 Caput
864 3807 909 3861 1v.
1540 3816 1576 3874 30

188 3942 245 4008 De
266 3949 405 4030 quatuor
425 3943 590 4028 magistris
609 3939 730 4006 nemini
750 3959 938 4004 concessum
957 3961 1029 4006 esse
1047 3939 1154 4024 debet,
1176 3951 1213 4007 ut
1231 3941 1388 4029 oppidum
1405 3940 1529 4008 itineris

109 4041 254 4110 faciendi
276 4063 377 4107 causa
398 4041 592 4128 egrediatur,
620 4039 684 4104 nisi
704 4041 739 4104 in
760 4039 937 4103 curationis
959 4061 1037 4105 suae
1063 4041 1167 4106 locum
1198 4039 1297 4105 aliurn
1325 4039 1532 4107 substituerit

111 4143 276 4210 Profectio
292 4150 398 4206 autem
419 4142 448 4206 si
467 4142 659 4227 suscipietur
674 4138 716 4204 ab
733 4137 842 4224 aliquo
863 4137 1000 4224 longior,
1022 4139 1065 4208 ad
1086 4140 1170 4204 hanc
1190 4141 1419 4226 permissione⁴
1439 4162 1534 4227 prae·

111 4243 190 4309 sidia
211 4242 262 4308 uti
283 4249 316 4306 et
334 4239 391 4322 illi,
413 4241 484 4326 quis
507 4241 631 4306 interea
651 4240 758 4304 viccs⁵
778 4239 880 4324 ipsius
901 4246 1032 4304 aottnrus
1055 4240 1106 4322 sit,
1133 4237 1280 4303 indicare
1307 4259 1410 4325 neque
1440 4238 1534 4305 aliter

112 4339 281 4408 discedere
302 4338 442 4406 debebit
482 4340 521 4404 In
541 4360 605 4424 quo
628 4340 655 4403 si
676 4336 856 4424 deliquerit,
876 4336 996 4403 mulcta
1017 4345 1085 4402 esto
1107 4335 1214 4402 florini
1235 4337 1340 4402 sanius.
1541 4345 1574 4404 ³5

195 4544 208 4595 1
229 4537 289 4593 sur
306 4553 357 4607 que
371 4536 444 4593 steht
462 4536 504 4606 ἥς
523 4535 589 4591 oder
605 4534 685 4590 sollte
701 4535 827 4592 lanera
843 4553 897 4591 von
913 4535 1004 4607 Vogel
1021 4535 1144 4592 verlesen
1161 4535 1219 4592 sein
1234 4540 1304 4592 statt
1320 4538 1382 4592 IV!

196 4629 212 4678 2
232 4620 421 4680 Geschrieben
436 4619 510 4676 steht
524 4621 709 4692 praesa-ipta.

195 4707 316 4762 antas
335 4706 506 4777 partitione!
537 4705 622 4761 Jedsr
637 4722 693 4760 ron
708 4704 801 4775 ihnen‚
822 4706 854 4776 jc
877 4703 1011 4760 nachdem
1032 4704 1072 4759 sie
1094 4703 1138 4760 die
1155 4703 1288 4761 Gebdude
1307 4711 1387 4762 untsr
1404 4702 1533 4760 einander

111 4791 241 4849 verthcilt
271 4788 373 4855 haben,
405 4790 455 4846 hat
484 4790 537 4846 den
565 4787 726 4845 Miethsnins
749 4806 804 4846 von
830 4788 923 4846 seinen
946 4787 1127 4845 Abmicthern
1149 4789 1345 4846 einmtreiben
1380 4787 1461 4842 Auch
1488 4785 1533 4842 die

110 4873 356 4948 vorhergehenden
373 4874 470 4930 Worte
493 4874 555 4930 sind
579 4872 697 4928 iiberaus
719 4873 836 4948 fliichtig
860 4872 1036 4946 geschriebeu
1057 4872 1114 4928 und
1139 4872 1211 4930 ohne
1233 4875 1287 4932 alle
1308 4871 1532 4942 Interpunctiom

111 4962 158 5019 fiir
173 4963 249 5017 saus
269 4957 342 5014 steht
360 4977 435 5016 scae.

197 5051 214 5101 4
233 5041 419 5100 Gcschriohen
436 5040 509 5097 steht
524 5042 743 5113 prombss'oaem.

199 5135 215 5184 5
235 5127 423 5185 Gcschricben
443 5124 517 5182 steht
532 5125 612 5180 turia
