3758 6072
539 477 671 536 Entvtrt's
687 497 735 535 aas
752 485 804 536 dan
821 479 925 538 dabrsn
945 483 1117 540 tata-tue.
1486 487 1548 554 369

115 672 239 730 certam
274 660 421 730 cedulam
446 663 658 732 articulorrm
686 673 847 734 certorum
872 675 1083 752 stammam,
1110 667 1207 735 nubis
1233 689 1295 756 pro
1321 677 1416 756 parte
1436 680 1547 737 vestra

115 785 178 851 per
198 762 360 829 decanum
380 763 485 830 sancti
506 762 593 830 Sixti
611 763 892 854 Merseburgsnsis
914 777 1212 854 praesentaturum,
1240 777 1367 834 mature
1390 769 1545 835 consultis

113 862 269 950 pluribus
301 863 488 930 doctoribus
527 863 635 930 dictae
677 864 783 932 almae
822 867 1044 932 universitatis
1080 867 1121 933 de
1157 867 1293 955 singulis
1325 866 1544 948 facultatibus,

112 962 372 1048 masticavimus,
400 974 433 1030 et
459 963 554 1030 dictis
581 965 721 1033 dominis
747 964 934 1033 doctoribus
962 976 994 1032 et
1019 966 1114 1033 nobis
1137 966 1320 1057 apparebat
1349 967 1545 1032 sufficienter

112 1063 285 1152 provisum
305 1063 345 1128 de
356 1064 534 1130 remotione
544 1065 627 1130 tanti
646 1064 805 1153 impulsus
826 1064 869 1131 ad
891 1065 1014 1153 gradm
1034 1075 1093 1132 etc.
1116 1089 1175 1154 per
1195 1068 1303 1155 prima
1321 1069 1387 1133 tria
1408 1075 1539 1149 statiua
1570 1075 1586 1162 9

112 1165 304 1251 provisione
324 1162 478 1230 videlieet
498 1172 530 1230 et
550 1162 706 1232 electione
727 1163 893 1232 decaniae
907 1165 1063 1233 electione
1074 1168 1334 1233 examinatorum
1348 1188 1408 1254 per
1424 1175 1544 1232 sortem

112 1274 145 1328 et
166 1285 277 1354 pauca
297 1262 363 1329 alia
385 1265 570 1352 sequentia,
598 1263 748 1354 quodque
769 1265 864 1332 nobis
885 1275 918 1330 et
938 1266 1019 1352 ipsis
1038 1263 1227 1332 doctoribus
1249 1267 1347 1331 certis
1369 1265 1410 1330 de
1438 1265 1544 1331 causis

112 1371 145 1430 et
189 1363 322 1430 motivis
353 1361 528 1430 videbatur
552 1375 585 1431 et
617 1364 761 1450 videtur,
800 1364 915 1432 ultima
950 1364 1013 1430 duo
1052 1374 1191 1449 statuta,
1230 1366 1264 1430 in
1298 1365 1387 1430 dicta
1429 1361 1545 1431 cedula

112 1472 282 1548 contenta,
310 1463 438 1530 omnino
461 1462 620 1548 tollenda,
651 1473 683 1529 et
711 1463 798 1552 quod
823 1466 856 1530 in
877 1461 941 1529 hiis
964 1463 1089 1531 duobus
1110 1465 1239 1531 statutis
1260 1473 1408 1532 teneatur
1429 1461 1544 1529 modus

112 1574 252 1629 actenus
274 1565 473 1651 practicatus
494 1572 591 1652 atque
611 1561 778 1651 hucusque
799 1560 1036 1630 rationabiliter
1058 1565 1273 1649 confinuatus,
1296 1585 1465 1652 quousque
1480 1585 1540 1650 per
1552 1569 1586 1628 10

112 1673 262 1729 vestram
282 1661 468 1728 facultatem
490 1660 531 1728 de
553 1670 643 1728 certa
664 1663 805 1729 sciencia
826 1673 938 1729 nostra
958 1685 1015 1728 seu
1035 1663 1152 1749 quibus
1173 1663 1359 1732 huiuamodi
1373 1663 1545 1750 negocium

113 1765 317 1829 committere
337 1761 550 1846 decrevimus,
576 1762 670 1828 aliter
690 1761 788 1828 fuerit
815 1763 993 1850 provisum.
1013 1761 1082 1828 Nec
1102 1761 1251 1830 volumus
1261 1813 1271 1849 ,
1297 1763 1399 1830 variis
1421 1760 1465 1828 ad
1483 1760 1545 1826 hoc

113 1861 273 1930 adhibitis
294 1860 516 1950 respectibus,
547 1859 640 1927 aliter
660 1883 808 1950 pronunc
828 1861 899 1926 fieri
924 1859 1044 1927 debere
1066 1862 1294 1950 quovismod03
1324 1871 1375 1947 et,
1408 1863 1437 1928 si
1467 1858 1545 1949 quid

113 1963 273 2029 contrarii
293 1963 392 2028 fuerit
411 1969 646 2048 attemptatum,
668 1961 754 2049 quod
776 1961 872 2044 absit,
894 1959 1082 2028 curabimus
1102 1960 1216 2028 videre
1236 1962 1277 2028 de
1298 1962 1395 2030 modo
1416 1975 1542 2050 compe

113 2060 229 2128 scendi
256 2069 523 2149 transgressores.
564 2059 661 2128 Unde
688 2061 875 2127 affectamus
905 2068 938 2126 et
965 2083 1120 2148 rogamus
1142 2062 1302 2129 atteucius
1329 2083 1369 2128 ac
1391 2063 1585 2127 seriosiusrs

98 2159 356 2244 desideramus,
389 2169 546 2246 quatenus
571 2183 632 2248 pro
658 2181 741 2247 pace
761 2167 794 2226 et
813 2159 1046 2245 tranquillitate
1067 2160 1173 2227 dictae
1195 2161 1301 2228 almae
1321 2161 1543 2226 universitatis

113 2282 176 2326 vos
207 2259 315 2325 velitis
344 2260 379 2324 in
406 2258 469 2325 hac
496 2269 591 2348 parte
617 2258 876 2326 condescendere
906 2281 946 2324 ac
971 2259 1065 2328 nobis
1095 2261 1241 2350 ipsisque
1262 2258 1450 2327 doctoribus
1471 2281 1544 2325 esse

115 2359 311 2444 conformes,
331 2359 367 2425 in
388 2381 425 2426 eo
453 2359 549 2426 nobis
569 2358 841 2446 complacenciam
861 2357 1062 2426 exhibentes.
1093 2360 1216 2428 Datum
1229 2359 1329 2426 hiere.
1350 2359 1433 2425 feria
1451 2366 1546 2426 sexta

114 2467 193 2548 post
214 2457 402 2526 Nicomedis
423 2467 536 2526 nostro
558 2458 619 2526 suh
640 2457 757 2547 sigillo.
798 2459 894 2526 Anno
916 2467 976 2526 etc.
1004 2459 1065 2526 XL
1087 2460 1199 2550 quinto
1221 2465 1318 2541 (1445
1339 2463 1467 2542 Freitaq
1487 2463 1544 2523 den

114 2564 143 2624 4.
164 2556 292 2647 Jaas).¹
1552 2563 1587 2622 2⁰

241 2656 492 2725 Venerabilihus
513 2657 610 2743 viris,
636 2657 759 2725 decam
781 2668 813 2725 et
834 2659 999 2746 magistris
1019 2659 1183 2728 facultatis
1205 2658 1330 2726 arcium
1349 2655 1455 2725 almae
1475 2659 1544 2724 uui·

156 2759 323 2826 versitatis
346 2758 444 2826 studii
464 2757 663 2847 Liptaeqsis,
686 2759 801 2826 amicis
821 2760 941 2825 nostris
964 2761 1133 2826 sinceriter
1155 2757 1293 2826 dilectis.

505 2898 535 2960 3.
554 2891 699 2958 Forma
719 2892 871 2960 literae
892 2891 1153 2962 credenciae.

198 3007 482 3076 Reverendissimo
504 3010 539 3073 in
560 3009 691 3076 Christo
717 3010 864 3096 patriae
885 3007 1031 3093 domino,
1059 3009 1190 3076 domino
1210 3009 1366 3092 Iohanni,
1388 3012 1543 3098 episcopo

113 3105 388 3194 Mersehurgenai,
409 3106 515 3174 almae
536 3109 759 3175 universitatis
780 3107 877 3174 studii
896 3107 1084 3196 Liptaeusis
1105 3107 1299 3174 cancellario
1319 3108 1426 3192 unico,
1448 3109 1585 3174 deca-25

113 3229 176 3271 nus
195 3214 329 3295 totaque
348 3205 488 3274 facultas
508 3207 607 3274 studii
628 3206 790 3295 praedicti
811 3209 1034 3274 reverenciam
1055 3217 1087 3274 et
1111 3207 1335 3276 obedienciam
1364 3210 1541 3276 crationes·

113 3328 176 3394 que
197 3305 343 3372 devotas.
382 3306 663 3374 Reverendissime
690 3315 783 3394 pater
804 3328 844 3372 ac
865 3304 994 3372 domine
1015 3305 1179 3392 graciose!
1212 3307 1296 3375 (hun
1320 3329 1381 3394 pro
1410 3306 1541 3394 quibus·

113 3404 191 3470 dam
213 3407 358 3493 negociis
378 3407 535 3474 honorem
563 3416 596 3472 et
622 3405 743 3473 honum
770 3405 935 3472 facultatis
961 3417 1092 3472 nostrae
1111 3406 1379 3474 concernentibus
1400 3407 1444 3472 ad
1465 3429 1491 3472 e
1512 3429 1543 3493 p.

111 3528 143 3572 v.
165 3529 215 3572 rv.
236 3507 486 3572 transmittimus
505 3504 712 3573 honorabiles
732 3515 764 3572 et
784 3506 1037 3593 circumspectos
1058 3507 1165 3590 viros,
1188 3503 1335 3574 dominos
1343 3504 1541 3572 stanislaum

113 3604 155 3671 de
175 3605 277 3671 Auris
299 3615 332 3672 et
350 3605 528 3672 Iohannem
548 3605 652 3691 Wise,
673 3604 861 3694 praedictae
880 3617 1014 3672 nostrae
1033 3603 1199 3672 facrdtatis
1219 3607 1393 3692 magistros
1415 3611 1585 3672 sacrae-³0

113 3727 177 3793 que
197 3703 380 3792 theologiae
405 3705 625 3790 hacc-alarios,
654 3705 792 3792 ideoque
811 3706 989 3790 instancia,
1014 3727 1079 3793 qua
1098 3727 1288 3793 possumus,
1311 3704 1543 3793 supplicamus,

114 3815 276 3893 quatenus
297 3804 421 3872 eisdem
440 3806 660 3894 adpraesens
684 3804 815 3892 plenam
838 3805 880 3872 de
902 3803 1123 3894 proponendis
1144 3803 1240 3870 tidem
1262 3803 1418 3872 adhibere
1436 3803 1544 3872 velitis

113 3904 307 3970 creditivam
338 3907 484 3994 ipsisque
511 3915 579 3972 tarn
606 3905 792 3993 graciosum
819 3926 917 3992 quam
946 3912 1092 3993 optatum
1120 3905 1200 3971 dare
1229 3927 1422 3994 responsum
1449 3903 1544 3972 nohis

111 4002 335 4089 referendum,
364 4027 425 4093 pre
447 4028 509 4094 quo
540 4004 796 4072 dinumeratae
817 4004 1006 4090 paternitati
1025 4004 1243 4092 obligabimur
1270 4003 1433 4092 obsequiis
1453 4005 1543 4071 inde-

111 4104 218 4170 fessis
247 4103 285 4169 ln
307 4105 398 4170 cuius
420 4105 674 4192 recognitionem
696 4104 869 4170 clariorem
888 4112 1020 4170 nostrae
1039 4105 1204 4171 facultatis
1225 4103 1368 4192 sigillum
1388 4113 1583 4192 praesen-35

110 4204 200 4270 tibus
228 4202 380 4270 duximus
401 4203 661 4292 imprimendum.
711 4201 780 4269 Sub
813 4224 898 4270 anno
923 4202 1049 4270 domiui
1067 4202 1174 4270 mille⁰
1196 4203 1362 4289 ccccxlvl,
1390 4205 1443 4272 die
1463 4227 1542 4273 vero

111 4301 286 4370 undecima
305 4305 425 4372 mensis
444 4305 530 4371 Iunii
551 4299 648 4391 (1445
670 4307 699 4368 at
722 4310 769 4371 11.
785 4303 886 4387 Just).

196 4437 359 4506 Dominus
381 4437 553 4526 episcopus
580 4435 773 4504 duodecima
789 4436 910 4502 mensis
932 4434 1017 4501 Iunii
1038 4443 1167 4523 gratum
1189 4433 1279 4501 dedit
1295 4458 1487 4526 responsum
1505 4438 1541 4502 in

112 4537 360 4604 castrohutzen
373 4536 552 4626 praedictis
575 4537 700 4604 duobus
720 4535 896 4622 magistris,
917 4534 1004 4622 quod
1024 4557 1083 4622 pro
1107 4537 1271 4621 praesenti
1292 4537 1458 4603 tolleraret
1477 4536 1540 4603 hoc

112 4648 287 4721 statutum,
316 4639 364 4704 sic
391 4647 501 4704 tamen
528 4635 614 4726 quod
641 4658 683 4702 ex
711 4645 786 4723 post
806 4657 865 4724 per
884 4631 1070 4700 facultatem
1091 4629 1214 4722 absque
1234 4659 1344 4702 morae
1366 4635 1580 4725 dispendioto

111 4738 153 4806 de
175 4747 267 4804 certa
289 4738 431 4803 sciencia
453 4759 512 4804 sua
531 4759 592 4827 pro
613 4738 811 4803 incremento
831 4734 1053 4800 universitatis
1075 4731 1170 4799 ahter
1189 4735 1452 4823 provideretur.²

195 4927 208 4980 1
231 4919 306 4979 Odor
321 4919 436 4992 Freitag
460 4917 514 4976 den
541 4923 579 4975 1⁷.
597 4915 783 4989 September?
808 4914 886 4972 Ahar
910 4917 967 4988 vgl.
992 4915 1044 4970 das
1059 4914 1166 4971 Datum
1183 4916 1232 4972 dea
1256 4917 1405 4990 folgenden
1421 4913 1537 4972 Briefes.

194 5011 212 5064 2
231 5007 316 5063 Diese
332 5003 493 5077 ausuung
516 5003 554 5058 iat
579 5018 635 5058 ron
657 5000 712 5058 Ios.
728 5000 829 5072 wyse,
855 4999 905 5056 der
921 5001 998 5056 einer
1013 4998 1064 5056 der
1079 4999 1249 5073 Deputirten
1263 5017 1321 5058 var
1339 5001 1397 5058 und
1414 5000 1476 5058 dem
1493 4999 1540 5056 dia

109 5107 200 5165 ganas
227 5089 411 5146 Handschrift
425 5088 557 5162 gehdrte,
579 5103 631 5144 aus
646 5085 696 5141 der
710 5084 786 5142 disse
802 5083 1019 5158 Mittheilungen
1042 5089 1147 5141 eumen
1163 5086 1234 5144 sind.
1269 5086 1297 5144 S.
1316 5085 1395 5142 oben

177 5191 400 5233 ararorrsauoa
415 5192 475 5230 nra
491 5191 565 5230 usrv.
582 5189 703 5228 nauare.
1329 5178 1370 5241 24
