3762 6074
535 453 622 506 Vierte
640 455 909 524 Substanrsdsctlon,
929 471 981 508 son
1003 455 1173 511 rtet-test.
1505 451 1566 518 459

144 634 316 724 deputatus
328 636 484 723 magister
495 646 527 702 et
536 637 579 702 ad
592 638 654 704 hoc
663 637 810 725 ydoneus
818 650 952 729 propter
960 638 1172 706 metrificandi
1182 647 1285 703 artem
1294 639 1429 702 terciam
1440 643 1565 723 partem

143 735 355 819 Allexandri,
376 734 559 822 habeatque
586 735 699 803 horam
720 749 869 827 quartam
891 739 932 805 de
953 737 1006 804 die
1028 749 1096 804 tam
1118 740 1152 803 in
1173 738 1289 824 hyeme
1312 757 1407 822 quam
1430 743 1564 800 aestate.

144 834 313 902 Secundus
340 837 375 901 in
400 834 496 922 loyca
519 837 642 923 primos
670 849 807 925 quatuor
832 849 991 904 tractatus
1018 839 1107 904 Petri
1130 837 1281 924 Hyspsni
1311 858 1367 900 seu
1394 833 1567 921 parvulum

142 934 268 1021 loyoae,
289 933 473 1022 habeatque
494 933 607 1000 horam
629 939 775 1024 quintam
796 939 830 1003 in
850 947 983 1020 aestate,
1004 941 1038 1002 in
1059 938 1175 1024 hyeme
1198 947 1333 1001 sextam.
1375 933 1512 998 Tercius
1533 934 1568 997 in

144 1034 312 1100 rethorica
325 1033 454 1100 modum
470 1034 665 1120 epistolandi
687 1059 760 1101 cum
782 1039 878 1103 certis
899 1038 1084 1125 praeceptis
1107 1047 1141 1100 ot
1161 1033 1307 1122 epistolis
1329 1031 1491 1098 adiunctis
1511 1029 1564 1096 vel
1592 1037 1609 1094 5

143 1133 243 1200 alium
264 1135 298 1198 in
320 1134 483 1199 rethorica
504 1133 615 1199 utilem
636 1135 780 1201 libellum
802 1145 1039 1224 comportatum
1061 1144 1093 1199 et
1112 1157 1171 1222 per
1194 1134 1352 1199 decanum
1374 1143 1405 1198 et
1424 1132 1567 1197 seniores

142 1233 408 1321 approbandum
430 1233 612 1321 habeatque
632 1235 665 1299 in
682 1235 796 1302 diebus
817 1237 942 1301 festivis
963 1245 996 1300 et
1014 1233 1223 1320 collegiorum
1245 1233 1358 1298 horam
1381 1229 1565 1296 secundam.

143 1331 290 1412 Quartus
319 1333 352 1396 in
382 1332 589 1420 philosophia
618 1335 778 1418 naturali,
808 1343 843 1400 ut
877 1335 1114 1423 philosophiam
1148 1331 1409 1419 compendiosam
1439 1329 1568 1395 Alberti

142 1433 255 1516 magni
288 1440 345 1498 aut
376 1431 549 1519 parvinum
580 1433 822 1521 philosophiam
855 1443 887 1500 et
913 1435 955 1500 sit
984 1436 1052 1498 eius
1080 1431 1162 1498 hora
1188 1433 1224 1496 in
1251 1439 1374 1496 aestate
1402 1440 1511 1512 sexta,
1533 1431 1568 1494 in

144 1529 263 1617 hyeme
285 1533 435 1618 septima.
478 1532 671 1619 Debentque
692 1533 773 1600 haec
794 1534 945 1623 publicae
967 1533 1205 1619 resumptiones
1226 1531 1295 1595 fieri
1317 1532 1351 1594 in
1374 1527 1484 1617 aliquo
1504 1527 1610 1594 col-10

143 1627 322 1715 legiorum,
350 1641 384 1696 et
411 1632 559 1720 deputati
584 1635 735 1718 magistri
756 1636 791 1698 in
814 1637 879 1700 suis
899 1631 1175 1720 resumptionibus
1200 1631 1372 1717 diligenter
1392 1651 1433 1694 ac
1453 1626 1567 1692 funda-

143 1727 328 1794 mentaliter
348 1753 423 1798 suos
453 1731 595 1796 scolares
623 1743 656 1796 et
685 1733 850 1800 auditores
881 1732 1030 1798 erudiant
1056 1730 1252 1796 declarando
1279 1730 1462 1810 materiam,
1488 1750 1565 1792 non-

142 1849 320 1914 numquam
353 1851 408 1896 eos
440 1832 645 1914 examinent,
680 1833 846 1918 signanter
880 1834 914 1897 in
941 1833 1155 1918 grammatica
1186 1840 1217 1894 et
1245 1828 1349 1915 loyca
1391 1827 1435 1892 Et
1459 1825 1567 1891 nullus

139 1925 466 1994 baccalariandorum
478 1931 522 1996 ad
534 1953 671 1997 examen
684 1932 881 2016 admittatur,
902 1932 965 1996 nisi
986 1929 1150 2019 praefatas
1165 1939 1303 2018 quatuor
1324 1927 1567 2013 resumpciones

138 2025 295 2092 adminus
317 2027 417 2094 semel
439 2029 602 2096 audiverit
623 2041 655 2096 ot
675 2031 806 2098 realiter
826 2031 1029 2098 satisfecerit.
1578 2033 1610 2088 ¹⁵

137 2297 167 2358 2
204 2310 252 2358 ns
277 2310 446 2360 smnsnso
473 2305 724 2366 musmones
751 2317 997 2366 msuunucmu
1024 2317 1071 2364 nx
1098 2313 1331 2364 conrnssrouu
1353 2311 1568 2362 succursus

490 2431 537 2479 ur
559 2432 670 2480 sssrn
692 2433 888 2482 sconsmnu
908 2432 974 2482 sos
995 2432 1221 2482 sunmucsuu.

223 2571 345 2659 Placet,
372 2578 459 2665 qnod
479 2591 663 2668 resumptor
685 2583 719 2646 in
740 2581 947 2668 philosophia
970 2580 1110 2646 naturali
1130 2579 1251 2646 habeat
1272 2589 1344 2646 octo
1366 2579 1515 2659 florenos,
1536 2579 1571 2641 in

140 2672 241 2759 loyca
264 2685 404 2762 septem,
425 2679 460 2742 in
488 2681 702 2764 grammatica
723 2703 798 2765 sex,
818 2683 852 2746 in
873 2681 1037 2746 rethorica
1064 2689 1211 2766 quatuor.
1253 2679 1297 2745 Et
1318 2677 1414 2744 debet
1435 2676 1570 2765 quilibet

137 2783 325 2864 resumptor
347 2778 537 2844 continuare
561 2779 733 2865 diligenter
756 2803 847 2846 suam
870 2781 1130 2868 resumpcionem
1152 2779 1196 2846 ad
1216 2779 1360 2846 medium
1382 2800 1512 2858 annum,
1534 2783 1608 2840 etto

70 2953 76 2960 ἱ
137 2875 174 2936 in
197 2871 315 2959 hyeme
336 2885 411 2941 ante
432 2876 620 2944 Palmarum
641 2903 705 2946 non
725 2903 863 2962 cessare,
885 2881 920 2944 in
941 2891 1064 2944 aestate
1086 2890 1160 2944 ante
1179 2879 1359 2961 Michaelis,
1382 2877 1442 2942 sub
1463 2898 1571 2964 poena

138 2971 374 3040 abstractionis
406 2975 542 3042 alicuius
570 2981 734 3066 porcionis
762 2979 802 3043 de
829 2988 927 3066 pastu
947 2978 1010 3042 sibi
1033 2976 1195 3043 solvendo.
1238 2979 1283 3044 Et
1302 3001 1343 3042 ne
1363 2976 1501 3042 facultas
1523 2977 1569 3040 ni·

137 3073 244 3138 mium
266 3083 422 3159 gravetur
444 3097 503 3162 per
525 3076 712 3143 huiusmodi
734 3088 847 3165 pastus
871 3076 1072 3159 solutionem,
1092 3077 1257 3142 demotum
1274 3087 1333 3158 est,
1355 3075 1441 3164 quod
1459 3097 1570 3140 omncs

138 3180 172 3236 et
197 3171 319 3258 singuli
347 3173 506 3240 intrantes
534 3177 699 3264 praefatas
727 3178 964 3264 resumptiones
990 3175 1154 3240 facvsltatis
1181 3177 1312 3241 realiter
1334 3172 1421 3264 [¹6³]
1443 3185 1569 3238 etcum

138 3272 259 3336 effectu
288 3271 418 3338 solvant
445 3273 592 3359 easdem,
624 3279 693 3341 sive
714 3277 779 3341 sint
801 3274 963 3362 simplices
985 3275 1179 3356 baccularii,
1200 3273 1313 3340 famuli
1335 3274 1610 3358 magistrorum25

142 3380 176 3436 et
198 3370 369 3436 doctorum
391 3373 459 3438 sive
481 3395 652 3462 pauperes.
695 3375 740 3440 Et
770 3376 875 3440 solvat
900 3373 1035 3462 quilibet
1063 3377 1096 3439 in
1124 3373 1334 3461 philosophia
1354 3370 1512 3454 naturali,
1534 3373 1569 3436 in

137 3469 250 3557 logica
270 3480 302 3535 et
322 3473 538 3557 grammatica
560 3475 640 3541 duos
661 3499 809 3562 grossos,
831 3473 888 3539 sed
916 3496 976 3560 pro
1004 3473 1167 3538 rethorica
1193 3495 1275 3536 unus
1300 3493 1434 3558 gronam
1462 3469 1566 3535 detur.

135 3569 182 3634 Et
206 3568 293 3634 hunc
316 3570 454 3636 facultas
475 3571 608 3638 modum
630 3575 778 3641 solvendi
806 3585 936 3662 pastum
962 3572 1005 3637 ad
1033 3583 1161 3660 tempus
1190 3573 1382 3659 assumpsit,
1405 3569 1508 3634 donec
1529 3568 1569 3634 de

136 3669 265 3756 aptiori
280 3669 376 3736 modo
392 3670 613 3757 provideatur.
655 3675 737 3739 Item
758 3675 1039 3763 quocienscunque
1060 3673 1132 3760 quis
1153 3670 1295 3759 aliquam
1316 3670 1568 3756 resumptionem

136 3767 306 3834 facultatis
337 3769 490 3854 audierit,
516 3772 641 3838 tociens
671 3775 859 3839 satisfacere
889 3783 1035 3838 teneatm
1062 3769 1224 3854 facultati,
1252 3793 1317 3836 non
1346 3769 1494 3836 obstante
1516 3779 1609 3852 e0‚ao

136 3867 228 3957 quod
247 3870 339 3957 prius
362 3871 462 3936 semel
482 3893 555 3938 eam
576 3873 718 3940 audierit
737 3889 771 3938 et
791 3873 994 3938 satisfecerit.

135 4109 166 4170 3.
196 4120 302 4170 mssa
323 4121 554 4172 uursmonsn
583 4123 856 4174 nuscunmousu
884 4123 1099 4172 ssounrsrrs
1129 4123 1294 4184 qumans
1318 4123 1569 4172 usorsrsosun

711 4223 828 4272 sinsus
852 4206 998 4272 nanuu¹

221 4351 305 4416 Item
326 4351 464 4439 placuit,
486 4353 573 4440 quod
595 4355 731 4441 quilibet
751 4357 923 4440 magister,
953 4362 1138 4440 resumptor
1156 4375 1215 4440 per
1235 4353 1423 4419 facultatem
1445 4355 1487 4420 ad
1510 4353 1566 4420 ali-

137 4474 238 4540 quam
262 4454 432 4518 materiam
453 4455 683 4520 resumendam
705 4455 894 4543 deputatus,
923 4453 1112 4518 textualiter
1133 4453 1227 4518 iuxta
1250 4462 1403 4527 statutum
1426 4454 1607 4542 desupertt

137 4551 265 4616 editum
287 4551 481 4618 resumendo
502 4553 679 4639 procedere
701 4554 797 4620 debet
818 4565 851 4620 et
870 4554 1121 4638 resumptionem
1143 4551 1205 4616 sibi
1226 4555 1425 4638 assignatam
1448 4555 1481 4617 in
1502 4575 1567 4618 una

136 4651 325 4717 mutacione
347 4651 489 4718 totaliter
510 4651 614 4737 linire,
636 4654 696 4722 sub
717 4677 824 4745 poena
844 4653 1044 4744 privacionis
1067 4675 1124 4717 seu
1145 4654 1315 4718 carenciae
1336 4665 1459 4740 pastus.

141 4889 477 4899 —a--——-—-—-

170 5134 191 5190 b
228 5049 357 5106 lDisser
374 5050 485 5107 Artikel
508 5052 546 5106 ist
567 5070 622 5107 von
644 5053 760 5109 anderen
778 5051 862 5107 Hand
884 5051 1092 5123 nachgctragen
1118 5052 1173 5107 und
1202 5052 1253 5105 mit
1276 5045 1455 5104 bliiulicherer
1479 5049 1564 5104 Tinte

136 5151 171 5189 ru
192 5133 290 5191 riciart
