3794 6066
332 463 390 528 106
789 469 843 518 Des
861 471 995 522 Iohannes
1012 473 1091 524 Fabri
1112 475 1147 524 ds
1164 473 1280 524 werden

369 649 419 711 29.
454 665 648 714 munerun
669 669 896 718 excussimus
918 671 1136 731 quosnam
1155 669 1415 720 mascaronem
1435 671 1540 722 mue
1562 673 1700 724 TEHPUS

777 771 1030 819 antummum
1052 772 1291 820 nunnunrmu.

409 878 471 969 [Bi.
495 879 564 970 15⁸]
593 883 661 947 Nos
682 884 731 947 .N.
754 893 813 949 etc.
838 897 953 951 rector.
997 886 1201 972 Quamquam
1225 887 1274 952 .N.
1297 894 1329 951 et
1349 885 1415 968 .N.,
1436 896 1569 953 nostrae
1588 889 1745 954 universi-

328 981 404 1046 tatis
426 981 600 1065 studentes,
622 993 755 1070 propter
777 1007 835 1049 sua
857 988 1002 1073 patentia
1023 987 1180 1052 demerita
1201 985 1423 1070 notabilesque
1435 1008 1588 1052 excessus
1602 987 1644 1052 de
1665 1011 1748 1053 com·

304 1082 418 1146 tmuni
446 1103 604 1148 consensu
632 1082 848 1170 concordique
874 1088 1033 1152 sententia
1063 1085 1292 1172 magistrorum
1316 1085 1574 1152 consiliariorum
1594 1109 1615 1152 a
1636 1099 1748 1154 nostra

328 1179 416 1244 alma
437 1181 648 1247 universitate
670 1181 713 1247 ad
735 1193 857 1248 certum
878 1194 1006 1274 tempus
1026 1188 1109 1250 iuste
1130 1187 1250 1251 fuerint
1270 1184 1426 1271 relegati,
1447 1187 1512 1273 ipsi
1534 1197 1662 1270 tamen,
1684 1211 1748 1254 nou

328 1287 450 1344 attenta
484 1303 590 1368 poena
626 1285 738 1347 statuti
771 1295 884 1349 eontra
914 1285 1084 1350 redeuntes
1112 1283 1349 1351 rationabiliter
1376 1284 1471 1368 editi,
1504 1285 1590 1350 infra
1621 1297 1748 1375 tempus

329 1403 406 1446 suae
433 1379 641 1466 relegationis
671 1382 786 1448 frivole
811 1407 850 1448 ac
877 1409 958 1452 ausu
984 1387 1156 1452 temerario
1182 1385 1225 1450 ad
1256 1407 1410 1471 praesens
1437 1383 1592 1472 oppidum
1622 1409 1662 1452 ac
1684 1397 1748 1452 stu·

326 1479 413 1544 dium
434 1480 541 1546 redire
563 1505 628 1546 non
649 1482 873 1566 formidarunt,
894 1485 1031 1572 ideoque
1050 1487 1164 1572 vigore
1185 1483 1369 1551 huiusmodi
1388 1487 1501 1550 statuti
1518 1485 1587 1552 sine
1603 1485 1748 1553 ulteriori

285 1581 495 1663 rodanone,
524 1584 756 1648 convocatione
781 1606 820 1648 ac
839 1587 1015 1651 monitione
1035 1586 1200 1673 praefatos
1222 1585 1273 1648 .N.
1295 1593 1327 1648 et
1348 1585 1397 1652 .N.
1421 1606 1442 1650 a
1466 1607 1603 1672 corpore
1624 1595 1656 1652 et
1677 1609 1747 1672 grc-

324 1681 388 1746 mio
418 1679 600 1746 antedictae
630 1683 850 1748 universitatis
876 1695 1040 1771 tamquam
1069 1685 1216 1750 membra
1241 1681 1372 1771 putrida
1401 1706 1460 1772 per
1482 1686 1670 1772 praesentia
1690 1709 1746 1773 pu·

329 1779 414 1845 blice
435 1780 648 1846 rescindimus
671 1789 702 1846 et
724 1783 936 1868 excludimus,
958 1782 1149 1850 mandante·
1169 1783 1318 1850 omnibus
1338 1792 1371 1848 et
1393 1783 1530 1870 siugulis
1553 1786 1746 1850 univcrsita-

325 1881 366 1944 tis
388 1890 521 1944 nostrae
542 1882 736 1969 suppositis,
764 1906 805 1948 nc
826 1907 898 1950 eum
918 1886 1187 1972 praememoratis
1208 1885 1255 1948 .N.
1278 1893 1309 1948 st
1329 1883 1378 1948 .N.
1400 1881 1542 1950 exclusis
1563 1885 1598 1950 in
1619 1885 1746 1951 actibus

326 1979 530 2046 scholasticis
552 1979 683 2067 publice
704 1987 892 2049 conversari
914 1995 1132 2072 praesumant
1175 1983 1244 2050 Sub
1265 2004 1372 2070 poena
1394 1992 1454 2047 etc

286 2156 316 2212 15
569 2153 618 2216 30.
652 2167 846 2216 uarnsruu
866 2169 912 2216 na
936 2169 1072 2218 srauno
1094 2169 1129 2216 us
1150 2167 1250 2216 noc1s
1271 2167 1497 2216 arraonsrrs.

407 2280 543 2346 Mandat
565 2281 714 2348 omnibus
736 2294 811 2348 ete:
835 2294 992 2369 quatenus
1015 2285 1135 2349 nullum
1154 2285 1300 2370 ipsorum
1322 2281 1475 2369 deinceps
1496 2283 1530 2347 in
1554 2282 1664 2371 aliquo
1682 2286 1745 2351 alio

323 2381 395 2447 loco
424 2403 520 2470 quarn
541 2383 576 2446 in
598 2381 742 2468 collegiis
764 2408 821 2450 seu
841 2385 949 2451 bursis
969 2407 1028 2471 per
1049 2383 1293 2450 universitatem
1314 2381 1523 2468 approbatis,
1553 2383 1675 2450 ibidem
1698 2409 1744 2450 se-

324 2482 463 2548 cundum
489 2483 561 2546 iura
586 2480 765 2547 bursalium
792 2485 947 2568 vivendo,
983 2483 1131 2548 habitare
1163 2504 1220 2547 seu
1249 2483 1371 2545 morari
1396 2493 1584 2567 praesumat
1618 2494 1675 2550 aut
1706 2483 1745 2550 de

323 2604 408 2646 novo
440 2579 573 2646 bursam
599 2582 668 2645 sive
700 2582 926 2648 domunculam
957 2581 1202 2648 inhabitandam
1233 2589 1395 2667 acceptet,
1427 2577 1513 2668 [15¹³]
1544 2581 1604 2646 sub
1640 2605 1746 2670 poena

282 2681 418 2746 20unius
440 2679 571 2762 floreni,
603 2682 808 2746 universitati
835 2685 958 2748 tociens
981 2685 1129 2768 quotiens
1151 2680 1237 2745 ultra
1257 2701 1415 2762 mensem,
1442 2703 1463 2744 a
1484 2679 1569 2746 datis
1591 2705 1744 2768 praescu-

323 2779 411 2844 tibus
442 2778 709 2866 computandum,
739 2783 772 2845 in
801 2781 986 2847 huiusmodi
1004 2781 1085 2846 locis
1107 2803 1173 2845 non
1193 2778 1385 2866 approbatis
1407 2781 1545 2863 steterit,
1572 2781 1745 2848 irremissi-

321 2877 430 2944 biliter
450 2878 666 2966 persolvendi.
713 2880 749 2946 Si
770 2904 849 2946 vero
872 2880 1003 2966 aliquod
1026 2881 1230 2967 suppositum
1250 2880 1285 2943 in
1306 2879 1452 2965 collegiis
1474 2901 1534 2946 scu
1557 2879 1665 2946 bursis
1687 2904 1744 2968 ap·

322 2978 471 3066 probatis
492 2979 534 3044 ob
555 2988 661 3044 certas
683 2978 894 3046 rationabiles
925 2990 957 3046 et
979 2979 1143 3067 legitimas
1162 3001 1279 3044 causas
1300 2977 1474 3044 comodose
1498 2988 1585 3046 stare
1605 2980 1658 3046 vel
1679 3005 1744 3047 mo

321 3081 388 3144 rari
411 3080 601 3164 nequiverit,
623 3077 704 3145 illud
724 3079 888 3145 dominum
909 3089 1068 3146 rectorem
1087 3078 1127 3145 de
1140 3078 1295 3167 qualitate
1310 3089 1342 3143 et
1353 3077 1556 3165 legitimitate
1573 3103 1744 3146 causarum

278 3179 502 3244 tthuiusmodi
523 3180 664 3244 instruat
684 3190 716 3245 et
737 3179 901 3262 certificet,
925 3181 966 3246 ab
989 3180 1165 3266 eodemque
1187 3178 1463 3274 dispensationem
1488 3179 1560 3245 sive
1581 3179 1742 3246 indultum

321 3277 362 3344 de
385 3278 501 3344 stando
524 3290 618 3345 extra
639 3279 821 3346 huiusmodi
843 3281 1027 3368 approbata
1052 3280 1125 3346 loca
1147 3302 1220 3344 curn
1243 3281 1430 3344 extorsione
1450 3281 1568 3365 signati
1590 3279 1743 3344 effectua-

322 3379 395 3443 liter
414 3381 565 3466 impstrct
586 3391 618 3444 et
638 3379 795 3463 obtineat,
822 3403 929 3469 poena
949 3379 1007 3445 sub
1031 3381 1212 3467 praemissa
1232 3379 1356 3444 tociens
1378 3379 1525 3465 quotiens
1545 3380 1744 3446 contrarium

321 3479 429 3544 l'acere
450 3483 714 3569 praesumpserit.
758 3481 882 3546 Datum
904 3489 1084 3545 rectoratus
1106 3488 1164 3544 etc.
1204 3476 1299 3543 Anno
1332 3487 1390 3543 eto.

391 3653 441 3714 31.
463 3665 657 3713 manarum
674 3666 722 3712 nn
742 3665 814 3714 ror
831 3663 1094 3712 manasssuuno
1113 3661 1378 3710 nrsrnrsamoru
1400 3662 1524 3711 uonuu
1545 3663 1671 3713 asces-

279 3755 313 3811 3ο
854 3763 1038 3812 usumsms
1059 3763 1209 3812 sacrun.

403 3862 457 3926 Ex
479 3861 632 3928 concordi
655 3885 814 3927 consensu
837 3871 933 3947 atque
954 3863 1180 3927 commissione
1198 3861 1403 3926 dominorum
1415 3861 1584 3925 doctorum
1600 3864 1743 3928 omnium

323 3961 511 4027 facultatum
533 3959 715 4026 antedictae
736 3963 958 4026 universitatis
985 3962 1119 4027 mandat
1140 3960 1288 4026 omnibus
1311 3971 1343 4026 et
1365 3959 1500 4047 singulis
1521 3959 1743 4027 baccularian-

321 4061 387 4144 dis,
415 4083 562 4149 pronunc
587 4063 771 4148 promoveri
799 4062 1017 4150 cupientibus,
1046 4063 1223 4128 districtius
1249 4059 1443 4142 inhibendo,
1476 4069 1635 4147 quatenus
1657 4063 1743 4127 iura·

322 4161 436 4242 menti,
463 4169 609 4248 tempore
638 4160 952 4227 immatriculationis
975 4185 1052 4228 suae
1073 4163 1239 4250 praestiti,
1266 4181 1440 4241 memores,
1469 4157 1575 4223 nullus
1595 4161 1743 4248 ipsorum

279 4260 421 4326 35hodic
450 4269 506 4324 aut
534 4258 687 4347 deinceps
710 4259 945 4347 dispensationi
966 4285 1090 4328 morum
1110 4263 1267 4327 iuteresse
1288 4269 1345 4324 aut
1368 4281 1439 4326 sese
1460 4261 1604 4324 examini
1628 4265 1744 4346 quovis

321 4359 417 4426 modo
450 4359 640 4424 submittere
671 4368 874 4446 praesumat,
910 4362 1121 4450 quoadusque
1154 4381 1287 4441 causae,
1320 4361 1405 4424 inter
1439 4355 1526 4446 [16⁸]
1559 4358 1664 4426 dictos
1688 4361 1742 4427 do·

321 4461 426 4526 minos
454 4457 604 4524 doctores
631 4482 672 4524 ex
699 4481 764 4524 una
792 4472 824 4525 ct
849 4464 1023 4548 magistros
1046 4461 1086 4524 de
1108 4459 1243 4524 consilio
1264 4457 1427 4524 facultatis
1449 4459 1569 4523 artium
1591 4460 1743 4547 partibus

321 4585 363 4627 ex
392 4559 496 4625 altera
523 4568 702 4644 vertentes,
729 4561 824 4648 plene
850 4561 1058 4646 totaliterque
1087 4559 1253 4624 discussae
1280 4559 1407 4626 fuerint.
1450 4556 1519 4622 Sub
1541 4581 1649 4644 poena
1669 4583 1740 4649 per·

320 4662 405 4743 iulii,
427 4658 515 4747 quod
528 4659 763 4726 contrafaciens
774 4662 846 4748 ipso
858 4663 946 4726 facto
959 4661 1106 4743 incurrit,
1130 4669 1163 4724 et
1176 4681 1216 4724 .x.
1232 4657 1438 4740 florenorum,
1460 4659 1666 4726 universitati
1684 4671 1742 4726 etc

279 4840 313 4896 to
353 4834 403 4898 32.
432 4845 626 4894 marcu
645 4844 693 4892 nu
714 4845 786 4894 non
808 4845 973 4894 vaesano
996 4845 1185 4894 socrusno
1208 4842 1382 4908 rsnrouu,
1401 4841 1564 4891 vesanus
1585 4844 1715 4894 ransm-

620 4943 692 4991 ruu
713 4944 756 4992 ao
778 4944 1075 4994 omcunarosusus
1098 4944 1170 4991 ros
1193 4941 1446 4991 ossssnunms.

405 5044 492 5127 Quia
517 5043 728 5109 illustrissimi
752 5067 792 5109 ao
813 5044 1037 5110 humanissimi
1059 5042 1156 5109 duces
1179 5041 1358 5123 Saxoniae,
1385 5039 1554 5129 praefatae
1583 5043 1741 5110 universi·

322 5146 397 5211 tatis
418 5144 606 5213 fimdatorcs
628 5143 952 5232 magnificentissimi,
983 5167 1043 5232 pro
1065 5143 1226 5210 communi
1248 5143 1298 5208 sui
1318 5142 1475 5208 territorii
1495 5143 1635 5210 utilitate
1656 5169 1741 5212 nunc
