3768 6072
669 437 721 491 Die
739 433 860 492 Stemma
878 453 933 492 von
954 435 1025 494 lhbt.
1497 443 1557 510 255

142 627 267 686 dunsten
295 626 343 684 ein
363 625 462 683 Manu
489 624 521 682 iu
548 623 706 685 knieeader
719 624 863 702 'Stellanq
889 645 944 684 zur
970 625 1048 686 Seite
1075 625 1155 686 dues
1190 627 1459 703 Wappeascln'ldrs,
1484 628 1557 686 tiber

141 727 266 784 weklem
289 721 331 786 D.
352 721 377 786 I.
399 720 432 786 S.
455 726 483 783 d.
504 725 523 786 i.
552 722 677 787 Ductor
696 722 834 788 Ioannes
857 719 1021 809 Sinapius,
1050 728 1105 785 der
1126 726 1166 785 im
1189 727 1287 786 Jatre
1313 729 1389 789 1554
1411 727 1557 804 Prepesi-

143 835 186 884 tar
204 823 297 904 war.)
776 836 779 842 '
914 849 923 862 .

500 933 545 1024 [S.
564 933 595 1026 8]
618 955 664 1002 nn
687 955 857 1004 suurmus
878 955 963 1004 novr
984 939 1193 1004 concussis.¹

740 1074 910 1124 Statntum
929 1075 960 1126 V.
1087 1144 1091 1151 ¹
1583 1067 1599 1123 ⁵

217 1188 331 1254 Novus
353 1185 477 1272 collega
506 1189 535 1252 ei
562 1187 770 1253 denuncianti
795 1187 983 1254 electionem
1008 1189 1191 1254 numerabit
1218 1189 1487 1276 sesquillorinum,
1518 1190 1558 1255 de

141 1311 201 1376 qua
222 1289 361 1376 pecunia
384 1287 521 1352 tertiano
544 1286 630 1352 cedit
651 1286 815 1373 quadrans
836 1287 960 1371 floreni,
982 1297 1105 1353 tantum
1128 1300 1160 1354 et
1180 1311 1286 1372 cocae,
1308 1289 1467 1376 reliquum
1489 1291 1558 1378 pin-

142 1409 259 1452 cernae.
292 1386 496 1452 Electoribus
517 1384 653 1472 singulis
675 1409 771 1452 unum
795 1387 946 1452 florinum
969 1387 1071 1471 dabit,
1092 1390 1289 1454 antecessori
1311 1411 1368 1453 suo
1384 1388 1436 1454 vel
1456 1391 1560 1477 ipsius

141 1485 331 1552 haeredibus
352 1487 488 1571 triginta
509 1485 659 1569 florines3
687 1485 822 1572 collegio
851 1486 894 1552 ad
923 1495 1118 1553 structuram
1140 1489 1256 1574 viginti
1275 1487 1407 1554 fiorinos
1429 1487 1557 1576 pendet.

141 1586 315 1652 Prandium
330 1585 468 1650 duarum
481 1607 664 1652 mensarum
680 1585 849 1650 exhibebit
862 1597 894 1650 et
910 1585 1041 1672 collegis
1057 1587 1291 1673 praesentibus,
1313 1611 1447 1675 quormn
1462 1611 1556 1652 unus·
1568 1600 1600 1654 tt)

141 1688 271 1775 quisque
293 1685 329 1750 id
349 1686 429 1750 iuria
452 1683 558 1766 habet,
583 1695 618 1750 ut
637 1708 696 1770 pro
719 1707 776 1750 suo
799 1684 935 1750 arbitrio
958 1684 1116 1772 hospitem
1137 1709 1237 1752 unum
1256 1690 1424 1752 nominare
1445 1691 1558 1774 possit.

140 1786 180 1850 Et
199 1784 281 1849 haec
302 1785 410 1850 omnia
429 1783 515 1848 infra
534 1806 675 1849 mensem
696 1779 738 1870 [9]
757 1807 776 1848 a
797 1794 942 1871 tempore
962 1786 1178 1868 assumtionis,
1201 1786 1260 1852 sub
1281 1809 1385 1873 poena
1404 1789 1557 1874 privatio·

140 1888 186 1949 nis
207 1883 446 1970 collegiaturae.
477 1883 520 1947 Et
543 1882 671 1968 quando
693 1883 737 1946 ad
759 1885 904 1970 corporis
924 1884 993 1947 sive
1017 1883 1245 1950 salariatorum
1266 1883 1479 1952 emolumenta
1502 1886 1556 1951 ad-

140 1985 281 2066 mittitur,
304 1981 438 2069 singulis
459 1981 596 2047 dominis
617 1981 842 2070 praesentibus
863 1981 1046 2047 numerabit
1066 2006 1164 2048 unum
1184 1985 1344 2050 florinum.

567 2183 614 2230 Du
635 2182 806 2231 obeamus
827 2182 912 2231 Novl
933 2184 1126 2234 COLLEGAE.
1569 2181 1599 2236 tt

735 2300 900 2352 Statutnm
922 2301 967 2352 VI.

217 2419 330 2483 Novus
352 2417 477 2502 collega
496 2416 734 2504 quamprimum
756 2414 799 2480 ad
821 2416 990 2482 commoda
1012 2416 1140 2503 collegii
1167 2417 1355 2502 admittitur,
1387 2419 1558 2506 collegium

141 2516 317 2583 inhabitare
338 2515 478 2598 debebit,
503 2517 602 2601 inque
623 2537 662 2579 ea
682 2524 775 2600 parte
795 2514 932 2599 aedium,
955 2539 1038 2604 quae
1059 2526 1108 2581 est
1128 2519 1299 2603 posterior,
1326 2529 1448 2583 sumtus
1470 2541 1556 2584 men-

142 2639 192 2681 sae
217 2618 302 2682 ferre
324 2619 460 2702 cogitur,
488 2615 522 2678 in
548 2613 836 2680 consultationibus
857 2637 902 2680 ac
930 2614 1076 2681 dicendis
1103 2616 1265 2701 suffragiis
1293 2617 1398 2682 locum
1424 2617 1557 2683 habebit

141 2715 290 2798 ultimum,
312 2738 448 2802 cumque
469 2737 516 2796 eo,
538 2715 589 2778 cui
609 2715 757 2801 proxime
779 2717 943 2797 successit,
965 2715 1098 2780 alternis
1119 2716 1245 2780 vicibus
1263 2715 1326 2802 [to]
1343 2740 1441 2782 onera
1463 2726 1598 2782 cura-ao

141 2817 214 2882 toris
235 2815 415 2881 sustinebit.

177 2983 221 3031 DE
235 2981 425 3032 'comnotus
443 2981 489 3028 ΕΤ
511 2980 760 3030 EMOLUMENTIS
780 2979 865 3028 NOVI
888 2980 1069 3030 contusae
1091 2985 1136 3030 ΕΤ
1156 2984 1229 3031 NON
1250 2983 1522 3032 sannumrosun.

724 3099 892 3149 Statutnrn
911 3101 977 3154 Vll.

215 3217 253 3282 In
273 3217 363 3282 lucro
386 3217 570 3297 cerevisiae,
598 3213 702 3300 pretio
723 3211 959 3278 habitationum
981 3216 1196 3280 communium
1217 3225 1249 3280 et
1270 3218 1501 3283 anniversariis
1524 3227 1555 3282 et

141 3317 247 3404 siqua
270 3329 319 3381 est
340 3314 552 3381 commoditas
578 3333 772 3393 mensarum,
799 3314 833 3376 in
860 3312 911 3376 his
939 3313 1087 3379 omnibus
1109 3315 1182 3400 pari
1202 3317 1272 3379 iure
1298 3317 1440 3382 iuniores
1462 3316 1597 3382 colle-25

140 3437 196 3500 gae
217 3415 280 3481 duo
303 3438 376 3481 cum
396 3413 537 3502 reliquis
551 3413 712 3478 salariatis
735 3421 921 3494 censentur3
943 3411 986 3476 ad
1008 3414 1153 3498 corporis
1168 3435 1245 3478 vero
1261 3418 1463 3480 accessiones
1480 3427 1556 3480 tunc

141 3515 262 3580 demum
283 3516 419 3602 quisque
443 3536 554 3607 eorum
580 3513 763 3593 assumitur,
794 3533 890 3598 quum
918 3511 981 3576 duo
1009 3512 1039 3576 ei
1067 3511 1122 3576 alii
1153 3524 1376 3578 successerunt
1404 3517 1555 3580 iuniores.

140 3612 227 3694 Quae
249 3615 406 3679 assumtio
426 3615 499 3700 ipso
521 3611 574 3677 die
596 3611 801 3678 assumtionis
821 3613 898 3676 novi
919 3609 1060 3697 collegae
1080 3611 1151 3677 fieri
1173 3610 1279 3678 debet.

480 3793 524 3885 [S.
546 3791 596 3882 11]
619 3814 666 3861 nn
687 3811 894 3861 snmssmrn
915 3812 999 3861 uovr
1021 3814 1214 3865 conusens.

703 3931 877 3983 statutum
900 3933 986 3984 v111.
1564 3927 1598 3984 ³⁰

213 4066 327 4132 Novus
348 4063 471 4148 collega
491 4060 722 4128 adcommoda
744 4063 871 4150 collegii
893 4063 1072 4130 admittitur
1094 4065 1137 4132 ad
1156 4067 1354 4155 principium
1376 4070 1550 4152 semestris,

137 4167 219 4252 qnod
248 4165 335 4230 diem
364 4162 529 4228 electionis
557 4173 614 4227 aut
642 4163 848 4228 assumtionis
877 4185 954 4228 suae
981 4167 1129 4250 proxime
1158 4169 1311 4254 sequitur.
1355 4168 1452 4250 Quod
1477 4192 1553 4236 vero

136 4275 206 4330 ante
234 4265 297 4330 hoc
318 4272 443 4351 tempus
472 4272 636 4348 receptum
656 4262 709 4326 vel
738 4262 961 4350 recipiendum
988 4266 1100 4347 t'uerit,
1131 4268 1328 4332 antecessori
1356 4269 1458 4355 ipsius
1485 4271 1553 4336 sive

136 4367 201 4429 eins
223 4362 419 4428 haeredibus
441 4361 580 4428 dabitur.
620 4361 796 4427 Semestria
819 4371 926 4426 autem
947 4366 1121 4428 constituta
1142 4374 1225 4447 sunt,
1252 4366 1388 4431 alterum
1412 4391 1431 4432 a
1453 4369 1552 4434 domi·

135 4466 205 4530 nica
233 4463 372 4530 Cantate
402 4471 434 4527 et
464 4463 511 4526 sie
540 4484 561 4525 a
591 4461 653 4526 fine
680 4461 895 4526 nundinarum
926 4461 1127 4548 paschalium
1156 4487 1257 4551 usqne
1290 4464 1332 4530 ad
1359 4465 1553 4532 dominicam
1562 4479 1594 4533 35

136 4563 293 4629 finientem
314 4561 476 4626 nundinas
496 4560 681 4644 Michaelis;
714 4561 851 4626 alterum
874 4585 893 4625 a
916 4560 1076 4626 dominica
1096 4561 1225 4627 finiente
1243 4563 1405 4630 nundinas
1430 4565 1551 4631 Micha-

135 4663 189 4728 elis
206 4659 271 4750 [ta]
285 4683 387 4748 usque
409 4659 451 4726 ad
473 4659 668 4725 dominicam
689 4657 852 4726 finientem
874 4660 1034 4726 nundinas
1055 4660 1234 4748 paschales.
1256 4662 1352 4744 Quod
1373 4686 1451 4751 ergo
1467 4667 1553 4730 intra

135 4763 281 4850 quodque
304 4769 457 4826 semestre
478 4761 654 4848 recipietur
672 4759 726 4825 vel
745 4762 848 4847 recipi
869 4759 1009 4843 debebit,
1032 4783 1090 4847 pro
1113 4783 1151 4826 eo
1172 4765 1319 4828 semestri
1341 4762 1510 4830 dividetur.

216 5034 227 5085 l
254 5027 353 5084 Dicaea
372 5027 468 5082 Statnt
485 5023 522 5080 ist
537 5025 575 5078 im
596 5023 728 5096 Aufenge
745 5023 793 5080 des
812 5029 851 5082 17.
871 5023 971 5080 Jahrb.
990 5021 1132 5081 mehrlach
1148 5025 1382 5097 durchcorrigiert
1398 5026 1454 5080 und
1472 5031 1550 5096 getn-

134 5113 200 5186 dert,
216 5112 304 5169 durch
321 5112 605 5180 Einklammerungen
623 5111 678 5164 und
696 5108 993 5180 ltaudbcmerlrungen.
