3794 6066
462 499 511 548 Die
530 497 628 548 Placita
647 497 762 547 nationis
781 497 924 548 Bavaricae
948 513 1008 547 vom
1029 497 1110 548 ι1111110
1132 497 1204 550 1198.
1491 503 1547 562 165

127 705 204 748 cura
226 681 404 747 commissa
423 679 528 762 1110111,
549 678 732 744 huiusmodi
755 677 834 744 duos
856 702 988 766 grossos
1009 681 1135 745 nationi
1157 677 1378 768 persolverint
1421 679 1547 768 Suppo-

127 785 195 850 sitis
218 791 340 864 autem,
362 803 444 866 quae
467 779 570 844 dictos
591 779 672 845 duos
693 801 825 866 grossos
847 778 1072 866 persolverint,
1100 789 1175 868 post
1196 779 1318 844 obitum
1340 778 1495 845 candelae
1518 789 1549 844 et

126 882 262 972 spolium
287 881 427 946 nationis
448 880 549 966 gratis
572 877 801 962 concedantur,
828 880 891 944 nisi
919 881 1152 945 testamentarii
1175 879 1226 944 vel
1251 901 1382 944 suorum
1400 879 1548 944 funerum

127 991 293 1048 curatores
315 1003 375 1070 pro
397 979 517 1044 eisdem
546 977 643 1044 rebus
671 977 885 1044 concedendis
906 981 1029 1044 nationi
1057 979 1180 1067 aliquid
1206 977 1384 1044 liberaliter
1412 1001 1548 1066 erogare

125 1081 295 1148 voluerint.
338 1077 486 1144 Aliarum
507 1102 585 1144 vcro
606 1079 773 1144 nationum
795 1081 964 1168 supposita
993 1089 1067 1168 post
1096 1079 1286 1147 solutionem
1310 1077 1410 1144 debiti
1439 1079 1546 1144 carnis
1573 1089 1589 1144 5

126 1193 262 1270 quatuor
284 1201 416 1266 grossos
438 1203 497 1266 pro
519 1177 622 1266 spolio
646 1189 701 1243 aut
723 1175 866 1244 candelis
887 1180 1011 1245 nationi
1033 1179 1219 1266 persolvere
1238 1178 1440 1244 tenebuntur.

589 1349 617 1411 8.
639 1365 685 1411 nn
707 1363 806 1412 risco
829 1363 1087 1414 cusromnuno.

203 1479 343 1563 Placuit,
370 1479 455 1568 quod
477 1489 614 1566 quatuor
635 1480 777 1544 seniores
799 1480 991 1545 donatione
1018 1481 1249 1568 possessionati
1271 1480 1384 1545 liscum
1405 1479 1547 1544 nationis

126 1581 304 1668 respiciant
325 1589 357 1645 01
379 1579 603 1667 perordinem
625 1580 694 1644 sive
715 1578 883 1645 alternatis
906 1579 1034 1646 vicibus
1057 1581 1249 1662 custodiant,
1278 1581 1325 1645 sic
1347 1579 1433 1667 quod
1455 1581 1546 1665 prior

125 1683 230 1746 senior
252 1683 361 1767 ipsum
383 1703 442 1767 per
470 1703 569 1744 unum
597 1701 717 1744 annum
737 1690 769 1744 01
796 1678 913 1744 deinde
936 1677 999 1768 [4²]
1022 1680 1079 1745 alii
1106 1681 1254 1746 similiter
1281 1681 1314 1744 in
1344 1677 1457 1744 ordine
1486 1689 1588 1743 011010

125 1805 180 1868 per
201 1803 303 1847 unum
324 1802 442 1844 annum
464 1779 654 1844 custodiant

539 1949 636 2010 9.1111
661 1961 808 2010 arcuum
830 1961 1136 2012 110011100111111.

206 2077 345 2160 Placuit,
373 2077 459 2165 quod
486 2075 575 2142 nulla
602 2079 741 2165 pecunia
771 2079 811 2145 de
838 2079 916 2144 lisco
945 2081 1086 2146 nationis
1117 2082 1186 2144 sine
1216 2103 1373 2146 consensu
1405 2082 1546 2145 omnium

127 2181 354 2268 magistrorum
376 2178 515 2242 nationis
537 2187 688 2262 erogetur
710 2179 778 2243 sive
799 2177 1013 2266 expendatur,
1035 2181 1098 2244 nisi
1121 2204 1180 2267 pro
1204 2179 1346 2246 candelis
1370 2181 1546 2246 reforman-

127 2279 174 2345 dis
196 2289 253 2344 aut
275 2277 340 2344 alia
360 2300 396 2342 re
415 2279 600 2342 necessaria
620 2275 743 2362 aliquid
765 2278 992 2366 exponendum
1012 2278 1119 2362 fuerit,
1148 2304 1211 2368 quo
1239 2302 1316 2346 casu
1344 2281 1451 2344 senior
1473 2289 1588 2344 01111115

128 2381 186 2446 alio
208 2378 375 2464 clavigero
397 2385 588 2464 potestatem
609 2378 789 2466 recipiendi
811 2381 965 2466 pecunias
989 2378 1029 2444 de
1052 2378 1130 2444 fisco
1150 2380 1300 2445 babeant.

435 2548 548 2607 1111111
570 2561 814 2610 rmasoumrrs
835 2563 992 2612 rusomrs
1015 2563 1254 2612 rusurcsums.

205 2678 345 2742 Demum
375 2675 513 2764 placuit,
549 2675 636 2764 quod
666 2700 704 2742 eo
732 2677 794 2761 die,
823 2700 885 2766 quo
912 2680 1063 2766 magistri
1091 2680 1296 2745 nationaliter
1326 2679 1545 2760 convenerint,

128 2778 348 2868 suprascripta
375 2776 496 2864 placita
524 2798 634 2840 eoram
663 2777 811 2842 omnibus
833 2781 1000 2866 magistris
1022 2781 1160 2845 nationis
1182 2779 1312 2868 publice
1338 2778 1487 2865 legantur
1508 2798 1547 2840 ac

128 2879 327 2966 publicentur
354 2877 565 2962 magistrique
593 2886 733 2964 protunc
758 2900 818 2964 per
846 2881 1004 2944 seniorem
1027 2880 1167 2944 nationis
1197 2881 1250 2967 pie
1278 2884 1590 2960 commoneantur,20

127 2989 159 3043 ut
178 2977 389 3065 praescriptis
413 2973 543 3062 placitis
565 2998 635 3040 sese
656 2974 878 3064 obtemperent
898 2988 931 3042 et
950 2979 1063 3044 eadem
1085 2989 1292 3045 manutenere
1313 2978 1471 3045 studeant

512 3165 557 3226 11.
581 3157 717 3246 [131.le
744 3179 861 3228 rauca
882 3179 1171 3228 couvocsrrours.

202 3292 331 3379 „Hodie
351 3292 431 3358 bora
453 3292 559 3378 prima
580 3301 778 3379 peragentur
798 3296 957 3382 exequiae
978 3297 1118 3360 nationis
1140 3295 1345 3360 Bavarorum
1368 3316 1442 3358 cum
1461 3295 1544 3380 vigi·
1577 3330 1582 3339 ,

127 3395 175 3460 liis
201 3404 234 3460 01
254 3415 328 3458 cras
348 3392 428 3457 bora
450 3413 490 3455 .11.
512 3413 585 3456 cum
613 3393 721 3456 missis
748 3393 782 3456 in
808 3391 946 3458 ecclesia
973 3397 1078 3460 sancti
1104 3396 1150 3460 .N.
1190 3393 1242 3459 Ob
1269 3394 1340 3476 hoc,
1368 3394 1546 3459 reverende

128 3497 288 3580 magister,
310 3501 456 3578 tempore
477 3500 509 3556 et
529 3491 617 3557 boris
639 3493 851 3578 praescriptis
872 3493 906 3557 in
930 3493 1018 3558 dicta
1039 3494 1177 3558 ecclesia
1198 3517 1271 3558 cum
1282 3495 1400 3558 vestris
1423 3493 1586 3560 schola-25

127 3595 213 3660 ribus
241 3594 282 3670 (si
304 3613 385 3679 quos
407 3590 447 3654 de
467 3592 616 3676 praefata
636 3592 767 3656 natione
787 3591 955 3658 vobiscum
977 3594 1169 3666 habueritis)
1197 3594 1358 3674 constitui,
1388 3615 1448 3679 pro
1477 3595 1545 3658 ani·

128 3693 237 3760 mabus
260 3693 510 3779 suppositorum,
531 3714 573 3756 ex
595 3690 709 3756 eadem
730 3693 861 3758 natione
882 3693 1114 3776 defimetomm,
1135 3717 1239 3776 orare,
1262 3692 1455 3758 oblationem
1467 3715 1543 3778 quo-

129 3817 185 3880 que
205 3795 314 3858 lacere
335 3791 453 3873 velitis,
479 3790 693 3856 consimilium
716 3813 850 3878 operum
875 3794 1007 3879 pietatis
1035 3794 1267 3860 exhibitionem
1292 3801 1367 3880 post
1387 3792 1544 3859 humatio-

126 3915 194 3958 nem
214 3902 358 3957 vestram
378 3899 616 3977 expectaturus.

422 3992 528 4056 Detur
550 3990 699 4056 omnibus
720 3991 886 4077 magistris
907 4001 940 4058 01
961 3993 1147 4059 doctoribus
1169 3995 1308 4060 nationis
1327 3994 1585 4060 Bavaricaef‘oo

583 4179 628 4240 12.
651 4181 1095 4244 11110111111110111111101110.1

201 4307 263 4390 ‚,N.
285 4317 391 4372 rector
403 4317 460 4372 etc.
483 4306 570 4387 Quia
590 4309 684 4374 nocio
705 4308 919 4391 Bavarorum,
941 4310 1094 4396 operibus
1115 4312 1246 4397 pietatis
1268 4321 1356 4376 mota
1380 4312 1542 4399 salutique

126 4409 300 4473 animarum
323 4402 386 4492 [5⁸]
409 4407 649 4492 suppositorum
678 4430 720 4472 ex
747 4408 860 4473 eadem
886 4410 1018 4474 natione
1045 4409 1269 4475 defimctorum
1290 4411 1542 4478 misericorditer

125 4508 251 4589 intenta,
280 4505 443 4592 quondam
467 4505 639 4572 salubriter
666 4507 830 4572 ordinavit
857 4518 889 4572 et
920 4511 1045 4591 statuit,
1077 4508 1164 4596 quod
1196 4507 1332 4594 singulis
1360 4513 1453 4576 annis
1481 4533 1540 4597 pro

124 4605 303 4672 huiusmodi
325 4604 494 4670 animabus
517 4606 739 4672 defunctorum
768 4609 1008 4673 anniversarius
1030 4610 1064 4672 in
1086 4606 1195 4696 aliqua
1214 4607 1424 4674 ecclesiarum
1445 4610 1581 4674 1111111035

124 4707 232 4794 oppidi
258 4726 334 4770 cum
361 4703 480 4770 divinis
509 4705 634 4788 offitiis,
662 4705 784 4792 vigiliis
813 4705 965 4773 videlicet
992 4717 1024 4772 et
1050 4709 1173 4792 missis,
1203 4709 1398 4775 sollemniter
1427 4712 1540 4796 peragi

124 4805 236 4871 debeat
257 4813 291 4869 et
311 4802 475 4886 celebrari,
497 4804 635 4890 ideoque
656 4806 803 4872 bortatur
825 4809 934 4872 omnia
955 4817 987 4872 01
1014 4805 1142 4893 singula
1166 4821 1232 4874 tam
1260 4810 1421 4895 graduata
1442 4831 1539 4896 quam

123 4926 184 4970 non
213 4902 378 4991 graduata
403 4906 542 4970 nationis
570 4905 714 4971 eiusdem
741 4908 925 4993 supposita,
956 4917 1113 4995 quatenus
1140 4907 1236 4974 bodie
1263 4907 1344 4973 bora
1372 4910 1478 4996 prima
1506 4909 1540 4972 in

206 5177 215 5227 1
238 5171 282 5226 Im
298 5170 501 5228 Weaentlichen
518 5170 778 5228 iibereinstimmeud
796 5173 847 5228 mit
868 5173 934 5230 Nro.
951 5179 984 5232 69
1000 5175 1049 5229 des
1065 5172 1189 5230 Libellus
1207 5173 1370 5228 formulario.
