3758 6072
420 367 445 418 0

342 475 403 544 442
831 477 882 530 nte
900 477 1119 544 philosophischs
1136 479 1264 532 [uultis

370 699 400 761 4·
421 710 469 759 DE
491 711 659 760 resume
681 712 749 760 Pac
772 711 913 762 BONORE
934 711 1149 764 recunrms
1169 713 1238 762 PER
1257 713 1463 764 nucmsros
1484 713 1730 764 oafflsvsrtms.

422 828 551 892 Decaui
569 839 645 916 post
666 826 841 894 decanatus
863 830 1010 916 ipsorum
1031 829 1172 894 officium
1193 828 1351 896 tabardcs
1372 841 1404 896 et
1424 829 1555 896 habitus
1583 829 1761 898 decanatum

341 947 402 1014 pro
432 925 553 992 honore
581 927 743 994 facultatis
771 928 944 995 observent
970 951 1046 1011 nec,
1076 939 1249 1017 antequam
1277 929 1445 996 licenciam
1467 929 1502 994 in
1523 927 1591 995 alia
1608 929 1762 996 facrrltate

342 1027 519 1112 attingant,
548 1027 707 1114 vendant,
736 1026 796 1094 sub
824 1049 931 1116 poena
958 1029 1052 1093 unius
1086 1049 1284 1116 sexagenas,
1313 1050 1410 1116 quam
1445 1051 1584 1117 poenam
1621 1029 1762 1096 dccmus

300 1131 316 1189 5
344 1147 365 1190 a
392 1127 588 1193 contrarium
616 1127 754 1194 faciente
782 1126 842 1192 sub
872 1149 930 1193 suo
958 1129 1162 1192 iuramento¹
1190 1148 1264 1192 cum
1292 1127 1415 1194 auxilio
1443 1127 1609 1194 facultatis
1637 1139 1763 1195 tenetur

341 1233 543 1312 extorquere.
584 1225 628 1292 Ει
655 1227 880 1294 nichilominus
909 1237 1022 1292 contra
1047 1223 1108 1292 hoc
1136 1234 1290 1292 stanuum
1317 1227 1472 1292 facientes
1503 1227 1648 1294 decanus
1669 1228 1765 1294 debet

340 1324 526 1411 requirere,
554 1335 590 1391 ut
609 1327 695 1394 infra
716 1327 858 1394 medium
878 1348 997 1392 annum
1025 1325 1066 1392 de
1092 1325 1240 1392 tabardis
1266 1327 1314 1392 eis
1333 1326 1550 1414 provideant,
1576 1349 1682 1416 poena
1702 1327 1763 1394 sub

341 1446 531 1512 praemrssa

488 1599 518 1660 5.
546 1611 593 1658 or
615 1609 776 1661 sursera
797 1609 1084 1660 couvnnssrmur
1105 1609 1356 1660 uaomrsormr
1379 1609 1620 1662 cessurusne.

301 1734 333 1790 ιο
423 1725 546 1811 Placet,
562 1727 659 1817 quod,
682 1727 710 1792 si
732 1727 773 1792 de
793 1728 902 1816 aliquo
921 1729 1153 1814 magistrorum
1176 1737 1378 1818 compertum
1398 1728 1506 1811 fuerit,
1526 1727 1615 1815 qood
1630 1730 1666 1794 in
1678 1752 1762 1796 com·

340 1825 437 1892 modo
459 1849 517 1894 suo
538 1825 703 1915 publicam
722 1829 923 1894 meretricem
944 1827 1110 1911 habuerit,
1136 1826 1189 1893 vel
1217 1829 1251 1892 in
1279 1826 1381 1893 bursa
1400 1827 1454 1894 vel
1481 1827 1549 1894 ulia
1570 1828 1684 1912 domo,
1704 1827 1761 1894 do-

340 1925 494 1992 muncula
511 1949 568 1994 seu
587 1925 722 1992 comodo
740 1927 903 1992 meretrici
918 1926 1068 2015 publicae
1085 1927 1137 1994 vel
1149 1926 1373 1993 meretricibus
1391 1925 1531 2014 publicis
1552 1939 1763 1996 conversatus

340 2025 455 2108 fuerit,
475 2026 528 2092 vel
548 2028 583 2092 in
605 2027 778 2112 conviviis,
802 2026 950 2116 prandiis
971 2038 1028 2093 aut
1049 2025 1296 2109 collacionibus,
1317 2025 1374 2092 ubi
1394 2027 1493 2093 talem
1514 2026 1567 2093 vel
1588 2027 1671 2096 talea
1691 2050 1763 2096 csse

342 2126 491 2209 sciverit,
517 2126 631 2208 fuerit,
658 2125 711 2192 vel
731 2128 766 2192 in
787 2125 992 2192 habitacione
1023 2149 1082 2192 sua
1113 2125 1329 2193 concubinam
1360 2127 1492 2215 publice
1523 2129 1680 2211 tenuerit,
1710 2128 1764 2193 vel

302 2221 448 2290 ttlocum
470 2235 669 2313 suspectum,
690 2225 843 2292 videlicet
865 2224 1090 2313 prostibulum,
1109 2227 1301 2310 visitaverit,
1322 2235 1378 2291 aut
1400 2227 1428 2290 si
1449 2225 1490 2291 de
1511 2225 1574 2294 hoc
1596 2239 1763 2316 suspectus

339 2345 374 2388 se
397 2346 581 2411 expurgare
600 2327 798 2412 nequiverit,
819 2325 872 2392 vel
900 2325 942 2390 de
967 2326 1028 2392 hoc
1057 2327 1242 2408 convictus,
1268 2323 1344 2390 talis
1371 2326 1414 2389 sit
1438 2323 1570 2390 iuabilis
1601 2327 1647 2392 ad
1672 2336 1763 2392 actus

340 2423 527 2490 scolasticos
548 2424 764 2490 exercendum
792 2435 824 2490 et
850 2425 893 2491 ad
922 2423 1062 2513 aliquem
1086 2425 1139 2492 vel
1166 2425 1291 2512 aliquos
1318 2423 1578 2512 promovendum
1598 2426 1642 2492 ad
1663 2449 1762 2492 unum

341 2545 480 2605 annum,
511 2545 572 2588 nec
603 2523 646 2589 ad
676 2523 844 2589 consilium
875 2525 1058 2608 facultatis,
1092 2527 1119 2590 ai
1152 2523 1192 2590 de
1223 2523 1309 2590 facto
1339 2525 1374 2590 in
1402 2547 1439 2590 eo
1467 2547 1534 2590 non
1561 2525 1679 2609 fuerit,
1701 2529 1763 2591 nisi

341 2643 377 2687 se
398 2625 578 2688 corr-exerit
605 2633 637 2689 et
662 2623 809 2689 facultati
838 2625 963 2690 ardum
985 2646 1083 2711 super
1110 2624 1173 2690 hoc
1200 2623 1412 2690 sufficientem
1441 2625 1614 2692 emendam
1642 2626 1763 2712 fecerit,

298 2729 535 2788 wascumatur.

617 2895 645 2958 6.
673 2885 732 2977 [Bl
748 2885 800 2978 6¹³]
830 2907 877 2957 uu
898 2908 1051 2958 nocuum
1072 2907 1203 2957 ummo
1222 2905 1484 2958 mauraneum

422 3023 545 3106 Placet,
567 3023 655 3112 quod
674 3023 794 3111 singuli
809 3025 959 3110 magistri
977 3025 1100 3089 arcium
1115 3022 1266 3090 decenter
1288 3023 1449 3090 habituati
1468 3024 1624 3091 incedant
1645 3024 1763 3090 calceis

339 3145 405 3189 non
418 3123 576 3206 rostratis,
597 3122 711 3210 palleis
725 3133 757 3188 et
769 3125 888 3190 tunicis
908 3145 974 3189 uon
994 3124 1127 3188 nimium
1149 3125 1324 3190 accurtetis
1346 3133 1378 3188 et
1398 3123 1515 3210 caligis
1538 3123 1710 3208 florisatis3
1731 3135 1764 3188 et

339 3233 446 3288 vestes
467 3225 597 3289 omnino
613 3221 799 3288 indecentes
814 3221 945 3311 publice
965 3245 1030 3288 non
1052 3221 1208 3306 deferant,
1230 3222 1348 3308 quibus
1370 3223 1573 3311 maglstralis
1594 3247 1660 3290 non
1680 3245 1763 3289 com·

297 3321 509 3388 comendam
530 3321 736 3409 dignitas,et
756 3324 783 3388 si
805 3325 859 3411 qui
882 3345 975 3388 secus
996 3323 1133 3388 feceriut
1154 3333 1194 3405 ot,
1216 3343 1314 3409 super
1337 3322 1400 3390 hoc
1418 3346 1439 3388 a
1458 3323 1585 3390 decano
1607 3325 1762 3412 requisiti,

339 3445 374 3488 se
397 3421 570 3488 emendare
589 3443 653 3488 uon
675 3424 878 3505 curaverint,
901 3421 943 3488 ab
966 3422 1116 3488 omnibus
1136 3421 1263 3488 actibus
1293 3421 1472 3488 scolasticis
1495 3433 1528 3488 et
1549 3422 1762 3492 emolirnmtis

338 3521 502 3588 facultatis
522 3522 587 3586 sint
608 3522 768 3608 suspensi,
790 3521 893 3587 donec
913 3522 1060 3588 facultati
1081 3521 1282 3588 reconciliati
1302 3521 1422 3588 fuerint
1440 3531 1473 3588 et
1493 3541 1568 3589 cum
1589 3523 1705 3590 effectu
1721 3523 1762 3588 de

339 3622 398 3688 tali
418 3620 643 3688 inobediencia
665 3629 697 3686 et
720 3622 981 3708 transgressione
1002 3623 1115 3688 statuti
1138 3620 1303 3688 facultatis
1326 3621 1556 3688 satisfecerint.

380 3811 409 3871 7.
430 3809 617 3873 STATUTUM
630 3821 857 3872 OONGERNENS
872 3821 1052 3871 RECTOBES
1067 3820 1291 3888 PAEDAGOGU,
1313 3821 1408 3882 QUOD
1425 3822 1480 3874 BIS
1502 3821 1587 3872 unet
1607 3821 1720 3872 Dffl't

297 3913 332 3971 30
630 3921 794 3970 TEMPORE
814 3921 1075 3972 assmufflorus
1097 3921 1294 3970 cacumen
1315 3921 1476 3971 umanum

423 4037 561 4121 Placuit,
582 4046 617 4103 ut
634 4038 724 4124 rigor
743 4038 932 4104 scolasticus
950 4039 1080 4103 omnino
1101 4046 1248 4102 servetur
1262 4037 1297 4100 in
1313 4035 1529 4124 paedagogio,
1552 4037 1641 4128 quod
1663 4047 1761 4104 recto

340 4161 393 4205 res
412 4159 469 4203 seu
483 4147 692 4204 conventores
711 4133 855 4202 eiusdem
875 4161 946 4203 cum
967 4133 1136 4224 diligentia
1154 4145 1245 4201 actus
1265 4135 1388 4202 ibidem
1409 4137 1593 4224 respitiant,
1613 4139 1659 4204 ita
1679 4136 1763 4226 quod

341 4237 459 4324 aliquis
481 4259 592 4303 eorum
612 4240 646 4302 in
672 4259 813 4325 persona
835 4239 971 4324 propria
998 4235 1118 4302 habeat
1146 4257 1246 4300 unum
1274 4247 1382 4301 actum
1408 4238 1656 4325 resumptionis,
1683 4237 1763 4302 hora

342 4347 450 4403 tamen
478 4359 536 4424 per
556 4337 745 4403 facultatem
767 4335 939 4423 deputata,
969 4337 1033 4402 nisi
1061 4334 1215 4400 absencia
1239 4333 1303 4402 loci
1331 4345 1387 4402 aut
1414 4337 1588 4403 iufirmitas
1615 4337 1764 4403 obstaret

300 4436 451 4506 35chet
470 4445 580 4503 tamen
599 4438 661 4503 hoc
684 4459 762 4502 casu
785 4435 906 4502 habere
933 4458 1033 4502 uuum
1058 4433 1223 4519 ydoneum
1251 4436 1459 4522 magistrum,
1492 4437 1549 4524 qui
1579 4439 1647 4502 cius
1676 4437 1764 4500 vices

342 4536 513 4624 suppleat,
544 4559 585 4602 ue
606 4535 686 4602 fiant
707 4536 926 4623 negligentiae
947 4534 1078 4602 ibidem.
1129 4533 1211 4598 Item
1236 4533 1356 4600 debent
1384 4535 1524 4622 praefati
1554 4543 1765 4603 conventores

344 4637 516 4725 diligenter
536 4637 701 4723 respicere
732 4635 916 4702 clausuram
941 4635 1054 4700 domus
1076 4631 1291 4721 paedagogii,
1313 4635 1361 4700 sic
1381 4635 1469 4721 quod
1490 4634 1602 4702 debito
1620 4645 1765 4722 tempore

341 4747 409 4806 tam
429 4738 464 4804 in
486 4744 610 4802 aestate
630 4757 729 4820 quam
756 4737 790 4800 in
816 4735 932 4823 hyeme
960 4730 1130 4800 claudatur
1152 4743 1184 4797 et
1210 4734 1387 4821 aperiatur.
1429 4734 1475 4800 Et
1495 4734 1648 4802 &usura
1665 4734 1764 4818 facta,

342 4841 412 4904 sine
434 4835 569 4924 speciali
589 4833 721 4900 licentia
743 4837 966 4918 conventuris,
988 4832 1149 4919 legittima
1170 4853 1287 4900 caussa
1308 4841 1455 4900 cessante
1460 4883 1471 4917 ,
1490 4833 1592 4902 ἰαιιιιιι
1609 4857 1672 4902 non
1693 4856 1765 4900 rea-

299 4939 501 5026 tttperiatur.
541 4937 623 5000 Item
645 4932 840 5020 provideant
860 4957 919 5021 per
941 4941 1030 5001 certa
1052 4940 1172 4998 statuta
1193 4932 1360 5020 poenalis,
1382 4955 1423 4998 ne
1444 4931 1486 5000 de
1513 4933 1568 5002 dia
1588 4934 1666 5002 liunt
1686 4934 1765 5000 effu·

386 5162 398 5212 ι
418 5155 473 5212 sm
490 5154 603 5212 annuc
620 5153 772 5210 ramses
789 5151 928 5222 nomaso
945 5153 1054 5208 acac
1071 5159 1110 5210 aa
1125 5153 1232 5210 caeo
1243 5151 1396 5224 samana
1416 5153 1487 5210 isac
