3762 6074
491 453 581 504 Visrts
604 451 875 514 Statutsnredaction,
900 467 953 502 von
973 453 1147 504 ttae-1522.
1475 453 1536 518 455

102 645 199 700 vatus
222 635 337 718 hierit3
359 645 436 700 tuno
456 637 491 700 in
512 633 583 700 loco
605 635 819 700 habitacionis
840 657 919 700 suae
940 633 981 698 de
1002 634 1116 700 favore
1139 633 1253 699 decani
1275 633 1384 720 legere
1407 634 1535 720 poterit

103 734 215 800 Debet
237 735 341 800 eciam
365 737 536 822 magister,
558 735 669 800 volens
692 736 757 817 sic,
779 745 815 800 ut
836 733 1066 822 praemittitur,
1088 757 1159 798 esse
1180 743 1391 817 acturegens,
1413 732 1535 798 habere

103 832 304 899 domicilium
319 837 488 922 proprium
501 836 535 900 in
551 835 681 900 civitate
698 857 772 899 cum
793 831 891 899 rebus
914 833 990 898 suis.
1035 831 1070 896 si
1093 844 1201 898 autern
1226 833 1303 898 alibi
1321 831 1535 898 residenciam

101 931 272 1017 habuerit,
295 932 370 1000 dato
394 936 508 1017 eciam,
532 935 618 1022 quod
640 933 781 1022 aliquam
802 931 979 998 leccionem
1006 933 1041 996 in
1062 934 1225 1020 principio
1253 933 1446 998 mutacionis
1475 955 1535 1019 pro

102 1034 335 1118 aoturegencia
360 1055 381 1098 a
408 1033 530 1100 decano
561 1035 683 1120 ceperit
708 1041 741 1098 et
767 1031 903 1118 legerit,
936 1031 1012 1096 talis
1046 1030 1273 1096 nichilominus
1302 1031 1433 1096 inabilis
1462 1053 1533 1097 esse
1560 1042 1576 1096 5

101 1131 201 1197 debet
221 1131 266 1196 ad
290 1131 506 1219 ricipiendum
528 1133 735 1198 emolimenta
752 1130 924 1196 facultatis.

99 1319 128 1379 5.
159 1332 209 1380 DE
233 1329 334 1379 MODO
356 1330 511 1381 LEGENDI
531 1333 578 1381 ΕΤ
603 1331 774 1380 Paomsso
797 1329 1049 1379 melsuaoauu
1069 1328 1320 1380 REOIPIENTIUM
1341 1328 1535 1378 LECTIONES

667 1429 735 1478 PRO
768 1429 969 1478 oanmnmo.

185 1543 331 1628 Placuit,
353 1543 440 1632 quod
467 1543 601 1630 quilibet
628 1545 859 1630 magistrorum
885 1553 1033 1630 tempore
1060 1543 1254 1630 receptionis
1281 1542 1429 1608 lectionis
1459 1566 1533 1631 pro-

101 1644 211 1709 mittat
233 1643 364 1710 domino
387 1642 509 1710 decano
533 1643 593 1708 sub
615 1643 702 1709 bona
722 1642 786 1709 fide
806 1642 849 1707 ad
870 1665 996 1726 manus,
1018 1642 1106 1730 quod
1126 1642 1206 1708 velit
1232 1641 1404 1728 diligenter
1424 1641 1532 1728 legere
1544 1653 1575 1708 10

101 1765 213 1826 suam,
242 1766 340 1832 quam
369 1743 477 1825 habet,
504 1742 675 1808 lectionem
697 1751 729 1808 et
755 1743 918 1827 integrum
945 1753 1070 1808 textum
1100 1763 1156 1806 seu
1183 1741 1302 1807 librum
1329 1741 1372 1806 ad
1394 1742 1532 1828 gradum

101 1853 305 1929 spectantem
333 1842 505 1928 diligenter
534 1841 719 1925 declarare,
748 1839 913 1929 nichilque
940 1851 1060 1926 textus,
1084 1841 1170 1908 soliti
1187 1840 1262 1926 legi,
1284 1839 1454 1907 obmittere
1477 1851 1533 1908 seu

101 1940 302 2029 persaltarc3
325 1943 371 2007 sic
394 1944 496 2008 eciam
518 1940 604 2029 quod
626 1937 712 2028 [t3l’]
735 1940 854 2006 nullam
876 1939 1047 2006 lectionem
1069 1939 1214 2026 negligat
1236 1939 1289 2004 die
1309 1938 1435 2025 legibili
1458 1939 1532 2004 abs·

101 2063 164 2128 que
185 2041 377 2108 rationabili
398 2063 512 2124 causa,
538 2041 578 2105 de
602 2063 665 2126 qua
686 2040 883 2127 respondere
904 2041 1026 2126 poterit
1047 2051 1078 2104 et
1098 2040 1177 2104 velit
1198 2038 1364 2122 facultati,
1392 2049 1423 2104 et
1445 2039 1531 2128 quod

103 2139 265 2228 nonplus
286 2141 469 2206 autminus
495 2139 604 2226 legere
630 2139 708 2205 velit
734 2141 768 2204 in
797 2139 941 2227 qualibet
967 2139 1122 2223 lectione,
1149 2139 1214 2204 nisi
1242 2137 1418 2204 secundum
1445 2139 1575 2226 quod15

103 2239 290 2304 ordinatum
311 2250 360 2304 est
379 2263 400 2305 a
420 2238 575 2308 factaltate
593 2240 734 2321 arcium,
755 2237 818 2304 hoc
839 2249 888 2303 est
914 2237 1090 2304 secundum
1116 2238 1340 2304 distinctiones
1367 2237 1532 2304 facultatis

105 2338 227 2424 legere,
250 2339 279 2403 si
299 2361 355 2404 aas
376 2337 498 2405 habere
519 2339 651 2425 poterit3
682 2341 794 2402 sinon
815 2337 936 2402 habere
958 2340 1094 2425 poterit,
1115 2347 1193 2402 tnnc
1214 2336 1391 2402 secundum
1412 2336 1532 2403 discre-

102 2439 225 2502 tionem
248 2459 341 2502 suam
363 2449 394 2502 et
416 2437 577 2504 dictamen
598 2445 707 2501 rectae
727 2437 864 2501 rationis
886 2459 946 2524 per
972 2459 1006 2502 se
1033 2445 1157 2502 textum
1186 2437 1400 2522 distinguere,
1430 2437 1532 2502 eciam

102 2549 179 2603 ante
200 2546 328 2624 tempus
351 2561 371 2602 a
389 2536 542 2603 facultate
565 2545 719 2601 statutum
740 2559 804 2600 non
825 2535 935 2619 finire,
958 2536 1016 2602 sed
1041 2546 1108 2601 toto
1130 2547 1276 2622 tempore
1298 2546 1330 2599 et
1351 2534 1467 2601 diebus
1487 2536 1531 2601 le-

100 2635 268 2722 gibilibus,
289 2645 463 2724 postquam
484 2635 592 2723 legere
614 2637 788 2722 inceperit,
811 2636 1018 2717 continuare,
1041 2634 1102 2700 sub
1124 2656 1231 2720 poena
1251 2635 1420 2700 carenciae
1442 2646 1574 2703 actu-20

99 2735 275 2822 regenciae
290 2757 350 2822 per
363 2735 504 2800 medium
519 2759 654 2819 annum;
677 2746 708 2800 et
725 2735 753 2800 si
773 2757 870 2823 quem
890 2733 1043 2800 lectorem
1066 2733 1108 2799 ad
1130 2732 1263 2822 aliquod
1283 2733 1384 2799 breve
1404 2743 1532 2822 tempus

101 2835 221 2901 abesse
244 2856 286 2899 ex
306 2834 464 2900 racionali
487 2855 587 2900 causa
607 2835 787 2920 contigerit,
809 2843 886 2899 tuno
908 2834 1006 2899 alium
1028 2837 1223 2918 magistrum
1244 2835 1279 2897 in
1301 2855 1393 2898 suum
1414 2833 1532 2918 locum,

102 2935 161 3020 qui
183 2936 219 2999 in
240 2933 395 2998 absencia
417 2955 474 2998 sua
496 2933 585 3018 legat
606 2943 638 2998 ct
658 2937 838 3014 continuet,
861 2933 1013 3020 ordinare
1038 2931 1148 2996 debet:
1181 2932 1322 3020 alioquin
1351 2955 1411 3019 per
1433 2933 1532 2999 facul·

100 3042 205 3100 tatem
226 3033 319 3098 iuxta
340 3035 411 3098 eius
433 3041 555 3097 statuta
578 3032 618 3097 de
640 3033 782 3098 remedio
805 3041 836 3096 et
857 3031 915 3096 tali
938 3032 1141 3118 negligencia
1162 3031 1396 3117 providebitur.

97 3220 127 3280 6.
157 3231 379 3282 oannuunmu
400 3230 580 3280 adolemus
603 3231 765 3280 TENETUR
785 3231 853 3280 PER
875 3231 914 3280 SE
936 3229 1040 3280 usust
1067 3229 1204 3278 LEGERE
1229 3231 1274 3278 ΕΤ
1298 3223 1572 3280 consumunmt

191 3345 338 3428 Quilibet
357 3348 588 3432 magistrorum
610 3346 771 3433 recipiens
792 3345 993 3410 ordinarium
1011 3355 1138 3410 tenetur
1159 3347 1265 3432 ipsum
1287 3367 1346 3432 per
1368 3367 1403 3410 se
1424 3344 1550 3432 legere'

100 3457 133 3513 ct
166 3448 355 3513 continuare
383 3445 435 3511 vel
463 3445 611 3511 facultati
638 3458 712 3511 ente
738 3445 854 3510 festum
882 3443 970 3510 Galli
991 3444 1043 3509 vel
1068 3443 1203 3531 Georgii
1231 3445 1416 3531 resignar03
1449 3455 1481 3508 et
1503 3445 1530 3509 si

98 3549 210 3636 aliquo
226 3569 305 3612 casu
319 3545 437 3633 aliquis
451 3546 682 3630 magistrorum
704 3554 780 3632 post
800 3545 1025 3631 incepcionem
1047 3566 1205 3609 novarum
1227 3543 1400 3609 lectionum
1421 3542 1530 3629 legere

97 3650 262 3735 inciperet
285 3645 485 3711 ordinarium
507 3653 539 3709 et
557 3668 622 3711 non
652 3646 855 3710 continuaret
882 3665 984 3731 usque
1013 3641 1056 3708 ad
1082 3643 1195 3725 finem,
1216 3665 1282 3708 non
1302 3651 1409 3728 potest
1437 3641 1531 3708 alteri

96 3749 269 3833 resignare
297 3743 340 3810 ad
369 3744 541 3830 legendum
567 3756 599 3810 et
629 3742 882 3810 continuandum
889 3793 898 3826 ,
924 3742 983 3808 sed
1010 3753 1076 3807 stat
1104 3745 1138 3807 in
1165 3741 1339 3806 dictamine
1365 3741 1573 3809 facultatisto

99 3846 271 3912 residuum
288 3845 522 3909 continuando¹
545 3853 577 3909 et
599 3847 651 3909 cui
672 3845 903 3929 magistrorum
923 3843 1203 3908 continuacionem
1225 3843 1424 3908 committere
1445 3842 1531 3908 velit

204 4017 232 4076 7.
252 4027 388 4076 HABENS
408 4026 626 4076 oanmsmun
649 4025 719 4074 CUM
743 4025 868 4075 TRIBUS
890 4026 1055 4074 TENE'PUR
1076 4026 1181 4074 IPSUM
1201 4023 1432 4075 contumulant.

186 4141 325 4225 Placuit,
348 4141 435 4228 quod
457 4139 592 4228 quilibet
613 4142 774 4229 recipiens
795 4141 998 4206 ordinarium
1019 4141 1182 4206 tenebitur
1202 4141 1310 4228 ipsum
1332 4163 1404 4205 cum
1427 4140 1530 4206 tribus

97 4245 304 4310 continuare.
346 4239 391 4306 Et
420 4243 448 4306 si
473 4241 575 4305 lector
595 4241 657 4307 hoc
678 4262 758 4306 casu
779 4238 951 4306 lectionem
979 4242 1218 4328 postposuerit,
1246 4237 1386 4304 facultas
1408 4242 1530 4304 arcium

97 4345 199 4410 alium
227 4343 262 4406 in
290 4341 359 4406 eius
386 4339 493 4404 locum
517 4351 667 4427 surroget
691 4341 863 4423 lectorem,
893 4349 925 4405 et
955 4341 1045 4427 prior
1073 4348 1272 4426 postponens
1302 4341 1529 4425 acturegencia
1539 4349 1571 4405 35
1653 4413 1656 4422 .

97 4452 213 4511 careat
233 4463 293 4530 per
312 4439 454 4505 medium
477 4459 605 4506 annum.

372 4609 401 4674 8·
423 4623 470 4672 DE
491 4623 723 4673 LECTIONIBUS
744 4623 780 4672 m
804 4622 1052 4672 mummulus
1074 4621 1259 4669 LEGENDIS.

183 4739 273 4821 Quia
292 4735 368 4803 libri
389 4737 664 4804 mathematicales
686 4739 825 4804 fortasse
848 4747 982 4826 propter
1004 4736 1225 4823 paucitatem²
1243 4737 1474 4822 magistrorum
1494 4735 1528 4798 in

99 4835 420 4906 mathematicalibus
453 4839 704 4904 exercitatorum
736 4861 813 4904 raro
846 4839 1019 4924 diligenter
1051 4834 1205 4922 leguntur
1240 4845 1273 4900 et
1307 4837 1342 4899 in
1376 4833 1529 4900 facultate

185 5060 197 5111 1
218 5054 300 5108 Etwa
316 5053 550 5107 eenamcenam!

184 5135 405 5196 2Gsachrieben
424 5135 461 5191 iat
479 5137 670 5208 maetam.
