3758 6072
354 475 415 540 400
844 467 895 524 ote
912 471 1130 537 pmlorophitohe
1147 471 1274 524 Facultit

355 663 496 719 mentum
508 654 577 720 fore
594 653 814 718 infirmitatem
833 662 889 718 aut
909 653 1096 720 absenciam
1116 652 1180 720 loci
1198 675 1240 720 ex
1257 675 1359 722 causa
1376 651 1573 736 rationabili,
1589 652 1642 720 vol
1656 653 1772 740 aliquid

355 752 445 818 aliud
468 776 526 840 per
548 752 734 818 facultatem
756 752 1016 840 approbandum.

625 926 654 986 5.
677 937 768 996 quun
787 936 915 985 onorio
940 936 1009 986 eso
1031 935 1158 984 ranem
1177 935 1299 985 Iunnu
1318 921 1499 986 rossum.¹

991 1057 1052 1118 vgr.
1070 1057 1104 1117 x,
1119 1056 1143 1106 e.

313 1181 330 1236 5
444 1171 526 1236 Item
546 1169 689 1254 quilibet,
709 1167 822 1234 volens
843 1169 956 1234 audire
976 1168 1077 1235 libros
1100 1168 1143 1234 ad
1164 1169 1312 1256 gradum,
1337 1168 1439 1234 selum
1462 1167 1578 1234 audire
1590 1166 1687 1232 debet
1698 1165 1771 1230 duas

356 1270 510 1336 lectiones
533 1271 567 1334 in
590 1268 643 1333 die
665 1268 705 1332 de
725 1267 818 1334 libris
840 1269 882 1334 ad
906 1268 1044 1355 gradum
1067 1269 1288 1356 spectantibus
1311 1278 1342 1333 et
1360 1291 1426 1333 non
1447 1269 1568 1356 poterit
1589 1265 1702 1331 audire
1723 1264 1771 1330 ali·
1853 1323 1854 1334 2

358 1393 456 1459 quam
476 1393 535 1457 pro
557 1371 659 1433 tercia
678 1367 829 1452 lectione,
848 1370 911 1433 nisi
938 1367 1068 1456 loycam
1087 1368 1232 1455 Heysbri
1259 1379 1315 1434 aut
1341 1367 1594 1451 rethoricorum,
1625 1387 1707 1453 qnae
1731 1374 1773 1429 est
1853 1447 1854 1458 ἵ

354 1491 548 1536 concurrens
571 1491 645 1534 cum
664 1467 730 1532 illa.
769 1467 806 1533 Si
826 1489 903 1532 vero
929 1489 1022 1532 secus
1045 1464 1132 1556 [ill]
1153 1469 1282 1552 fecerit,
1310 1467 1392 1534 tales
1420 1465 1497 1534 libri
1525 1489 1592 1533 uon
1619 1474 1695 1530 sunt
1718 1463 1772 1529 sibi
1853 1461 1854 1464 ’

355 1566 570 1658 computandi
591 1590 650 1655 pro
674 1565 794 1632 auditis
815 1567 858 1632 ad
877 1567 1023 1653 gradum.

314 1748 346 1804 10
772 1739 803 1800 6.
829 1749 876 1798 nn
896 1749 997 1799 nono
1020 1749 1194 1799 sonvnum
1217 1751 1363 1802 russum

990 1868 1052 1932 vp.
1069 1870 1103 1931 x,
1121 1871 1145 1920 7.

439 1986 522 2051 Item
544 1983 679 2071 quilibet
700 1981 939 2070 promovendus
961 1984 995 2046 in
1017 1982 1143 2047 artibus
1164 1982 1262 2048 debet
1281 1982 1492 2049 effectualiter
1521 1994 1598 2071 post
1624 1984 1771 2070 inceptio

358 2109 431 2152 nem
442 2085 615 2150 lectionum
629 2095 660 2148 et
677 2083 911 2148 exerciciorum
930 2081 1015 2145 infra
1032 2105 1174 2147 mensem
1196 2105 1257 2169 pro
1278 2083 1384 2168 gradu
1406 2106 1464 2170 per
1486 2107 1559 2148 eum
1580 2082 1772 2149 auditorom²

360 2185 556 2251 satisfecisse
587 2206 648 2270 pro
671 2181 793 2248 eisdem
820 2178 1025 2246 testatoribus
1055 2184 1148 2246 iuxta
1179 2191 1291 2247 texam
1322 2205 1342 2246 a
1372 2182 1527 2249 facultate
1555 2184 1688 2266 factam,
1720 2181 1771 2247 sub

321 2297 467 2374 repuens
487 2305 552 2348 non
576 2281 826 2370 computationis
848 2279 933 2345 illius
953 2279 1101 2345 lectionis
1121 2279 1173 2346 vel
1195 2283 1356 2348 exercicii.
1404 2282 1548 2348 Tenetur
1569 2293 1679 2350 tamen
1706 2279 1771 2346 talis

357 2383 477 2451 nichilo
499 2385 605 2448 minus
627 2383 788 2468 magistro
809 2379 930 2464 legenti
952 2389 1007 2444 aut
1027 2379 1207 2467 disputanti
1229 2381 1374 2468 plenarie
1404 2383 1612 2466 satisfacere,
1634 2381 1715 2448 alias
1735 2379 1770 2444 ad

356 2491 555 2570 temptamen
589 2477 886 2566 magistrandorum
921 2501 985 2544 non
1014 2479 1219 2564 admittetur,
1249 2482 1295 2546 sic
1324 2481 1411 2566 quod
1438 2505 1499 2569 pro
1526 2481 1719 2549 lectionibus
1744 2491 1770 2544 et

359 2583 540 2665 exerciciis,
562 2581 590 2646 si
605 2579 697 2644 dives
710 2580 809 2644 fuerit
830 2579 899 2643 sive
921 2578 1109 2645 domicellus
1130 2579 1266 2645 alieuius
1290 2582 1440 2668 magistri
1463 2591 1519 2646 aut
1540 2581 1594 2647 hie
1618 2583 1685 2646 suis
1705 2601 1769 2666 pro

357 2683 439 2770 priis
455 2690 510 2746 aut
526 2703 657 2746 suorum
674 2689 845 2764 parentum
866 2677 919 2742 vel
939 2679 1115 2744 amicorum
1138 2687 1195 2744 aut
1216 2678 1351 2745 aliorum
1376 2681 1548 2767 stipendiis
1571 2691 1604 2745 et
1626 2679 1769 2766 expensis

314 2781 502 2847 20militans
525 2801 581 2843 seu
602 2776 751 2859 studens,
774 2776 880 2842 solvat
901 2787 1017 2861 totum3
1046 2781 1173 2843 sivero
1196 2781 1232 2843 in
1257 2791 1351 2866 parte
1373 2779 1424 2844 vel
1446 2781 1480 2844 in
1500 2790 1568 2846 toto
1592 2802 1626 2844 se
1649 2800 1769 2844 suarum

356 2879 524 2946 laboribus
545 2899 698 2944 manuum
726 2886 782 2941 aut
812 2879 959 2942 serviciis
988 2879 1090 2943 nutrit
1112 2889 1143 2943 et
1165 2888 1340 2962 sustentat,
1363 2901 1424 2966 pro
1449 2877 1646 2944 lectionibus
1667 2889 1769 2956 totum,

359 2981 416 3046 sed
437 3003 497 3067 pro
517 2979 701 3060 exerciciis,
724 2976 900 3042 secundum
922 2977 1009 3065 quod
1031 2976 1235 3042 taxatoribus
1259 2978 1439 3064 videbitur,
1466 2979 1589 3062 solvat3
1622 2981 1650 3044 si
1672 2989 1769 3043 antem

355 3082 484 3147 omuino
505 3101 648 3166 pauper,
668 3076 830 3142 redimere
851 3079 1013 3164 signetum
1034 3078 1150 3142 decani
1170 3101 1235 3142 nou
1257 3076 1385 3162 valens,
1406 3079 1520 3162 fuerit,
1540 3079 1641 3144 nichil
1666 3077 1770 3144 solvat.

845 3249 872 3308 7.
898 3261 946 3308 nn
967 3261 1290 3311 nrsruracroumus.

312 3375 345 3432 25
982 3379 1043 3444 νει,
1062 3379 1095 3440 x,
1117 3381 1156 3433 11.

438 3497 521 3563 Item
542 3495 652 3561 nullus
670 3493 930 3560 baccalariorum
952 3492 1048 3558 debet
1068 3493 1195 3560 admitti
1216 3494 1259 3560 ad
1280 3505 1480 3582 temptamen
1502 3518 1564 3582 pro
1585 3495 1692 3580 gradu
1711 3515 1768 3558 ma-

355 3598 493 3684 gisterii,
515 3597 579 3660 nisi
601 3597 636 3660 in
656 3594 859 3659 consciencia
880 3615 940 3659 sua
961 3592 1058 3675 dicat,
1080 3593 1166 3680 qued
1189 3598 1279 3682 priua
1300 3597 1335 3659 in
1355 3597 1489 3681 triginta
1504 3593 1769 3682 disputationibus

358 3695 533 3763 ordinariis
555 3691 817 3759 baccalariorum
839 3691 1014 3778 arguebat,
1037 3695 1066 3757 si
1086 3693 1194 3758 locum
1217 3694 1376 3780 arguendi
1397 3693 1518 3759 hebere
1538 3697 1657 3783 potnit

437 3795 518 3858 Item
538 3790 645 3858 nullus
667 3791 924 3858 baocalariorum
945 3793 1070 3857 arcium
1093 3791 1283 3858 admittatur
1306 3793 1350 3858 ad
1369 3803 1568 3880 temptamen
1587 3795 1769 3880 magistran-

265 3952 268 3970 ,
317 3893 487 3973 todorum,
512 3892 576 3954 nisi
597 3893 630 3954 in
653 3894 854 3957 consciencie
875 3913 935 3956 sue
956 3891 1052 3974 dicat,
1076 3893 1162 3980 quod
1186 3894 1220 3956 in
1240 3893 1373 3979 triginta
1396 3893 1676 3979 disputacionibus
1697 3891 1771 3959 ordi·

359 3994 460 4058 nariis
475 3993 706 4075 magistrorum
718 4013 874 4078 praesens
887 3993 984 4056 firerit
1002 4003 1068 4056 tam
1090 3991 1156 4076 diu,
1178 3992 1280 4058 donec
1302 3991 1451 4058 adminus
1472 3994 1614 4081 quinque
1635 3990 1771 4080 magistri

357 4091 549 4179 arguebant,
571 4092 598 4156 si
622 4089 735 4154 saltem
757 4101 805 4156 tot
823 4089 870 4156 ibi
891 4091 1011 4157 fuerint
1031 4093 1180 4178 magistri
1199 4101 1382 4178 arguentes.

759 4263 786 4327 8.
809 4275 856 4322 nn
878 4275 1022 4324 ermom
1043 4276 1377 4326 mersrmrmosuu.

983 4396 1044 4458 Vgl.
1057 4398 1091 4462 X,
1113 4397 1151 4447 tt.

315 4521 349 4580 ³5
442 4509 524 4578 Item
538 4509 645 4575 nullus
663 4509 852 4576 admittatur
874 4509 917 4574 ad
940 4531 1076 4574 examen
1099 4533 1160 4597 pro
1180 4511 1286 4598 gradu
1306 4511 1488 4598 magisterii
1506 4512 1541 4574 iu
1563 4507 1698 4592 artibus,
1718 4504 1771 4570 nisi

361 4614 395 4678 in
410 4610 555 4698 collegiis
576 4619 631 4674 aut
650 4609 758 4675 bursis
781 4633 801 4674 a
820 4609 973 4675 facultate
994 4609 1187 4696 approbatis
1209 4612 1358 4676 continue
1380 4611 1505 4676 steterit
1527 4608 1638 4696 ibique
1660 4609 1693 4672 in
1713 4627 1772 4670 seo·

360 4712 483 4778 lesticis
506 4707 632 4775 actibus
653 4708 870 4792 latinizando,
891 4709 1058 4795 arguendo
1080 4719 1112 4774 et
1133 4709 1362 4797 respondendo
1387 4709 1579 4796 diligencius
1607 4711 1642 4773 in
1670 4705 1773 4772 ordine

364 4835 422 4877 suo
449 4833 484 4876 se
512 4811 756 4876 exercitaverit:
798 4811 862 4874 nisi
889 4809 974 4874 filius
1005 4809 1146 4874 civitatis
1170 4811 1267 4874 fucrit
1293 4809 1346 4874 vel
1372 4809 1454 4875 alias
1482 4809 1564 4874 adeo
1590 4805 1772 4873 hsbuudaos

446 5001 456 5050 1
479 4994 533 5050 Die
552 4991 662 5048 Rubrilr
679 4989 717 5044 ist
730 4990 781 5043 mit
797 4989 950 5044 sohwarser
967 4989 1051 5044 Tinte
1067 4989 1281 5064 nacbgetragen.

445 5085 460 5136 2
478 5079 546 5134 llan
563 5077 641 5134 sollte
663 5077 743 5146 iufra
764 5091 878 5128 meroem
899 5073 990 5129 hinter
1009 5076 1168 5130 oudiwnon
1192 5081 1339 5146 erwarten,
1356 5073 1424 5132 aber
1440 5073 1514 5132 auch
1531 5073 1616 5144 VIII,
1634 5079 1651 5131 l
1668 5093 1695 5130 u.
1711 5071 1744 5140 X,
1759 5074 1770 5126 t

363 5163 399 5221 ist
413 5163 533 5222 dissolbe
550 5159 754 5234 Wortstellung
772 5159 821 5214 wie
839 5158 905 5216 bier.
