3768 6072
643 469 696 524 Dis
712 469 832 528 8111111111
850 487 904 526 ron
925 469 996 526 rtet.
1471 469 1532 535 223

106 675 174 718 eam
195 651 403 738 diligentiam
426 649 604 736 adhibebit,
626 675 723 740 quam
745 653 890 740 postulat
915 661 948 718 11
974 651 1171 718 existimatio
1194 649 1382 717 academiae
1402 659 1535 716 nostrae

105 760 135 815 et
154 773 289 816 suorum
312 750 352 815 de
375 748 512 838 singulis
534 753 727 838 expectatio.
762 751 932 840 Usurpare
952 749 1088 816 latinum
1111 771 1302 832 sermonem,
1325 749 1368 814 ad
1390 749 1534 814 eruditos

103 850 305 935 praesertim,
338 847 432 914 decet
451 849 631 916 universos.
674 847 922 936 Disputationes
943 871 1069 938 quoque
1090 846 1336 935 pomeridianas
1358 847 1535 913 secundum

103 947 369 1013 consuetudinem
391 946 485 1013 huius
507 947 696 1013 academiae
718 950 884 1014 institutae
906 946 1197 1035 frequentabantur
1218 956 1259 1029 et,
1281 948 1336 1031 qui
1360 945 1533 1029 debebunt,

103 1067 158 1110 suo
178 1045 253 1112 loco
277 1045 342 1112 illis
371 1047 454 1112 11111
473 1047 722 1132 praesidebunt,
753 1069 845 1134 quae·
862 1047 983 1113 timelio
1007 1045 1183 1133 peculiaris
1211 1055 1260 1110 est
1281 1044 1532 1110 baculariorum.
1560 1053 1576 1106 5

104 1143 258 1210 Similiter
285 1153 318 1209 et
348 1143 549 1228 scholastici,
583 1147 638 1232 qui
667 1154 744 1210 tune
772 1143 918 1211 assidere
945 1156 978 1210 et
1004 1144 1203 1233 respondere
1232 1143 1534 1229 argumentantibus

103 1243 230 1326 debent,
259 1243 323 1309 hoc
342 1245 451 1309 facere
472 1245 552 1308 iussi
577 1243 747 1331 parebunt.
786 1245 906 1312 Totam
928 1252 1037 1309 autem
1057 1265 1128 1307 rem
1149 1242 1332 1310 ordinatam
1355 1265 1374 1308 a
1396 1241 1534 1326 collegio

103 1353 278 1408 conventor
301 1341 551 1425 administrabit,
574 1343 627 1408 oui
647 1364 714 1408 non
735 1341 943 1408 obaudientes
964 1342 1006 1408 ob
1030 1341 1158 1428 singula
1179 1343 1402 1408 contumaciae
1417 1340 1536 1406 delicta

103 1441 290 1528 persolvent
309 1441 418 1507 florini
441 1441 668 1528 quadrantem.

731 1603 850 1676 Caput
869 1603 920 1660 XI.
1547 1615 1578 1670 10

299 1757 345 1804 DE
369 1755 598 1804 msracmorta
621 1757 755 1805 Anniba
775 1757 821 1805 ΕΤ
843 1755 1080 1806 STATUTORUM
1102 1755 1348 1805 Racl'rs'rtorm.

182 1872 347 1959 inspectio
377 1893 436 1936 seu
463 1871 607 1936 visitatio
635 1869 764 1958 collegii
793 1873 896 1937 nostri
927 1870 1057 1936 aedium
1085 1872 1219 1956 antiqua
1245 1870 1473 1937 observatione
1499 1869 1536 1934 fit

105 1969 153 2034 bis
175 1991 262 2034 anno
284 1994 359 2053 uno,
381 1970 549 2058 utriusque
571 1971 746 2052 semestris,
776 1972 893 2036 aestivi
920 1969 1121 2056 hibernique,
1148 1969 1220 2034 fine
1262 1967 1438 2056 Utriusque
1458 1989 1536 2032 vero

103 2069 193 2134 initio
215 2069 395 2133 recitantur
420 2075 551 2149 statuta,
581 2068 728 2155 adquae
750 2067 914 2134 audienda
943 2077 1121 2134 conventus
1148 2067 1310 2134 indicitur.
1353 2067 1448 2134 Tunc
1474 2067 1534 2152 igi-

103 2177 153 2232 tur
175 2166 327 2255 inquilini
347 2167 530 2254 frequentes
553 2167 668 2232 adesse
688 2167 808 2233 debent
836 2168 979 2231 universi
1007 2177 1038 2231 et
1060 2167 1239 2232 communis
1266 2167 1399 2232 honoris
1426 2166 1535 2254 gratia
1547 2174 1576 2228 15

102 2276 134 2331 et
157 2268 314 2354 propriae
342 2265 490 2330 utilitatis
519 2287 644 2330 caussa.
687 2265 815 2331 indicta
843 2265 924 2330 hora
953 2267 1150 2331 visitationis
1180 2268 1214 2329 in
1240 2267 1307 2329 suis
1331 2262 1395 2351 [51]
1418 2266 1536 2349 quique

102 2364 357 2430 habitationibus
387 2364 530 2451 opperiri
562 2363 682 2430 debent
709 2365 884 2430 adventum
914 2386 1034 2446 eorum,
1066 2386 1204 2450 quorum
1226 2365 1397 2452 provincia
1418 2374 1468 2428 est
1487 2364 1535 2427 in-

103 2465 278 2550 spectionis
306 2486 363 2528 seu
388 2463 593 2528 visitationis.
635 2461 806 2550 Aquibus
837 2486 937 2550 opera
964 2463 1107 2544 dabitur,
1135 2472 1170 2528 ut
1198 2463 1335 2528 audiant
1361 2460 1535 2546 inquilinos

104 2563 217 2650 stipsi
237 2561 338 2628 officii
360 2563 410 2626 sui
430 2583 688 2648 unumquemque
710 2561 907 2630 admoneant
922 2561 1008 2627 etde
1025 2561 1234 2627 conclavibus
1258 2562 1292 2627 id
1317 2561 1388 2626 ficri
1402 2559 1536 2626 iubeant

103 2671 133 2724 et
153 2670 190 2726 ut
210 2660 270 2725 fiat
299 2669 422 2742 curent,
449 2659 537 2748 quod
565 2683 625 2747 par
654 2670 703 2725 est
731 2684 769 2726 ac
798 2661 898 2728 dccet.
943 2660 1036 2742 Quae
1067 2660 1197 2747 quidem
1225 2684 1289 2727 non
1317 2659 1412 2725 aliter
1435 2665 1577 2746 quamtt)

104 2769 257 2847 acceptae
279 2768 367 2841 sunt,
390 2758 473 2824 sicut
494 2765 591 2822 antea
611 2779 737 2846 quoque
758 2758 879 2824 dictum
902 2769 961 2842 est,
983 2760 1215 2848 relinquentur.

186 2858 295 2943 Atque
317 2858 407 2938 haec,
427 2866 464 2921 ut
485 2857 685 2942 temporibus
704 2855 756 2923 his
782 2861 925 2924 maxime
949 2861 1161 2944 congruentia
1190 2867 1222 2923 et
1251 2880 1310 2944 per
1340 2881 1375 2923 11
1401 2858 1537 2923 honesta

104 2969 199 3046 atque
218 2966 318 3038 recta,
342 2955 485 3022 studiose
507 2954 549 3020 ab
574 2977 767 3042 unoquoque
789 2956 904 3022 harum
926 2956 1056 3023 aedium
1076 2957 1234 3045 inquilino
1258 2955 1484 3037 servabuntur,
1504 2963 1536 3018 et

104 3055 310 3121 obaedientia
331 3055 412 3123 haec
425 3054 485 3120 1111
508 3063 640 3118 aeterno
661 3063 758 3139 grata
780 3064 829 3119 est
851 3055 961 3121 futtna
983 3066 1015 3120 et
1036 3054 1166 3121 laudem
1188 3054 1277 3142 apud
1299 3077 1410 3119 omnes
1431 3053 1534 3118 bonos

103 3155 246 3220 inveniet
275 3154 311 3220 in
343 3151 620 3219 commendatione
654 3152 785 3238 pietatis
817 3162 913 3238 atque
945 3153 1127 3240 probitatis.
1173 3153 1266 3234 Quae
1296 3150 1576 3218 commendati025

104 3265 138 3318 ut
157 3255 192 3318 in
214 3255 358 3318 omnium
379 3251 544 3316 hominum
574 3261 667 3315 coetu
695 3249 913 3337 pulcherrima
935 3262 1032 3339 atque
1053 3253 1194 3339 optima,
1223 3254 1270 3317 sic
1298 3253 1535 3318 contrariorum

104 3353 255 3418 vitiorum
276 3350 411 3416 infamia
432 3350 621 3437 turpissima
635 3370 675 3414 ac
689 3348 865 3414 deterrima
886 3346 1035 3416 ducenda
1056 3361 1112 3414 est.
1135 3349 1256 3436 Magno
1279 3360 1386 3415 autem
1405 3347 1535 3436 publice

106 3451 325 3538 privatimque
353 3447 440 3514 malo
467 3471 488 3513 a
514 3448 662 3535 plurimis
681 3469 768 3513 111111
790 3450 997 3515 contumacia
1018 3458 1050 3513 et
1070 3448 1241 3514 insolentia
1262 3459 1418 3534 tanquam
1439 3446 1534 3512 liber-

104 3560 154 3614 tas
177 3559 211 3614 et
233 3549 418 3634 ingenuitas
431 3557 615 3634 usurpatur,
638 3567 711 3612 cum
731 3546 801 3612 sola
823 3547 978 3614 servitute
998 3547 1178 3614 edictorum
1199 3548 1417 3635 legitimorum
1437 3544 1534 3612 liber·

105 3659 154 3714 tas
176 3658 208 3714 et
229 3648 307 3713 boni
337 3646 465 3733 generis
493 3645 590 3712 decus
616 3646 833 3729 metiremur,
862 3647 998 3714 vesania
1018 3657 1126 3712 autem
1145 3646 1294 3714 licentiae
1316 3657 1348 3712 et
1368 3647 1402 3712 in
1424 3650 1576 3710 contu-³0

105 3748 210 3811 maeia
232 3748 375 3812 cernitur
396 3754 427 3810 et
449 3743 543 3810 malis
563 3743 708 3811 moribus
730 3744 850 3810 bonum
872 3746 972 3812 etiam
994 3769 1097 3832 genus
1118 3748 1324 3812 contaminat.
1366 3744 1433 3812 Sed
1453 3743 1535 3808 haec

108 3843 200 3911 modo
222 3845 395 3911 verbosius
418 3843 536 3908 disseri
557 3865 661 3930 neque
683 3844 834 3909 convenit
853 3855 886 3908 et
906 3843 1084 3912 audiuntur
1104 3847 1139 3910 in
1161 3845 1231 3911 dies
1251 3847 1287 3909 in
1307 3838 1533 3930 doctrina[52]

107 3944 326 4010 ecclesiastica
349 3951 446 4032 atque
468 3941 679 4024 scholastica,
707 3952 743 4006 ut
766 3943 1037 4010 commonefaetos
1057 3967 1117 4010 vos
1140 3967 1211 4010 esse
1231 3944 1310 4009 satis
1333 3953 1482 4030 oporteat
1503 3953 1535 4008 11

107 4053 234 4110 caetera
254 4041 362 4110 studio
383 4040 635 4127 diligentiaeque
658 4040 789 4127 pietatis
812 4049 844 4106 et
865 4042 1039 4128 probitatis
1062 4043 1314 4127 uniuscuiusque
1335 4045 1534 4110 committen-

108 4140 152 4207 da
171 4145 244 4209 sint.
1542 4154 1576 4210 35

185 4262 417 4338 Hieraussolqt
440 4261 514 4320 noch
536 4280 592 4318 von
615 4261 648 4320 Z.
673 4259 826 4319 Schilter’s
847 4260 959 4318 Hand:
992 4257 1078 4322 Ante
1098 4254 1268 4343 periodum
1288 4255 1445 4344 ultimam,
1466 4261 1535 4328 At-

108 4381 179 4446 que
200 4357 298 4423 haec
321 4357 540 4443 incipientem,
562 4353 639 4420 olim
654 4355 752 4420 etiam
774 4355 941 4442 sequentia
955 4353 1057 4419 verba
1078 4354 1186 4440 legere
1205 4355 1304 4438 licuit,
1327 4378 1410 4444 quae
1426 4369 1534 4424 tamen

107 4459 141 4521 in
161 4457 348 4523 recitatione
369 4463 563 4520 statutorum
585 4453 760 4540 plurimum
782 4452 917 4518 omissa:

188 4573 242 4640 Ad
264 4595 337 4638 eam
355 4591 433 4636 vero
455 4567 595 4652 domum,
618 4591 701 4657 quae
724 4567 889 4635 Saxonica
908 4591 966 4636 eeu
988 4569 1155 4636 Saxonum
1176 4571 1421 4640 contubernium
1439 4595 1534 4639 voca-

107 4685 167 4756 tur,
188 4673 274 4762 quod
294 4672 425 4752 attinet,
452 4667 550 4734 habet
573 4668 630 4734 illa
650 4678 832 4734 curatorem
853 4691 946 4734 suum
967 4691 1024 4733 seu
1045 4679 1285 4753 conventorem,
1307 4673 1400 4758 eique
1421 4673 1572 4758 inqui-40

107 4770 188 4837 linos
209 4794 332 4838 morem
353 4789 467 4856 gerere
488 4767 636 4834 volumus
658 4767 781 4855 absque
800 4770 1014 4835 recusatione.
1055 4766 1092 4832 Si
1112 4778 1222 4833 tamen
1243 4793 1393 4835 caussam
1416 4769 1532 4856 aliquis

110 4894 144 4936 se
163 4870 281 4936 habere
310 4869 490 4958 putaverit,
519 4890 577 4931 cur
603 4889 667 4932 non
690 4866 979 4954 obtemperandum
1005 4889 1076 4932 esse
1098 4876 1203 4954 putet,
1231 4869 1300 4934 sive
1328 4870 1533 4934 conventoris

109 4971 261 5036 autoritas
283 4967 506 5034 contumaciae
527 4967 633 5053 impar
656 4967 712 5048 sit,
740 4965 891 5052 querelae
917 4965 960 5032 ad
985 4963 1112 5054 collegii
1139 4969 1361 5055 praepositum
1382 4973 1456 5032 sunt
1480 4965 1533 5034 de·

110 5067 266 5134 ferendae.

670 5185 1003 5196 μ--ψ
