3794 6060
332 405 373 470 60
811 408 861 458 Die
880 409 1000 460 statutas
1018 427 1078 462 vom
1100 411 1184 460 Jabre
1204 413 1268 458 tato

332 583 458 650 cialiter
479 585 522 652 ad
543 585 604 652 hoc
626 587 729 669 facta,
756 597 792 653 ut
811 587 1005 674 quibusdam
1026 588 1264 670 criminalibus,
1295 597 1430 674 propter
1452 609 1535 677 quae
1556 589 1757 654 universitas

335 707 433 773 saepe
454 696 504 751 est
524 687 711 772 inquietata,
735 700 889 778 quantum
909 690 981 756 fieri
1002 692 1122 777 poterit
1143 690 1347 778 aliquatenus
1368 687 1528 769 obvietur,
1549 687 1757 754 concorditer

334 805 394 870 per
414 807 524 850 omnes
546 787 699 851 naciones
721 788 907 854 conclusum
927 788 1004 853 fuit:

415 899 542 984 Primo,
571 901 657 989 quod
687 901 823 990 quilibet
850 913 998 989 repertus
1028 905 1062 968 in
1087 901 1261 969 homicidio
1291 901 1474 968 remittatur
1503 900 1547 966 ed
1568 901 1758 988 episcopum

308 1001 500 1085 5perpetuis
521 999 706 1066 carceribus
727 1002 973 1089 mancipandus.

416 1114 498 1179 item
525 1117 560 1181 in
590 1139 690 1182 causa
714 1119 792 1184 furti
821 1118 961 1205 placuit,
993 1116 1080 1206 quod
1101 1117 1135 1182 in
1153 1136 1345 1204 quocunque
1365 1117 1451 1181 furto
1472 1124 1622 1200 repertus
1644 1138 1666 1181 a
1687 1137 1759 1202 gre

334 1213 399 1278 mio
420 1216 640 1281 universitatis
661 1217 863 1282 excludatur.
908 1217 944 1282 Si
971 1226 1080 1281 tamen
1107 1217 1180 1304 quis
1202 1217 1235 1279 in
1255 1213 1393 1280 notabili
1414 1213 1499 1278 furto
1520 1225 1671 1300 repertus
1692 1215 1760 1281 fue-

333 1311 394 1394 rit,
414 1312 500 1378 ultra
520 1314 582 1380 hoc
601 1316 747 1381 mittatur
767 1317 811 1384 ad
833 1319 1023 1404 episcopum
1043 1337 1149 1403 poena
1169 1313 1331 1400 condigna
1352 1311 1546 1401 puniendus.

729 1505 776 1566 20.
800 1496 862 1586 [Bl.
881 1497 948 1587 18²]
977 1517 1047 1570 vom
1064 1518 1105 1569 ae.
1122 1517 1224 1568 essm
1244 1516 1316 1568 raro.

294 1649 326 1704 10
417 1641 512 1708 Anno
542 1644 665 1710 domini
691 1645 1440 1737 millesimoquadringentcsimcaeptuagesimo,
1477 1641 1532 1708 die
1565 1664 1645 1710 vero
1674 1647 1758 1711 vice·

335 1741 419 1806 sima
437 1751 532 1808 sexta
547 1747 668 1811 mensis
685 1745 838 1830 Ianuarii,
859 1748 1046 1813 conclusum
1056 1747 1118 1811 fuit
1130 1749 1164 1812 in
1175 1745 1320 1832 generali
1332 1742 1570 1810 convocacione
1583 1745 1757 1832 magistro-

332 1862 404 1906 rum
426 1843 658 1926 nnivsrsitatis,
680 1844 864 1931 specialiter
885 1845 929 1912 ad
949 1846 1012 1912 hoe
1031 1845 1127 1928 facta,
1149 1856 1181 1910 et
1201 1867 1260 1932 per
1282 1853 1420 1928 quatuor
1436 1843 1593 1908 naciones
1612 1843 1758 1910 eiusdem

333 1939 556 2008 universitatis
578 1944 781 2011 concorditer
802 1944 1022 2031 approbatum
1044 1953 1109 2009 est:

420 2064 448 2123 1.
478 2056 575 2138 Quod
608 2059 732 2126 nullum
766 2062 986 2126 universitatis
1015 2062 1219 2147 suppositum
1252 2056 1405 2144 deinceps
1435 2055 1621 2124 habitatin
1648 2057 1758 2148 aliquo

294 2161 325 2218 15
334 2152 397 2220 alio
418 2153 490 2222 loco
511 2157 598 2224 ultra
617 2181 761 2225 mensem
781 2183 877 2246 quam
899 2183 972 2226 cum
996 2158 1176 2246 collegiatis
1191 2166 1247 2224 aut
1266 2157 1300 2221 in
1313 2155 1421 2222 bursis
1437 2177 1497 2243 per
1511 2158 1758 2226 universitatem

333 2252 543 2340 approbatis,
571 2257 695 2324 ibidem
724 2259 899 2326 secundum
927 2261 1001 2326 iura
1025 2256 1173 2324 barsaba
1198 2254 1358 2338 vivendo,
1387 2266 1444 2322 aut
1471 2257 1759 2326 condoctoribus

332 2350 428 2417 huius
454 2357 692 2423 universitatis:
725 2359 815 2424 salvo
844 2357 933 2446 quod
950 2359 1100 2445 magistri
1120 2359 1260 2438 arcium,
1286 2357 1321 2420 in
1343 2353 1482 2421 decretis
1502 2355 1553 2421 vel
1575 2358 1757 2426 medicinae

332 2451 510 2518 baecalarii
535 2457 662 2542 possint
688 2457 790 2523 libere
819 2467 906 2522 stare
935 2481 996 2545 pro
1018 2457 1172 2524 decencia
1194 2463 1297 2523 stabis
1317 2477 1428 2522 eorum
1448 2463 1543 2522 extra
1563 2455 1638 2524 loca
1659 2481 1758 2544 prae-

333 2551 421 2616 dicta
443 2575 516 2618 cum
538 2577 601 2620 uno
623 2555 776 2622 familiari
795 2556 974 2622 dumtaxat
1017 2555 1054 2621 si
1073 2565 1182 2621 tamen
1201 2553 1334 2641 aliquod
1355 2551 1442 2643 [leb]
1464 2558 1681 2643 suppositum,
1704 2583 1758 2624 cu·

291 2651 511 2738 toluscuuque
532 2653 696 2720 facultatis
716 2656 827 2739 fuerit,
850 2678 892 2720 ex
912 2654 1103 2721 racionabili
1125 2677 1224 2720 causa
1244 2653 1415 2719 comodose
1437 2662 1524 2720 stare
1547 2678 1614 2722 non
1633 2660 1757 2744 poterit

333 2749 367 2814 in
395 2749 540 2838 collegiis
569 2762 625 2818 aut
644 2752 753 2820 bursis
777 2762 835 2820 aut
855 2776 932 2820 cum
953 2753 1155 2836 doctoribus,
1184 2763 1220 2820 ut
1241 2754 1476 2840 praemittitur,
1506 2763 1626 2820 extunc
1646 2767 1757 2823 rector

333 2871 393 2936 pro
421 2858 567 2937 tempore
594 2853 754 2936 existens,
781 2854 973 2918 informatus
1000 2876 1059 2941 per
1087 2853 1305 2934 ordinarium,
1337 2853 1365 2918 si
1387 2861 1436 2918 est
1457 2851 1594 2919 scolaris
1615 2857 1651 2920 in
1675 2857 1758 2938 iure,

332 2949 385 3014 vel
408 2948 566 3015 decanum
587 2950 720 3017 alterius
741 2951 924 3034 facultatis,
946 2955 1036 3020 cuius
1055 2953 1221 3020 facrdtatis
1243 2952 1401 3034 extiterit,
1424 2951 1465 3016 de
1486 2951 1659 3038 qualitate,
1682 2977 1758 3020 con-

334 3048 462 3115 dicione
488 3058 520 3114 et
548 3072 648 3116 causa
676 3074 851 3138 personae:
887 3075 970 3140 quae
998 3054 1026 3118 si
1053 3052 1261 3120 racionabilis
1289 3051 1388 3116 fuerit
1414 3059 1446 3116 et
1472 3049 1650 3137 legittima,
1679 3063 1757 3120 tunc

290 3155 441 3214 25rector
462 3171 536 3214 cum
555 3150 622 3214 suis
643 3150 863 3216 assessoribus
884 3148 1052 3238 dispenset
1073 3161 1104 3216 et
1123 3150 1310 3236 indulgeat3
1333 3158 1366 3215 et
1379 3149 1420 3216 de
1433 3148 1497 3215 bac
1508 3149 1758 3239 dispensacione

333 3246 468 3312 scolaris
491 3249 650 3334 signemm
670 3249 813 3316 obtineat
834 3273 855 3315 a
875 3260 1001 3316 rectore
1021 3250 1135 3336 gratis,
1155 3249 1215 3316 sub
1238 3271 1345 3336 poena
1363 3250 1457 3316 unius
1480 3248 1607 3332 flor-eni,
1629 3253 1756 3317 tociens

333 3348 486 3431 quociens
508 3349 707 3413 contrarium
727 3350 836 3416 facere
857 3350 1127 3436 praesumpserit,
1149 3357 1183 3413 et
1203 3349 1403 3435 privacionis
1425 3351 1673 3435 promocionum
1700 3373 1759 3437 per

333 3446 430 3510 istum
456 3468 577 3512 annum
604 3448 639 3513 in
666 3450 754 3514 omni
780 3447 935 3514 facultate
962 3469 1089 3513 necnon
1117 3448 1287 3512 carenciae
1314 3447 1759 3516 defensionisuniversitatis

331 3543 387 3609 illa
413 3545 492 3610 vice.
533 3546 578 3610 Et
605 3545 691 3632 quod
720 3557 826 3612 rector
855 3546 898 3611 sit
924 3548 1076 3612 astrictus
1099 3541 1184 3634 [19⁸]
1213 3545 1272 3612 sub
1296 3569 1355 3612 suo
1377 3548 1558 3614 iuramento
1581 3547 1625 3613 ad
1648 3559 1757 3616 extor-

289 3643 498 3731 ³0quendum
518 3667 657 3732 poenam
678 3647 959 3727 contrafacientis3
987 3666 1113 3712 necnon
1138 3646 1252 3712 famuli
1273 3648 1316 3713 ad
1336 3645 1508 3732 diligenter
1528 3647 1757 3732 inquirendum
1777 3687 1784 3694 -

330 3752 363 3808 et
389 3745 509 3808 rectori
537 3744 810 3810 denunctiandum
839 3743 921 3810 tales
950 3754 1063 3811 contra
1091 3745 1275 3812 huiusmodi
1304 3753 1425 3811 statuta
1446 3743 1671 3833 delinquentes
1694 3746 1754 3814 sub

331 3843 398 3908 suis
419 3843 610 3908 iuramentis
633 3844 698 3908 sint
719 3843 853 3910 asmicti

414 3963 442 4024 2.
466 3957 581 4026 Placet
604 3981 665 4046 pro
693 3960 855 4024 communi
878 3967 964 4024 statu
983 3959 1204 4024 universitatis
1225 3966 1256 4023 et
1276 3957 1475 4024 incremento
1497 3961 1751 4047 suppositormn,

331 4055 419 4144 quod
445 4065 553 4122 rector
573 4080 634 4146 pro
661 4067 807 4145 tempore
830 4060 974 4124 existens
994 4058 1029 4122 in
1050 4058 1137 4122 omni
1158 4058 1358 4140 mutacione,
1380 4079 1402 4122 a
1423 4066 1570 4145 tempore
1595 4079 1674 4125 suae
1693 4061 1756 4127 ¹sle-

289 4155 448 4220 350tionis
474 4157 561 4221 infra
589 4156 670 4222 duos
698 4179 842 4241 menses,
869 4158 1013 4245 requirat
1035 4165 1179 4220 rectores
1201 4165 1232 4220 et
1255 4167 1467 4222 conventores
1487 4155 1699 4242 collegiorum
1726 4169 1757 4226 et

331 4251 503 4319 bursarum
531 4257 575 4321 ad
603 4256 876 4342 praesentandum
908 4266 939 4321 et
966 4253 1184 4322 exhibendum
1213 4254 1276 4319 sibi
1298 4257 1407 4320 omnia
1429 4266 1461 4321 et
1484 4255 1615 4342 singula
1636 4281 1755 4347 suppo·

332 4353 393 4418 sita
414 4355 449 4418 in
472 4356 601 4442 scriptis
623 4357 658 4419 in
678 4356 759 4441 ipsis
781 4355 926 4440 collegiis
948 4365 980 4422 et
1002 4354 1109 4420 bursis
1131 4356 1379 4419 commorancia.
1423 4353 1552 4435 Quibus
1574 4354 1639 4421 sibi
1661 4379 1754 4443 prae

332 4453 465 4518 senmtis
493 4463 601 4519 rector
624 4475 697 4519 cum
719 4455 783 4520 sibi
804 4454 965 4520 adiunctis
987 4452 1209 4518 assessoribus
1230 4474 1342 4518 omnes
1363 4462 1396 4518 et
1417 4453 1563 4540 singulas
1584 4453 1704 4521 bursas
1725 4465 1756 4521 et

332 4551 469 4639 collegia
497 4553 583 4617 infra
609 4563 736 4640 tempus
757 4554 959 4640 praedictum
981 4551 1197 4640 personaliter
1217 4551 1342 4634 visitet,
1368 4573 1389 4616 s
1410 4551 1545 4638 singulis
1567 4549 1656 4641 [rob]
1680 4577 1755 4643 sup-

289 4661 323 4716 to
332 4651 447 4738 positis
460 4650 524 4717 sibi
541 4654 574 4715 in
589 4655 720 4739 scriptis
734 4652 913 4738 designatis
922 4651 1089 4740 sigillatim
1101 4648 1304 4734 inquirendo,
1318 4650 1352 4714 in
1368 4673 1433 4738 qua
1439 4650 1593 4717 facultate
1601 4653 1754 4720 lectiones

330 4757 362 4814 et
389 4773 410 4815 a
438 4773 501 4836 quo
530 4749 580 4815 vel
604 4773 624 4816 a
646 4751 764 4839 quibus
785 4751 925 4817 audiant
968 4751 1013 4816 Et
1036 4751 1064 4814 si
1086 4747 1217 4834 aliquod
1238 4751 1442 4836 suppositum
1463 4761 1629 4838 repertum
1649 4753 1754 4836 fuerit,

330 4846 416 4936 quod
437 4848 590 4915 lectiones
611 4872 675 4915 non
697 4849 828 4934 audiat,
854 4851 942 4917 istud
969 4850 1110 4935 desuper
1130 4858 1299 4914 moneatur
1321 4858 1368 4930 et,
1395 4851 1422 4913 si
1444 4859 1518 4936 post
1539 4853 1755 4918 monicionem

327 4948 448 5014 factam
469 4950 555 5015 infra
576 4959 648 5014 octo
669 4949 740 5015 dies
762 4951 936 5016 monicioni
957 4948 1094 5014 rectoris
1117 4968 1153 5011 se
1173 4967 1238 5010 non
1260 4945 1546 5034 obtemperaverit,
1568 4949 1612 5016 ab
1627 4954 1752 5018 nniver-

330 5047 426 5112 sitate
446 5047 621 5136 relegetur.
