3788 6078
641 499 750 564 Eiostge
767 499 1031 552 statutenredaction.
1501 505 1561 571 583

223 695 344 746 xxvul.
364 681 455 764 Item,
480 703 551 748 cum
574 680 655 748 alias
677 681 720 746 sit
740 683 908 769 provisum
931 692 964 750 et
985 682 1161 764 obtentum,
1185 681 1271 768 quod
1284 682 1407 766 doctor,
1425 684 1465 750 de
1478 708 1562 752 erno-

136 778 296 857 lumentis,
318 803 360 848 ex
380 781 644 870 promocionibus
667 803 707 848 ac
729 782 872 848 consiliis
901 782 1113 870 collegialiter
1141 781 1259 850 dandis
1281 783 1558 870 provenientibus,

134 881 333 968 participare
354 880 483 965 volens,
514 880 665 948 laborare
697 879 834 964 debeat,
864 903 906 948 ne
927 905 1005 949 vero
1025 882 1113 948 illius
1136 883 1307 948 occasione
1326 881 1437 967 aliqua
1459 885 1563 970 possit

134 979 212 1044 oriri
235 977 404 1064 dissensio,
427 980 468 1045 ob
488 979 523 1046 id
545 981 678 1069 placuit,
699 979 836 1068 quodie
856 980 1008 1049 laborare
1028 981 1229 1068 intelligitur,
1251 982 1305 1068 qui
1317 981 1555 1066 hebdomadim‚

135 1078 321 1144 rationabili
342 1079 573 1167 impedimento
596 1089 753 1163 cessante,
775 1079 817 1145 ad
839 1083 943 1148 minus
965 1081 1017 1147 bis
1039 1091 1071 1146 et
1091 1083 1138 1147 ita
1157 1103 1216 1168 per
1238 1079 1319 1146 duos
1342 1080 1413 1146 dies
1435 1081 1469 1145 in
1490 1105 1557 1146 ma·
1585 1091 1602 1146 5

134 1179 226 1260 teria,
248 1177 319 1245 loco
340 1179 473 1245 ethera
494 1180 723 1266 perductores
745 1181 952 1266 assignandis
976 1181 1101 1268 legerit,
1133 1182 1197 1245 nisi
1223 1181 1314 1266 prius
1337 1201 1395 1267 per
1418 1180 1560 1268 quinque

135 1299 236 1343 annos
270 1279 304 1343 in
331 1277 428 1343 scolis
457 1278 588 1366 legisset
615 1289 646 1345 et
673 1281 719 1344 sic
749 1281 999 1367 quinquennium
1035 1303 1128 1346 suum
1163 1280 1289 1366 integre
1320 1278 1561 1366 complevisset.

134 1375 257 1442 Doctor
277 1388 385 1443 tamen
408 1377 592 1446 sallariatus
615 1381 701 1445 omni
728 1377 781 1446 die
805 1379 944 1466 legibili,
981 1380 1045 1445 nisi
1073 1379 1217 1466 legitime
1250 1377 1427 1464 impeditus
1455 1379 1561 1462 fuerit,

134 1474 305 1542 lectionem
328 1499 418 1544 suam
439 1479 627 1544 continuare
648 1477 788 1545 debebit.

215 1627 313 1676 xxix.
340 1609 422 1676 Item
441 1610 557 1698 placet,
579 1620 614 1677 ut
635 1610 724 1698 apud
746 1613 905 1678 seniorem
925 1612 1089 1678 facultatis
1117 1621 1192 1678 ante
1214 1612 1312 1678 alium
1338 1610 1392 1676 bic
1421 1621 1596 1700 promo-10

135 1717 201 1772 tum
223 1719 279 1776 aut
300 1719 376 1775 actu
396 1719 563 1797 regentem
582 1721 639 1777 aut
657 1732 718 1799 pro
739 1709 797 1776 teli
818 1710 862 1776 ad
885 1711 1071 1777 facudtatem
1092 1719 1259 1798 receptum
1280 1721 1478 1778 remaneant
1499 1710 1563 1777 cle·

134 1807 232 1874 nodia
253 1807 426 1892 facultatis,
449 1820 529 1897 puta
548 1809 633 1875 liber
652 1819 844 1876 statutorum
868 1833 907 1876 ec
929 1811 1080 1898 sigillum
1102 1809 1273 1876 facultatis.

217 1960 303 2008 xxx.
332 1943 449 2008 Fiscus
474 1963 551 2007 vero
573 1943 745 2010 custodiri¹
767 1944 800 2009 in
820 1945 1051 2031 praepositura
1071 1943 1178 2010 sancti
1200 1941 1364 2026 Thomae,
1392 1940 1495 2008 donec
1516 1942 1561 2007 fa·

140 2038 242 2106 ctdtas
264 2039 306 2106 de
328 2041 393 2108 alio
413 2041 485 2110 loco
507 2041 702 2129 providebit.

217 2191 317 2238 xxxi.
354 2173 454 2258 Item,
496 2197 537 2240 ne
557 2174 780 2241 laborantibus
802 2177 941 2264 pecunia
960 2177 1159 2256 auferretur,
1198 2172 1272 2240 ideo
1292 2171 1430 2261 placuit,
1474 2173 1561 2262 quod
1574 2183 1604 2238 15

135 2270 248 2336 doctor
278 2272 523 2360 incorporatus,
567 2276 623 2362 qui
653 2297 687 2339 se
714 2287 810 2341 extra
839 2277 1082 2342 universitatem
1112 2272 1190 2340 alibi
1218 2273 1416 2340 domicilium
1445 2275 1561 2338 consti·

133 2369 252 2435 tuendo
274 2372 472 2454 transcribit,
496 2373 523 2437 si
546 2375 644 2440 etiam
665 2375 772 2441 animo
795 2375 848 2440 bic
870 2374 1101 2462 perseverandi
1131 2395 1283 2438 reversus
1305 2373 1411 2454 fuerit,
1430 2373 1464 2436 in
1486 2372 1563 2438 duo·

134 2469 195 2534 bus
227 2469 391 2535 mensibus
425 2470 467 2536 ad
500 2472 610 2560 aliqua
641 2473 855 2540 emolumenta
886 2474 1051 2542 facultatis
1083 2472 1296 2560 undecunque
1331 2473 1559 2560 proveniencia

133 2592 198 2634 non
226 2567 494 2657 adrnit[16]tatur,
522 2571 639 2659 quibus
666 2571 787 2660 elapsis
814 2585 933 2640 extunc
959 2572 1002 2638 ad
1031 2572 1140 2638 omnia
1166 2571 1371 2638 emolimenta
1397 2595 1462 2638 unu
1490 2595 1562 2638 cunr

134 2667 219 2750 aliis,
241 2670 304 2734 nisi
324 2669 414 2735 aliud
435 2670 497 2736 sibi
519 2671 672 2754 obstaret,
695 2672 823 2738 admitti
845 2673 984 2739 debebit
1571 2680 1606 2738 ²⁰

216 2818 325 2867 xxxn,
367 2801 457 2886 Item,
486 2813 522 2868 ut
549 2807 765 2892 repeticiones
788 2828 847 2893 per
876 2806 979 2871 felicis
1008 2803 1241 2870 recordationis
1263 2803 1429 2870 dominum
1451 2803 1561 2870 docto·

133 2923 202 2966 rem
226 2899 405 2986 Georgium
425 2901 670 2989 Morgeustern²
691 2929 729 2971 eo
751 2904 938 2992 diligentius
966 2927 1027 2992 pro
1048 2906 1245 2971 incremento
1271 2915 1401 2969 nostrae
1430 2902 1563 2968 faculta-

133 3001 175 3065 tis
197 3007 230 3065 et
251 2999 390 3067 utilitate
411 3001 607 3068 scholarium
635 3005 870 3085 continuentur,
899 3004 1035 3091 placuit,
1065 3003 1150 3091 quod
1178 3002 1290 3066 doctor
1312 3004 1346 3066 in
1369 3001 1483 3066 ordine
1505 3023 1563 3066 suo

132 3099 174 3164 de
196 3101 380 3186 repetente³
402 3100 464 3167 sibi
493 3101 665 3190 provideat
692 3113 723 3168 et
750 3105 821 3190 ipse
849 3101 1030 3168 huiusmodi
1058 3101 1249 3189 repeticioni
1280 3123 1338 3188 pcr
1369 3123 1404 3165 se
1433 3111 1505 3183 aut,
1536 3101 1564 3164 si

132 3198 277 3284 legitime
303 3199 478 3286 impeditus
505 3201 615 3284 fuerit,
643 3224 703 3289 per
724 3202 822 3268 elium
844 3201 1008 3268 doctorem
1034 3201 1181 3266 facultati
1201 3200 1443 3287 incorporatum
1466 3207 1605 3286 prae-25

132 3298 249 3364 sideat
293 3297 389 3379 Quod
409 3301 438 3364 si
465 3323 530 3366 non
561 3302 683 3382 fecerit,
717 3311 837 3368 extunc
867 3300 909 3366 ab
939 3300 1087 3365 omnibus
1116 3311 1148 3366 et
1176 3298 1312 3385 singulis
1341 3298 1563 3364 emolumentis

130 3397 297 3464 facidtatis
317 3399 390 3484 ipso
410 3399 497 3465 fecto
519 3401 561 3467 sit
584 3423 771 3488 suspensus.
813 3401 857 3465 Et
878 3423 919 3464 ne
948 3399 1066 3487 uliquis
1093 3408 1267 3486 praetextu
1294 3399 1506 3485 ignoranciae
1527 3421 1562 3462 se

133 3519 295 3564 excusare
325 3495 448 3580 valeat,
481 3498 604 3582 doctor,
636 3522 731 3587 quem
766 3499 846 3565 ordo
877 3497 1086 3585 praesidendi
1117 3498 1275 3584 tetigerit,
1307 3519 1367 3584 per
1397 3497 1562 3563 dominum

133 3595 336 3662 ordinarium
376 3601 573 3664 commoveri
611 3596 744 3664 debebit
780 3597 824 3664 ad
863 3597 1102 3685 expediendum
1134 3596 1320 3664 huiusmodi
1353 3598 1564 3684 repeticionis

129 3705 249 3764 actum.
1570 3705 1605 3762 ³0

215 3845 339 3896 xxxm.
381 3827 434 3893 De
455 3827 585 3895 sallario
607 3829 847 3916 praesidentum
868 3839 899 3896 et
920 3833 1156 3918 opponcucium
1176 3829 1230 3895 bic
1250 3829 1330 3896 nihil
1352 3839 1401 3896 est
1422 3839 1561 3912 cautum,

130 3929 190 3996 sed
212 3929 399 3995 necessaria
420 3937 469 3992 est
491 3930 636 4016 provisio
659 3927 865 4017 explicanda.

214 4079 334 4128 xxxw.
367 4061 447 4126 Item
467 4060 600 4148 placuit,
622 4061 708 4151 quod
731 4063 912 4152 quicunque
933 4067 1024 4150 prius
1046 4065 1188 4150 insignia
1209 4061 1390 4128 doctoralia
1402 4063 1562 4150 receperit

131 4171 260 4230 ceteros
282 4161 364 4228 alios
388 4169 465 4248 post
486 4183 561 4228 eum
583 4161 768 4228 huiusmodi
790 4161 931 4250 insignia
952 4163 1145 4251 recipientes
1166 4163 1236 4228 loco
1259 4161 1440 4246 antecellat,
1466 4162 1563 4227 etiam

218 4431 229 4482 1
251 4427 289 4483 Ee
307 4423 377 4480 fehlt
393 4424 438 4480 ein
455 4423 547 4494 Wort,
563 4425 613 4482 wie
629 4428 714 4482 debet.

218 4517 233 4567 2
253 4509 427 4581 Georgius
445 4507 693 4581 Morgenstern
716 4510 782 4564 wird
807 4513 888 4566 unter
909 4509 964 4564 den
986 4513 1019 4564 58
1037 4509 1186 4578 Doctores,
1209 4509 1311 4566 welche
1329 4529 1379 4565 vor
1396 4511 1457 4566 dem
1475 4507 1563 4564 dabre

137 4601 202 4652 taos
220 4594 250 4650 in
266 4593 385 4665 Leipzig
402 4593 612 4665 promovierten,
632 4593 673 4648 als
691 4599 771 4650 28·oe:
788 4595 845 4649 und
865 4593 906 4650 als
926 4595 1096 4650 &nemnem
1111 4595 1210 4650 doctor
1226 4593 1396 4666 snfgeftihrt
1433 4594 1479 4649 Da
1496 4593 1555 4647 dies

129 4678 325 4736 Vensicbniss
342 4679 371 4734 in
387 4679 437 4734 der
453 4675 635 4748 Hauptaache
652 4676 778 4732 offenbar
794 4677 1005 4749 chronologisoh
1029 4678 1079 4746 ist,
1103 4695 1134 4732 so
1151 4679 1276 4734 vmdient
1298 4678 1424 4734 bomerkt
1441 4695 1476 4731 au
1494 4693 1560 4731 wer·

128 4767 193 4832 den,
218 4765 284 4819 dass
309 4761 362 4818 No.
387 4767 427 4830 25,
453 4760 609 4817 Stsuislaus
632 4760 800 4831 Pechmann,
822 4762 859 4816 im
881 4761 968 4818 Jshre
993 4767 1075 4817 tesso
1099 4761 1171 4817 noch
1195 4765 1363 4819 decretum
1388 4761 1562 4816 baccanum

129 4853 259 4922 genennt
280 4845 360 4913 vird,
384 4845 436 4903 No.
463 4849 496 4901 30
521 4843 595 4914 aber,
620 4843 836 4916 christophorus
860 4845 970 4914 Birake,
992 4846 1029 4900 im
1049 4843 1137 4902 Jahre
1162 4852 1245 4904 ltsstb
1270 4845 1370 4903 berella
1394 4848 1562 4900 (ίαν-41444144

129 4936 230 4988 doctor·
247 4947 311 4986 nar.
347 4929 490 4986 Zwiecben
508 4929 582 4984 disse
599 4928 695 4998 Jahre,
719 4929 778 4983 also
796 4928 867 4984 wohl
885 4929 914 4985 in
931 4930 976 4985 die
995 4935 1077 5002 'loger
1092 4930 1189 5000 dabre,
1214 4935 1317 4987 mittete
1334 4929 1470 4984 dunach
1489 4929 1561 4983 Mor·

127 5013 451 5091 genstem'sPromotion
470 5012 564 5080 fallen,
581 5011 638 5067 und
655 5012 742 5068 daher
758 5013 836 5068 kann
851 5013 897 5070 die
913 5013 1089 5086 vorliegende
1102 5013 1377 5073 Statutenredaction
1394 5013 1446 5070 auf
1462 5012 1561 5068 keinen

128 5100 193 5160 rur
211 5096 308 5156 enter
324 5103 469 5170 augesetrt
485 5097 601 5152 werden.

215 5182 437 5240 :tGeschrieben
456 5181 531 5238 steht
549 5183 583 5238 de
601 5187 715 5254 reperte.
