3788 6078
637 523 746 589 Elnalge
765 523 1027 578 Statutenredactlon.

134 706 319 792 promoveri
341 706 469 790 volens3
499 707 526 771 si
544 729 620 772 vero
639 709 674 773 iu
695 718 848 796 utroque,
878 726 924 773 xl,
951 705 1062 773 floren.
1084 731 1235 774 senenses
1258 719 1315 774 aut
1335 710 1554 796 aequivalens.

132 806 184 871 De
208 805 325 892 quibus
347 824 396 872 xx
418 806 527 872 floren.
547 805 645 873 fiscus
667 807 801 874 habebit
821 817 849 889 4,
879 807 919 872 de
947 825 993 873 xn
1025 831 1103 874 vero
1132 818 1203 874 octo
1224 809 1335 874 floren.
1377 810 1555 876 Residuum

133 904 297 970 dividetur
317 906 401 970 inter
422 907 671 988 examinatores,
692 909 738 974 ita
757 918 865 973 tamen
885 905 973 994 quod
993 918 1218 994 praesentator
1247 907 1392 974 obtineat
1422 908 1555 996 duplum

134 1015 287 1092 respectu
309 1003 441 1070 alterius
463 1007 710 1091 examinatoris3
754 1017 786 1074 et
814 1007 855 1074 de
882 1005 1065 1072 huiusmodi
1094 1008 1233 1095 pecunia
1260 1007 1454 1095 deponenda
1475 1007 1556 1074 nihil

135 1102 233 1170 debet
253 1106 317 1192 ipsi
341 1104 558 1172 examinando
579 1108 710 1190 remitti,
734 1107 824 1174 salvo
847 1115 965 1190 tamen,
986 1105 1082 1192 quod,
1105 1107 1282 1194 cuicunque
1296 1109 1553 1174 examinatorum
1579 1117 1596 1172 5

137 1201 314 1289 placuerit,
357 1207 476 1291 poterit
506 1205 547 1270 de
576 1216 668 1293 parte
700 1229 740 1272 ex
767 1205 994 1271 distributione
1023 1203 1086 1270 sibi
1108 1205 1299 1270 obveniente
1320 1207 1484 1273 remittere
1503 1206 1557 1273 vel

132 1305 312 1370 restituere.

214 1421 288 1470 xm.
308 1406 391 1470 Item
414 1407 616 1471 examinatus
638 1404 765 1471 admitti
787 1429 852 1470 non
880 1404 990 1487 debet,
1033 1404 1097 1469 nisi
1122 1425 1181 1490 per
1210 1405 1453 1470 examinatores
1482 1427 1554 1470 con·

132 1501 277 1568 corditer
310 1504 362 1569 vel
395 1503 509 1570 saltem
542 1527 600 1592 per
631 1505 786 1570 maiorem
814 1515 942 1592 partem
974 1500 1148 1570 eorundem
1172 1505 1270 1570 fuerit
1298 1502 1501 1591 approbatus
1522 1514 1554 1569 ct

130 1601 302 1669 admissus.
1567 1611 1598 1668 10

242 1821 401 1871 suasura
422 1822 511 1871 ross
533 1792 676 1872 1111111
697 1819 941 1872 crustularium
964 1819 1187 1868 1111101111
1206 1819 1250 1868 ns
1270 1820 1446 1870 Laesum.

615 1903 734 1980 (Hodie
756 1903 836 1968 111111
858 1902 1078 1990 praelegitur.)

215 2049 262 2136 [S.
289 2049 349 2140 la]
372 2071 442 2118 xlv.
463 2055 682 2119 Examinatus
704 2064 736 2118 et
756 2053 919 2118 admissus
940 2049 1063 2116 iurabit
1091 2052 1124 2116 in
1146 2054 1333 2139 praesentia
1355 2054 1553 2120 examinatu-

130 2174 205 2216 rum
227 2152 382 2238 privatim
404 2152 561 2240 capittula
581 2153 666 2218 infra
687 2154 822 2240 scripta:

215 2269 272 2316 xv.
295 2251 417 2333 Primo,
440 2251 526 2337 quod
548 2252 734 2318 doctoribus
757 2253 824 2316 suis
846 2251 1122 2318 examinatoribus
1143 2249 1221 2316 velit
1241 2250 1387 2317 debitam
1402 2275 1551 2319 reveren·
1566 2263 1595 2318 15

130 2351 216 2415 ciam
239 2359 271 2414 et
291 2372 467 2436 congruum
490 2350 644 2417 honorem
668 2349 833 2417 adhibere.
919 2413 925 2424 ,

217 2468 287 2514 xvl.
309 2450 401 2532 Item,
425 2450 511 2538 quod
527 2461 601 2537 post
622 2449 767 2516 habitam
789 2450 959 2515 licenciam
979 2449 1058 2515 velit
1075 2451 1110 2515 in
1132 2449 1194 2516 hac
1216 2451 1427 2515 universitate
1447 2449 1553 2516 adhuc

128 2571 191 2637 per
213 2572 312 2614 unum
334 2573 452 2615 annum
482 2571 673 2636 permanere
703 2559 735 2614 et
759 2550 868 2637 legere
899 2550 932 2612 iu
966 2547 1095 2615 decreto
1126 2551 1207 2614 iuris
1239 2551 1333 2615 iuxta
1357 2547 1555 2615 voluntatem

129 2647 308 2732 doctorum,
330 2649 393 2714 nisi
416 2671 524 2714 secum
548 2671 646 2736 super
667 2649 718 2714 bis
737 2671 797 2734 per
819 2647 966 2714 doctores
995 2649 1093 2714 fuerit
1114 2648 1346 2736 dispensatum.

126 2865 361 2914 runauxxruu
382 2866 470 2914 POST
492 2866 740 2917 cobuarlouxu
762 2865 1081 2914 PRAESENTATIONIS
1110 2867 1155 2912 ET
1177 2857 1597 2916 Racouuaxnffloxauffl

126 2964 441 3014 vlcxcarecxnnann
464 2967 509 3012 ET
532 2967 624 3014 ANTE
646 2965 828 3014 monumen
850 2965 1030 3012 DATIONEM
1051 2966 1117 3012 PER
1138 2965 1410 3013 LICENCIANDUII.
1431 2965 1468 3011 ID
1490 2965 1557 3012 Pas

341 3065 615 3126 REQUISITIONEM
638 3065 770 3113 ratium
791 3063 1052 3112 UNIVERSITATIS
1074 3063 1341 3112 PRAESTANDUII.

213 3217 295 3264 xvn.
325 3199 436 3266 Primo
463 3198 628 3280 iurabitis,
670 3195 756 3284 quod
784 3206 904 3262 statuta
925 3195 1087 3262 facultatis
1109 3195 1268 3262 iuridicae
1290 3195 1397 3260 velitis
1418 3194 1553 3260 firmiter

127 3299 316 3366 observare.

213 3416 308 3464 xvm.
331 3401 411 3466 Item
432 3399 518 3488 quod
540 3396 676 3462 eandem
694 3395 891 3478 facultatem,
920 3395 962 3460 ad
992 3418 1215 3484 quemcunque
1240 3405 1360 3462 statum
1389 3395 1595 3462 davonem-25

127 3499 182 3580 tis,
201 3495 310 3564 velitis
329 3499 467 3564 fideliter
489 3519 689 3585 promovere.

214 3615 284 3662 xlx.
302 3597 383 3663 Item
407 3597 494 3685 quod
515 3597 657 3684 insignia
678 3594 859 3661 doctoralia
879 3595 914 3660 in
935 3595 997 3662 hac
1020 3596 1232 3662 universitate
1261 3606 1293 3660 et
1313 3618 1378 3660 uon
1400 3593 1478 3660 alibi
1499 3617 1552 3658 ve

126 3695 196 3761 litis
219 3697 375 3784 recipere,
397 3720 457 3762 nec
477 3719 574 3784 super
596 3697 658 3762 hoc
680 3695 824 3783 aliquam
845 3693 1120 3782 dispensationem
1144 3717 1203 3782 per
1225 3718 1283 3760 vos
1305 3692 1357 3760 vel
1379 3694 1479 3759 alium
1496 3694 1552 3757 im·

128 3807 260 3882 patrare
285 3818 345 3861 nec
367 3820 405 3862 ea
426 3799 480 3862 uti.

212 3913 272 3960 xx.
294 3896 375 3961 Item
397 3896 485 3983 quod
504 3919 564 3984 pro
584 3896 721 3961 licencia
742 3897 858 3961 iterato
880 3893 1032 3960 habenda
1054 3896 1088 3959 in
1112 3897 1183 3962 iure
1205 3919 1268 3962 non
1287 3891 1480 3960 laborabitis
1494 3901 1595 3959 necto

127 3996 273 4062 examini
294 4019 352 4062 vos
375 3994 578 4061 submittatis.

325 4245 485 4296 suarum
504 4246 690 4296 nonnosus
713 4249 771 4297 mc
793 4226 1060 4318 rno[13]u0ros
1082 4245 1356 4296 concessarum.

212 4397 286 4446 xxr.
304 4378 425 4462 Placet,
447 4377 533 4466 quod
554 4379 666 4446 doctor
688 4378 843 4464 novellus,
866 4381 900 4444 in
922 4379 1024 4446 altero
1050 4387 1233 4466 promotus,
1264 4379 1368 4446 altera
1398 4381 1451 4446 die
1479 4391 1553 4469 post

126 4480 346 4567 receptionem
367 4480 580 4565 insigniorum
603 4478 832 4563 doctoralium,
860 4479 1046 4545 doctoribus
1076 4477 1204 4564 collegii
1235 4501 1296 4566 pro
1317 4489 1465 4568 tempore
1486 4481 1552 4546 exi·

127 4577 289 4646 stantibus
319 4588 351 4642 et
378 4590 453 4643 actu
482 4577 670 4664 regentibus
700 4581 777 4647 solis
804 4601 899 4646 mane
929 4578 971 4644 ed
999 4577 1174 4666 prandium
1209 4579 1374 4661 invitatis,
1419 4589 1592 4667 peractott

127 4677 268 4768 prandio
291 4677 434 4766 deponat
455 4677 542 4765 apud
565 4676 696 4745 eosdem
718 4699 767 4746 xx
788 4679 901 4746 floren.
922 4679 956 4744 in
977 4699 1076 4762 aur03
1099 4678 1125 4742 si
1148 4699 1226 4743 vero
1248 4679 1282 4743 in
1299 4687 1435 4766 utroque
1457 4679 1554 4744 fuerit

127 4787 306 4866 promotus,
328 4777 469 4865 deponat
491 4776 635 4866 duplum,
658 4779 809 4864 videlicet
829 4797 876 4844 xa
898 4777 1008 4844 floren.
1047 4777 1102 4843 De
1128 4777 1245 4864 quibus
1274 4788 1441 4865 promotor
1463 4779 1553 4864 prin·

128 4877 246 4967 cipalis
267 4879 303 4942 in
325 4876 470 4966 qualibet
490 4877 645 4943 facultate
666 4881 804 4966 recipiet
826 4887 908 4963 octo,
930 4886 1170 4963 compromotor
1199 4887 1265 4943 tres
1296 4887 1327 4942 et
1349 4875 1555 4965 praedicator

127 4977 181 5044 vel
203 4976 450 5042 recomendator
471 4974 552 5042 duos
574 4977 684 5042 floren.
708 5001 728 5042 a
750 4977 894 5065 quolibet
913 4975 1142 5065 promovendo,
1165 4979 1211 5042 ita
1232 4975 1438 5062 tamenquod
1451 4974 1554 5042 solum

127 5079 255 5166 primns
277 5076 310 5141 in
335 5075 449 5142 ordine
470 5077 511 5140 sit
539 5076 785 5144 recomendator
812 5079 846 5142 in
872 5099 936 5142 uno
966 5085 1058 5159 actu,
1102 5085 1291 5164 superstans
1319 5097 1398 5141 vero
1426 5084 1596 5142 summale

126 5181 214 5244 inter
235 5197 346 5242 omnes
366 5175 514 5243 doctores
538 5176 665 5262 collegii
688 5175 866 5265 aequaliter
887 5174 1051 5242 dividatur
1057 5225 1066 5259 ,
1093 5175 1140 5242 ita
1160 5186 1269 5242 tamen
1295 5174 1380 5262 quod
1402 5175 1434 5240 in
1459 5174 1553 5242 alter-
