3748 6070
397 475 453 532 Dee
472 473 597 534 Paulines
615 475 718 550 Colleg.
754 479 805 536 Die
822 483 941 536 saturon
959 499 1022 536 rom
1039 479 1122 537 tshre
1142 479 1212 539 1543.
1455 479 1516 552 289

706 715 910 767 conatuum.

173 829 325 918 Denique
353 852 424 896 eum
453 843 615 918 nequeant
644 835 753 900 omnia
785 832 913 920 legibus
940 834 1168 922 comprehendi
1207 833 1307 920 (quod
1338 844 1370 900 et
1401 857 1454 900 res
1486 845 1517 900 et

92 940 221 1017 tempus
246 951 377 995 monere
404 929 506 995 multa
533 932 691 1017 soleant),
730 955 841 999 omnes
879 934 998 1017 sciant,
1038 933 1187 999 definitas
1224 933 1359 998 mulctas
1397 935 1431 998 in
1467 934 1518 999 his

94 1031 222 1095 statutis
246 1029 419 1095 secundum
447 1029 556 1096 delicti
584 1031 773 1118 qualitatem
800 1031 945 1118 aliasque
977 1035 1235 1098 circumstantias
1265 1035 1377 1119 augeri
1403 1057 1442 1099 ae
1469 1036 1517 1098 in·

94 1127 182 1194 tendi
211 1150 322 1215 posse3
354 1128 451 1195 licere
478 1133 575 1196 etiam
602 1132 737 1218 collegio
760 1130 800 1196 de
828 1133 869 1196 iis
899 1131 1036 1216 delictis,
1064 1133 1179 1221 quibus
1202 1141 1291 1196 certa
1311 1133 1431 1198 mulcta
1452 1157 1515 1199 non
1542 1145 1558 1200 5

94 1239 141 1292 est
160 1229 320 1314 irrogata,
340 1229 474 1296 arbitrio
495 1254 552 1297 suo
574 1228 794 1318 mulltllletam
815 1230 958 1296 definire.
984 1231 1135 1316 Proinde,
1158 1233 1274 1320 quibus
1296 1231 1376 1297 haec
1397 1242 1518 1298 statuta

94 1327 284 1414 probantur,
315 1329 356 1393 iis
376 1329 419 1394 ad
444 1329 648 1396 incolendum
668 1333 703 1396 in
722 1330 773 1395 his
796 1330 930 1396 aedibus
951 1331 1078 1418 collegii
1100 1334 1201 1397 nostri
1222 1331 1311 1396 loeus
1332 1341 1417 1414 esto;
1449 1335 1517 1417 qui·

94 1427 154 1494 bus
182 1450 251 1492 non
277 1428 465 1515 probantur,
494 1428 607 1512 aliurn,
636 1429 693 1494 ubi
720 1430 882 1515 habitent,
912 1452 1069 1517 quaerere
1096 1440 1255 1519 poterunt.
1296 1429 1518 1496 Defendentur

95 1537 204 1593 autem
226 1550 248 1592 a
267 1527 400 1615 collegio
423 1529 594 1616 diligenter
614 1549 725 1596 omnes
743 1529 821 1596 boni
841 1553 881 1596 ac
905 1530 1008 1618 probi.
1048 1531 1102 1596 De
1122 1533 1236 1596 ceteris
1257 1529 1337 1596 nihil
1364 1529 1429 1594 dici
1450 1552 1516 1594 am-

95 1626 178 1714 plius
197 1648 332 1692 necesse
352 1639 409 1694 est.
1528 1641 1560 1695 10

666 1729 733 1796 Soli
753 1729 815 1795 deo
834 1728 955 1816 gloria!

618 1965 629 1996 b

463 2773 507 2840 D.
529 2771 617 2838 DAS
638 2772 903 2842 COLLEGIUM
924 2773 1166 2841 PAULINUM.

509 2961 573 3012 Dlll
590 2959 782 3014 swerman
800 2961 878 3013 VOM
894 2962 1011 3013 JAHBE
1029 2960 1116 3012 1543.ι

436 3141 636 3191 NSTITU'HO
656 3143 702 3192 ΕΤ
723 3142 833 3192 LEGES
856 3142 1020 3192 cotenon
1038 3143 1189 3192 PAULINI.

190 3273 272 3340 (lum
292 3276 326 3338 in
348 3271 493 3339 Paulinis
515 3273 660 3359 aedibus,
681 3277 887 3342 universitati
905 3298 1009 3363 nuper
1031 3275 1194 3342 attributis
1216 3279 1433 3344 munificentia
1453 3276 1563 3346 illu-n

101 3374 258 3439 suissimi
278 3373 445 3460 principis,
468 3373 661 3440 scholastica
682 3375 893 3441 communitas
913 3373 1111 3441 instituenda
1131 3377 1180 3459 sit,
1199 3377 1338 3463 primum
1359 3401 1522 3466 exponen·

99 3474 179 3540 dnm
200 3473 396 3562 putavimus,
423 3495 520 3561 quam
539 3474 677 3540 formam
698 3475 900 3541 contubernii
919 3474 1014 3541 huius
1037 3497 1108 3544 esse
1128 3475 1295 3563 placuerit,
1321 3477 1524 3568 deindeque

98 3575 226 3640 ratione
245 3575 281 3639 in
300 3573 362 3642 hoc
381 3574 489 3639 omnia
510 3573 730 3642 administrari
753 3598 792 3641 ac
812 3575 883 3640 fieri
904 3584 1061 3663 oporteat.

188 3814 200 3865 1
219 3809 282 3867 Nur
298 3805 490 3864 absohrit’tlieb
510 3805 635 3862 erhalten
660 3805 690 3861 in
706 3805 809 3878 Vogels
826 3805 1020 3862 Colleetaneen
1038 3807 1063 3864 V
1082 3807 1125 3864 Bl.
1144 3813 1193 3866 488
1211 3808 1259 3882 fg,
1278 3809 1357 3864 nicht
1374 3809 1466 3866 besser
1481 3811 1523 3868 als

98 3895 145 3952 die
163 3894 281 3966 librigen
297 3890 479 3949 Absehriften
495 3891 584 3946 dieser
602 3889 757 3946 Sammlers.
785 3890 841 3944 Ein
857 3890 963 3945 Datum
980 3890 1017 3946 ist
1035 3892 1166 3962 nirgends
1184 3893 1352 3966 angegeben,
1368 3895 1441 3950 doch
1457 3897 1523 3951 wird

98 3980 152 4035 das
175 3977 247 4034 Jahr
271 3983 335 4035 1543
359 3977 468 4033 keinsm
486 3974 597 4030 Zweifel
623 3974 802 4046 unterliegen.
837 3974 891 4028 Am
916 3979 955 4032 18.
977 3974 1047 4031 Jnni
1066 3981 1131 4033 1543
1157 3977 1274 4049 erfolgte
1297 3977 1341 4032 die
1360 3979 1524 4051 Uebergabe
1547 4015 1549 4020 .

97 4065 149 4120 des
163 4063 325 4119 Paulinuma
344 4079 380 4118 an
396 4061 442 4116 die
458 4059 631 4118 Universitdt
648 4059 734 4129 (Acta
750 4059 898 4114 Rectorem
920 4063 974 4130 118,
993 4063 1026 4116 14
1042 4059 1094 4132 fg.)
1113 4060 1169 4115 und
1188 4059 1280 4134 gleich
1295 4062 1399 4116 darauf
1413 4063 1524 4120 wurden

97 4149 146 4205 die
164 4155 217 4204 tres
230 4147 375 4220 praesides
392 4145 449 4201 und
467 4151 586 4216 qnatnm
604 4150 743 4198 atratorea
767 4141 893 4214 gewithlt,
921 4142 992 4197 auch
1010 4145 1044 4199 de
1061 4162 1154 4200 massa
1174 4147 1310 4200 communi
1326 4147 1432 4202 utiliter
1448 4147 1524 4203 insti-

98 4235 210 4304 tuenda,
227 4235 262 4289 de
279 4233 389 4288 amnas
405 4228 643 4287 contubernalibus
652 4229 818 4297 scrutandis
834 4226 984 4300 gehandelt
1000 4227 1133 4299 (ebenda3
1150 4229 1206 4301 vgl.
1225 4233 1283 4298 101,
1301 4234 1334 4285 41
1350 4229 1409 4305 fg).
1427 4229 1455 4288 S.
1469 4237 1525 4303 191,

97 4324 132 4376 43
156 4317 242 4374 heiset
263 4333 293 4372 es
310 4317 397 4371 daun:
424 4315 596 4370 sunnon
615 4313 783 4384 consa-iptio
805 4312 948 4368 committa
966 4313 1126 4367 Camerario
1148 4321 1194 4368 est.
1230 4314 1260 4368 Is
1277 4315 1385 4384 perninc
1401 4317 1526 4386 raserit,

95 4403 144 4460 cel
165 4405 197 4458 in
217 4402 395 4472 disciplinam
417 4416 571 4454 numanam
594 4397 637 4451 vel
663 4398 693 4450 in
717 4397 911 4451 habitationen
934 4397 1117 4466 eonadernii,
1141 4405 1294 4467 temperans
1319 4399 1359 4454 itu
1384 4399 1525 4454 maminot

96 4489 252 4558 eamden,
273 4494 304 4540 ut
324 4487 373 4557 qn·
389 4485 525 4540 nunna
546 4481 626 4551 apat,
649 4488 764 4552 satrapae
781 4482 877 4551 tepere
894 4481 1045 4537 videnter.
1063 4521 1095 4536 ..
1122 4479 1239 4535 Condita
1257 4483 1421 4538 affirmant
1436 4491 1526 4537 rector

96 4579 125 4627 et
141 4571 235 4638 Xm'ri,
250 4571 440 4642 protana-tart
455 4569 637 4636 dederantque
653 4567 733 4620 nobis
750 4565 886 4620 audenda
899 4569 1054 4636 praesecto,
1071 4571 1101 4617 ut
1117 4581 1177 4618 cram
1195 4569 1310 4622 caeteris
1326 4569 1439 4640 scriptis
1454 4569 1526 4622 irent

96 4659 141 4712 ud
158 4657 323 4730 principare
354 4653 523 4708 Plantenrnt
546 4651 628 4706 etiam
648 4655 793 4722 praesecto
818 4649 934 4718 mirifice
952 4665 979 4702 ιι.
1002 4667 1025 4703 s.
1041 4664 1074 4702 w.
1110 4646 1179 4702 Dies
1202 4648 1310 4706 subsint
1333 4668 1423 4724 gegeu
1446 4651 1525 4708 Ende

97 4740 161 4797 Jnli
185 4739 342 4814 geschehen
364 4755 400 4792 an
423 4736 490 4792 sein.
524 4735 615 4792 Unter
631 4733 693 4790 dem
715 4739 738 4792 6.
758 4731 912 4789 December
931 4737 994 4790 1543
1012 4731 1079 4785 wird
1097 4730 1172 4786 daun
1190 4734 1327 4791 erwithnt:
1356 4735 1484 4790 Recitata
1500 4742 1526 4790 et

95 4833 205 4883 matta
222 4841 276 4897 per
292 4829 424 4879 rectorem
439 4827 508 4888 eant,
529 4837 599 4890 qaue
614 4820 819 4890 comprobanda
835 4817 965 4888 principi
984 4817 1078 4871 obtata
1093 4824 1193 4872 arente
1208 4823 1335 4889 sanant
1363 4819 1401 4874 Id
1413 4824 1525 4891 sermm

96 4913 132 4966 in
147 4911 291 4966 arfflwrio
307 4906 440 4974 Panno,
458 4904 639 4960 mumanae
653 4903 831 4975 praesidebas
847 4909 874 4957 et
889 4901 1067 4966 araneus,
1083 4918 1185 4972 mapnc
1201 4903 1346 4959 inventitia
1362 4905 1525 4974 frequentia

98 4995 172 5068 (dae.
189 4992 317 5065 10416).
344 4990 416 5048 Vom
432 4989 507 5046 Hofe
523 4991 572 5045 des
589 4988 715 5060 Herzogs
732 4985 863 5041 scheiuen
882 4985 922 5041 sie
940 5002 992 5058 gar
1007 4983 1085 5040 nicht
1101 4984 1202 5042 wieder
1218 4986 1442 5058 aunickgeeandt
1457 5003 1523 5042 wor-

96 5079 156 5136 den
182 5095 222 5134 zu-
243 5078 311 5147 eein,
334 5075 500 5147 wenigstens
526 5072 635 5130 sehrieb
660 5070 690 5129 0.
716 5071 822 5127 Bomer
845 5069 918 5126 noch
942 5071 980 5124 im
1008 5068 1131 5125 sommer
1156 5076 1233 5128 1546:
1267 5071 1377 5126 sana
1400 5071 1524 5126 Paulina

95 5165 191 5220 taem
210 5163 301 5217 adbuc
321 5161 352 5216 in
369 5160 436 5217 anta
456 5159 598 5231 principib
619 5177 637 5213 a
654 5157 772 5214 Brasiai
790 5162 929 5212 rectorum
949 5153 1085 5228 (Sommer
1103 5156 1186 5229 1543).
1222 5156 1302 5211 Haec
1318 5157 1382 5209 dorm
1401 5155 1524 5226 quotidie

171 5262 394 5304 transmarina
410 5261 469 5301 nna
485 5261 559 5300 carr.
576 5261 696 5301 armare.
1319 5246 1356 5308 19
