3788 6078
615 434 666 486 Die
683 433 802 486 Statntsn
824 449 886 484 rom
902 433 984 484 Jahre
1005 432 1077 486 1543.
1499 437 1559 500 575

141 612 310 678 doetrinae
338 615 495 680 coelestis.
544 615 633 696 Quid
663 616 800 703 cogitari
832 617 937 680 maius
969 615 1100 702 potest?
1137 613 1195 696 ¹Sit
1224 615 1324 699 igitur
1352 613 1409 678 illa
1439 612 1561 701 publici

139 714 317 778 testimonii
346 716 546 781 renunciatio
574 715 671 802 plena
695 717 883 801 gravitatis,
904 724 940 779 ut
960 714 1000 781 de
1021 715 1244 800 magnitudine
1266 715 1372 779 oneris
1393 735 1452 778 nos
1473 714 1560 799 cogi·

139 821 209 876 tare
232 814 353 878 caeteri
371 813 562 899 intelligant
605 813 813 896 Reverenter,
833 824 870 879 ut
890 812 933 877 ad
954 836 1056 896 aram,
1074 815 1121 877 ita
1142 812 1291 878 adhunc
1311 812 1449 900 gradum
1470 835 1559 877 acce-

140 910 282 977 dendum
294 921 352 995 est,
374 914 430 999 qui
454 912 549 978 bonis
571 925 602 978 et
622 913 725 978 doctis
748 913 871 979 aditum
893 912 1027 1000 praebet
1046 913 1089 979 ad
1110 912 1377 998 gubernationem
1395 911 1559 994 ecelesiae,

139 1033 222 1096 quae
244 1010 351 1076 adfert
372 1015 516 1099 ingentia
538 1015 724 1078 certamina.
1583 1023 1600 1076 5

223 1125 381 1192 Deiectus
404 1128 446 1193 sit
465 1129 566 1213 igitur
587 1129 622 1193 in
643 1128 852 1196 admittendis
873 1131 931 1212 iis,
954 1129 1010 1214 qui
1029 1127 1152 1214 gradus
1173 1139 1301 1216 petunt,
1324 1137 1365 1210 et,
1387 1137 1422 1192 ut
1440 1126 1560 1191 Paulus

144 1229 323 1314 praecipit,
345 1250 386 1292 ne
409 1226 606 1314 quibuslibet
628 1251 743 1293 manus
766 1230 990 1316 imponantur,
1011 1229 1058 1292 ita
1085 1250 1150 1293 non
1176 1226 1324 1292 omnibus
1346 1225 1562 1314 impertienda

140 1326 223 1392 haec
242 1327 437 1409 testimonia,
459 1349 541 1412 quae
562 1337 648 1392 certe
669 1327 756 1394 bona
776 1327 973 1394 conscientia
993 1326 1119 1391 idoneis
1139 1336 1263 1391 tantum
1285 1324 1456 1391 tribuenda
1478 1335 1561 1390 sunt.

141 1425 253 1506 Quare
274 1449 338 1491 non
361 1439 435 1492 sunt
457 1427 648 1492 admittendi
670 1427 713 1492 ad
734 1427 857 1513 gradus
875 1427 1026 1490 fascinati
1047 1427 1159 1513 pravis
1180 1425 1394 1513 opinionibus,
1415 1447 1560 1512 pugnan-

138 1524 226 1590 tibus
252 1522 282 1613 [5
290 1523 316 1614 ¹²]
340 1549 412 1591 cum
440 1526 590 1593 doctrina
619 1526 827 1593 ecclesiarum
853 1535 1053 1607 nostrarum3
1079 1525 1156 1588 item
1177 1523 1256 1588 nulli
1277 1523 1466 1589 admittendi
1488 1535 1562 1589 sunt
1571 1535 1603 1590 10

139 1625 295 1708 infames,
323 1624 403 1691 nulli
425 1627 615 1691 manifestae
637 1628 825 1692 scortationi
847 1624 965 1707 dediti,
988 1624 1045 1689 red
1067 1626 1132 1689 sint
1152 1646 1257 1689 mores
1280 1645 1406 1706 eorum,
1429 1625 1482 1712 qui
1504 1623 1560 1688 ad·

139 1725 313 1789 mittuntur
333 1725 376 1790 ad
396 1725 529 1811 gradus,
551 1725 689 1792 modesti
712 1737 743 1790 et
764 1727 855 1807 casti,
877 1733 913 1789 ut
934 1723 974 1788 de
996 1725 1152 1811 episcopo
1170 1724 1332 1810 praecipit
1349 1723 1479 1788 Paulus.

228 1840 339 1921 Quare
361 1852 393 1907 et
411 1841 562 1907 honestos
582 1843 727 1923 maritos,
749 1841 803 1929 qui
825 1839 991 1904 doctrinae
1013 1839 1251 1904 ecclesiasticae
1273 1860 1307 1903 se
1329 1837 1497 1924 dederunt,
1520 1839 1562 1905 ad

141 1963 254 2006 omnes
286 1940 410 2026 gradus
439 1940 567 2006 admitti
597 1941 797 2006 mandamus.
850 1939 1006 2003 Liberum
1033 1940 1130 2003 etiam
1156 1940 1198 2003 sit
1226 1937 1368 2003 honestis
1390 1939 1484 2022 viris,
1507 1940 1562 2026 qui

141 2050 217 2104 ante
229 2040 369 2126 gradum
388 2039 527 2106 coelibes
546 2041 682 2122 fuerunt,
703 2051 818 2127 postea
836 2039 1021 2124 coniugium
1037 2039 1128 2102 iuxta
1140 2037 1358 2104 Christianam
1382 2038 1562 2104 doctrinam
1572 2051 1603 2106 15

139 2139 347 2221 contrahere3
371 2142 419 2205 sie
436 2141 544 2221 etiam,
566 2149 693 2204 mortua
709 2159 821 2220 uxore,
844 2135 941 2201 aliam
961 2136 1087 2202 ducere.
1127 2137 1195 2201 Nec
1215 2149 1340 2202 veteres
1361 2137 1401 2202 de
1423 2137 1562 2203 celibatu

139 2239 230 2325 leges
245 2249 279 2303 et
292 2239 424 2303 vincula
439 2237 514 2302 ullis
531 2240 738 2324 imponimus,
760 2259 842 2324 quae
866 2235 974 2300 multis
997 2235 1129 2300 exitium
1151 2235 1327 2302 attulerunt
1346 2247 1378 2302 et
1397 2239 1430 2301 in
1451 2235 1561 2303 multis

139 2337 361 2403 mediocribus
396 2337 636 2425 impediverunt
664 2359 776 2401 veram
805 2336 1043 2400 invocationem
1073 2334 1141 2416 dei,
1172 2338 1265 2424 quia,
1294 2335 1397 2402 donee
1431 2347 1562 2402 manent

142 2438 363 2502 conscientiae
385 2435 532 2519 vulnera,
553 2460 617 2501 non
640 2446 745 2523 potest
765 2457 844 2499 vera
865 2434 935 2497 fieri
956 2435 1135 2516 invocati03
1165 2445 1199 2500 at
1219 2436 1357 2500 iniustae
1377 2435 1452 2502 illae
1471 2437 1560 2524 leges

142 2536 281 2602 subinde
311 2536 447 2601 vulnera
474 2536 555 2600 haec
581 2533 787 2600 refricabant
841 2532 1029 2618 Intelligant
1057 2534 1164 2619 potius
1194 2533 1341 2600 doctores
1369 2535 1603 2622 theologiae,20

141 2637 329 2722 coniugium
340 2634 483 2700 mirabili
496 2646 528 2700 et
539 2632 695 2699 ineffabili
713 2632 770 2698 dei
791 2631 926 2698 consilio
950 2631 1134 2697 ordinatum
1157 2657 1227 2698 esse
1248 2633 1291 2698 ad
1312 2635 1562 2700 consociandum

139 2749 171 2801 et
186 2735 443 2821 coniungendam
462 2757 566 2820 genus
579 2734 753 2798 humanum
776 2744 808 2797 et
828 2731 871 2796 ad
891 2732 1169 2796 conservationem
1190 2732 1353 2802 ecclesiae.
1389 2733 1434 2798 Et
1448 2736 1562 2817 sciant,

140 2835 203 2900 hoc
225 2857 327 2920 genus
349 2836 438 2900 vitae
458 2834 519 2898 deo
542 2833 672 2919 placere
694 2831 840 2898 ethonis
865 2829 1008 2896 scholam
1030 2853 1100 2895 esse
1122 2831 1293 2897 multarum
1314 2835 1480 2898 virtutum.

767 3047 936 3095 DEOANUS.

748 3166 854 3231 Caput
884 3167 955 3217 XVI.
1570 3175 1603 3232 25

225 3283 355 3370 Negant
370 3285 513 3348 rationes
537 3281 659 3369 aliquot
681 3290 777 3367 atque
799 3279 950 3367 exempla
969 3279 1108 3344 aliarum
1127 3281 1374 3346 universitatum
1396 3281 1562 3347 scholasti-v

140 3407 254 3448 carum
287 3393 318 3447 et
345 3383 517 3470 tyrannica
541 3380 700 3468 foedaque
727 3378 920 3443 documenta
949 3380 1152 3465 superiorum
1181 3389 1378 3465 temporum,
1404 3391 1561 3467 perpetuo

139 3487 237 3548 unius
261 3481 376 3546 decani
397 3483 474 3567 iugo
494 3481 680 3546 facultatem
703 3480 816 3565 premi.
857 3479 980 3543 Icoirco
1002 3480 1044 3542 sit
1064 3476 1236 3565 deinceps,
1258 3481 1367 3544 statim
1389 3482 1562 3544 constituto

139 3582 290 3668 collegio,
313 3580 367 3645 ille
390 3603 514 3646 annuus
537 3579 649 3644 ordine
671 3600 713 3643 ex
735 3577 971 3664 professoribus
993 3577 1033 3642 de
1053 3576 1216 3659 facultate,
1238 3586 1269 3642 et
1290 3577 1427 3664 eligatur
1445 3581 1562 3668 postri-

140 3683 196 3748 die
218 3704 317 3768 quam
339 3690 445 3746 rector
467 3681 631 3765 suffragiis
653 3676 799 3764 collegii,
830 3700 869 3742 ac
887 3701 962 3744 mox
984 3679 1163 3765 promittat,
1184 3676 1235 3741 his
1255 3699 1290 3742 se
1310 3676 1438 3764 legibus
1460 3680 1605 3744 omni-ao

137 3784 218 3864 bus,
253 3801 334 3868 quas
365 3781 600 3860 recensuimus,
634 3777 947 3865 obtemperaturum,
980 3801 1040 3843 nec
1072 3777 1150 3843 alibi
1182 3787 1307 3842 coetum
1335 3779 1563 3862 magistrorum

142 3881 274 3968 collegii
302 3878 476 3964 theologici
504 3901 599 3964 quam
628 3879 662 3941 in
691 3877 859 3963 collegium
889 3879 994 3942 maius
1016 3901 1051 3942 se
1074 3900 1145 3944 esse
1174 3885 1435 3942 convocaturum.
1477 3877 1564 3942 Huic

138 3981 349 4048 conmittatur
380 3976 531 4065 sygillum
550 3976 733 4058 facultatis,
760 3979 901 4042 rationes
923 3987 955 4041 et
975 3977 1058 4042 liber
1081 3975 1247 4064 publicus,
1277 3977 1311 4040 in
1340 3997 1403 4063 quo
1432 3978 1564 4042 nomina

141 4081 343 4165 collegarum
365 4087 396 4141 et
416 4099 542 4157 eorum,
564 4077 620 4164 qui
640 4078 674 4141 in
694 4076 757 4141 hac
778 4075 889 4142 schola
909 4076 1039 4162 publico
1061 4075 1246 4140 testimonio
1266 4074 1425 4160 gradibus
1446 4077 1562 4159 ornati,

139 4180 327 4269 perscripta
354 4186 437 4241 sunt.
478 4175 524 4240 Et
548 4176 683 4257 viderit,
706 4185 742 4240 ut
766 4177 949 4241 testimonia
977 4174 1143 4240 doctrinae
1170 4183 1202 4238 et
1229 4195 1370 4256 morum,
1394 4196 1478 4263 quae
1505 4178 1604 4243 tri-ao

138 4280 284 4345 buuntur
304 4278 431 4340 vocatis
453 4274 496 4339 ad
518 4276 699 4340 ministeria
719 4275 940 4340 ecclesiastica
965 4282 997 4338 et
1017 4273 1177 4338 interdum
1200 4271 1413 4359 obsignantur
1434 4274 1564 4361 publico

138 4376 269 4466 sygillo,
293 4375 410 4440 dennrr
431 4374 603 4440 bonafide
624 4396 685 4438 nec
705 4377 789 4439 citra
812 4395 1003 4440 consensum
1024 4373 1167 4438 melioris
1187 4373 1292 4459 partis
1314 4372 1355 4437 de
1374 4374 1518 4440 consilio.

222 4492 274 4558 Ac
297 4490 393 4556 debet
413 4493 500 4557 intra
522 4491 591 4558 dies
616 4490 859 4579 quatuordeeim
889 4489 1032 4555 decanus
1060 4491 1237 4555 successori
1263 4491 1422 4556 rationem
1444 4512 1562 4577 expen-

138 4615 252 4662 sarum
273 4601 305 4656 et
327 4602 534 4679 acceptorum
557 4613 665 4657 coram
688 4592 824 4678 collegio
845 4587 981 4654 reddere
1003 4597 1048 4671 et,
1075 4589 1229 4676 quioquid
1259 4598 1309 4655 est
1336 4590 1486 4656 residuae
1507 4611 1561 4676 pe·

137 4696 256 4761 cuniae
275 4713 314 4756 ac
330 4711 448 4774 rerum,
469 4691 518 4756 illi
535 4691 680 4774 tradere3
704 4713 744 4757 ac
764 4701 830 4756 tum
853 4698 884 4754 et
903 4688 1000 4754 fiscus
1021 4689 1140 4775 inspici
1162 4690 1258 4754 etsie
1280 4711 1407 4778 qnoque
1426 4689 1467 4754 de
1487 4699 1604 4755 con-40

142 4792 299 4861 munibus
328 4790 425 4856 rebus
447 4791 621 4856 salubriter
648 4792 784 4856 tractari
812 4797 926 4875 potest
980 4788 1110 4854 Statuta
1134 4788 1283 4854 similiter
1307 4791 1393 4854 intra
1420 4811 1562 4853 mensem

138 4895 231 4980 legat
253 4891 396 4956 decanus
418 4911 528 4956 coram
549 4888 698 4955 omnibus
721 4888 923 4971 doctoribus,
950 4888 1128 4973 designatis
1151 4899 1183 4953 et
1203 4887 1435 4954 baccalaureis.
1478 4887 1562 4953 Tum

137 5003 182 5074 et,
203 4994 231 5056 si
246 4991 324 5078 quid
339 4992 490 5056 inciderit
512 4987 708 5057 difficultatis
730 4999 787 5054 aut
808 4990 1041 5074 quaestionum,
1063 4989 1212 5053 conmuni
1232 4985 1367 5054 consilio
1386 4985 1563 5074 prudenter

136 5091 327 5160 discutiant
