3788 6078
314 407 375 474 616
811 407 861 460 ms
878 409 1064 461 sarcasmos
1082 409 1208 462 vasum

316 611 484 657 renensem
504 590 555 656 vel
583 589 815 682 aequipollens,
837 599 870 656 et
891 613 950 657 aex
971 589 1110 658 florenos
1130 615 1293 676 renenses,
1316 615 1396 684 quos
1419 591 1565 660 dedisset
1586 617 1646 682 pro
1666 617 1733 660 exa·

315 692 416 772 mine,
448 691 476 754 si
507 690 621 756 fnisset
651 689 703 755 hic
735 699 916 779 promotus,
948 689 1134 758 doctoribus
1164 691 1280 760 solvat.
1322 693 1404 758 Item
1433 691 1515 758 duos
1543 692 1734 760 florenosin

314 813 393 856 auro
415 811 567 855 renenses
587 789 666 856 fisco
688 790 850 856 facultatis
874 789 983 855 statim
1005 799 1165 856 numeret.
1205 791 1278 858 Non
1300 791 1396 858 debet
1418 792 1517 856 etiam
1546 791 1663 879 aliquia
1685 817 1734 860 ex·

315 901 446 955 maneus
468 887 700 955 baccalaureus
722 889 902 956 medicinae
924 887 1052 954 adsumi
1073 888 1116 955 ad
1136 899 1283 956 nostram
1304 889 1494 956 facultatem
1516 890 1612 958 buius
1633 892 1735 975 studii,

273 998 290 1052 5
315 988 377 1053 nisi
400 989 490 1076 prins
511 987 700 1054 matriculae
720 988 941 1055 universitatis
962 987 1061 1053 fuerit
1081 989 1258 1077 inscriptus
1279 999 1312 1056 et
1333 990 1446 1056 decem
1470 1013 1603 1078 grossos
1624 993 1736 1058 rectori

313 1098 461 1175 tempore
481 1088 716 1176 adsumptionis
739 1091 864 1175 integre
887 1087 1028 1154 solverit.
1067 1087 1112 1153 Et
1137 1088 1199 1154 boc
1229 1089 1326 1154 etiam
1352 1089 1551 1177 intelligatur
1579 1090 1620 1156 de
1647 1090 1735 1158 licen·

315 1187 407 1252 tiatis
430 1195 462 1252 et
482 1185 669 1252 doctoribus
691 1185 770 1253 alibi
791 1189 948 1275 promotis
971 1187 1076 1254 ethic
1099 1187 1316 1254 adsumendis.

398 1291 427 1354 3.
448 1285 618 1352 Promotus
646 1287 680 1351 in
708 1287 956 1353 baocalaureum
978 1287 1158 1354 medicinae
1183 1289 1219 1354 in
1246 1287 1312 1354 alia
1339 1289 1560 1372 universitate,
1589 1290 1736 1356 affectam

320 1387 423 1473 recipi
445 1383 488 1450 ad
508 1384 695 1452 facultatem
715 1397 870 1474 tanquam
890 1384 1133 1469 baccalaureus,
1154 1385 1316 1453 tenebitur
1337 1399 1412 1454 ante
1433 1390 1551 1473 omnia,
1571 1399 1737 1478 antequam

274 1495 308 1552 10
318 1486 504 1573 recipiatur,
533 1484 650 1552 docere
680 1484 720 1550 de
742 1509 800 1551 suo
828 1483 1078 1552 baccalaureatu
1107 1508 1167 1574 per
1188 1487 1383 1552 autenticam
1405 1509 1513 1570 suam3
1543 1487 1660 1554 deinde
1682 1489 1737 1554 snb

315 1583 424 1672 aliquo
453 1583 585 1652 doctore
614 1583 843 1652 determinabit
871 1586 1092 1672 quaestionem
1113 1585 1348 1669 medicinalem,
1376 1585 1420 1652 ad
1447 1609 1546 1673 quam
1567 1587 1736 1676 responde·
1864 1591 1865 1604 ¹

313 1683 362 1749 bit
389 1683 494 1750 eidem
522 1685 647 1752 doctori
673 1695 711 1752 et*
731 1683 804 1750 aliis
833 1683 1012 1750 medicinae
1040 1683 1264 1752 baccalaureis
1293 1687 1341 1751 et¹
1371 1685 1573 1754 scholaribus
1605 1707 1737 1775 arguere
1864 1731 1865 1736 κ

315 1781 508 1850 volentibus.

396 1889 424 1952 4.
451 1883 533 1950 Item
564 1883 685 1950 iurabit
714 1881 966 1966 baccalaureus,
996 1883 1030 1948 in
1061 1884 1128 1950 alia
1158 1885 1371 1952 universitate
1403 1895 1583 1974 promotus,
1619 1885 1737 1952 decano
1864 1921 1865 1924 ¹

274 1991 305 2048 15
313 1982 477 2050 facultatis
499 1983 644 2051 medicae
666 1984 726 2050 sub
749 1983 897 2072 sequenti
916 1984 1038 2050 forma:

910 2134 1148 2184 manarunt.

394 2233 487 2320 „Ego
517 2235 563 2302 .N.
595 2235 668 2298 iuro
696 2233 790 2300 vobis
820 2233 943 2300 decano
972 2235 1154 2322 vestrisque
1187 2231 1430 2298 successoribus
1461 2232 1680 2300 obedientiam
1709 2243 1739 2300 et

311 2335 527 2399 reverentiam
548 2332 700 2398 inlicitis
722 2342 755 2399 et
775 2333 929 2414 honestis,
955 2341 988 2397 et
1013 2331 1097 2398 velle
1119 2354 1297 2420 procurare
1318 2331 1438 2397 bonum
1465 2332 1632 2399 facudtatis
1657 2335 1737 2400 eius-

312 2432 395 2515 dem,
423 2434 471 2498 et²
494 2431 675 2515 statuenda,
703 2455 787 2519 quae
809 2444 882 2497 suut
910 2441 943 2496 et
967 2441 1061 2498 erunt
1087 2454 1147 2519 pro
1174 2431 1259 2496 bono
1287 2430 1451 2496 facultatis
1478 2431 1664 2521 approbata
1690 2433 1737 2498 vel
1864 2453 1865 2512 3

269 2530 537 2619 toapprobanda,
558 2553 618 2619 pro
640 2554 737 2619 posse
759 2553 841 2614 meo,
862 2530 905 2596 ad
928 2551 1151 2618 quemcunque
1173 2538 1292 2596 statum
1314 2529 1482 2596 devenero.
1514 2531 1569 2597 Sic
1590 2555 1643 2597 me
1663 2531 1737 2598 deus

313 2629 447 2696 adiuvet
468 2641 500 2698 et
523 2640 635 2696 sancta
657 2632 725 2696 eius
748 2630 948 2717 evangelia“

402 2780 580 2848 Tenebitur
603 2781 700 2847 etiam
721 2778 955 2847 baccalaureus
984 2778 1062 2845 alibi
1090 2789 1267 2868 promotus,
1295 2781 1372 2866 quia
1400 2780 1558 2847 scholaris
1586 2793 1736 2864 oeusetrur,

313 2880 499 2947 doctoribus
520 2880 666 2946 eiusdem
693 2879 856 2946 facultatis
884 2891 1030 2967 tempore
1052 2880 1243 2965 congruenti
1269 2889 1301 2944 et
1328 2878 1400 2946 loco
1427 2879 1572 2946 debitam
1595 2903 1736 2948 reveren·

313 2981 394 3047 tiam
416 2991 449 3046 et
470 2980 624 3047 honorem
646 2979 845 3067 impendere.

270 3152 305 3212 tt
758 3143 820 3232 [Bl.
840 3144 893 3236 6.]
915 3164 1114 3214 messmam
1136 3163 1299 3212 exuram.

770 3283 876 3348 Caput
894 3285 1010 3336 XVlll.
1037 3285 1108 3348 (Vgl.
1127 3285 1150 3333 ἰ,
1171 3282 1208 3333 St.
1228 3283 1281 3342 3¹1.)

394 3397 606 3480 Licentiatus,
628 3398 663 3463 in
684 3397 751 3463 alia
771 3399 983 3462 universitate
1005 3407 1181 3484 promotus,
1204 3395 1248 3462 ad
1274 3409 1418 3462 nostram
1438 3396 1626 3464 facultatem
1647 3398 1734 3464 buius

312 3496 411 3562 studii
432 3497 633 3585 adsumptus,
655 3496 747 3563 dabit
768 3495 898 3562 famulis
919 3497 1140 3562 universitatis
1163 3495 1243 3562 duos
1263 3495 1402 3563 florenos
1425 3519 1578 3562 reuenses
1597 3507 1735 3585 tempore

312 3619 390 3662 suae
409 3597 658 3684 adsumptionis.
701 3596 845 3662 Tenetur
866 3597 963 3662 etiam
990 3593 1131 3684 probare
1152 3617 1212 3682 per
1236 3617 1329 3662 suam
1354 3599 1562 3682 autenticam,
1588 3619 1625 3662 se
1646 3595 1734 3662 licen·

270 3697 429 3763 totiamm
449 3697 483 3761 in
504 3696 674 3762 medicinis
696 3717 775 3760 esse.

397 3795 441 3862 Et
471 3797 637 3884 promittat
668 3797 762 3860 iuxta
790 3796 902 3883 priora
934 3803 1055 3860 statuta
1084 3792 1124 3858 de
1153 3790 1376 3860 baccalaureis
1406 3797 1567 3878 externis,
1599 3821 1634 3864 se
1660 3795 1735 3862 velle

315 3915 491 3983 procurare
512 3893 633 3960 bonnm
660 3894 823 3961 facultatis
852 3893 1007 3976 medicae,
1035 3891 1078 3957 ad
1105 3915 1326 3982 quemcunque
1354 3903 1472 3960 statum
1499 3894 1680 3981 devenerit,
1707 3907 1735 3960 et
1864 3931 1865 3958 t

315 3993 391 4076 alia,
413 4016 497 4080 quae
518 4004 714 4060 concernunt
734 3993 889 4060 bonorem
910 4003 943 4058 et
962 3992 1083 4058 bonum
1106 4001 1225 4058 statum
1245 3991 1389 4060 eiusdem
1410 3993 1585 4060 facultatis.
1607 3997 1651 4064 Et
1669 3996 1733 4063 loeo

314 4103 346 4158 et
367 4103 511 4180 tempore
542 4095 732 4180 congruenti
751 4095 849 4158 etiam
872 4091 995 4160 decano
1016 4091 1215 4180 reliquisque
1243 4090 1429 4160 doctoribus
1457 4093 1623 4161 facultatis
1649 4119 1733 4162 reve·

272 4193 453 4260 ttreutiam
474 4216 514 4258 ac
536 4190 679 4258 debitum
705 4193 860 4259 honorem
885 4191 1062 4281 inpendere
1085 4190 1190 4257 debet
1231 4189 1388 4279 Adeoque
1408 4192 1580 4260 duodecim
1603 4195 1733 4260 florenos

318 4289 504 4359 doctoribus
526 4315 740 4380 promouere
760 4289 852 4358 dabit
874 4291 909 4358 in
930 4314 1020 4359 auro.

842 4475 1028 4526 Doctorum
1049 4475 1214 4524 exram.

794 4595 899 4660 Caput
917 4595 996 4648 x1x.
1015 4595 1086 4659 (Vgl.
1105 4597 1128 4644 ἰ.
1148 4592 1186 4642 St.
1205 4591 1259 4656 ³8.)

403 4717 428 4776 1.
449 4709 632 4777 Medicinae
652 4711 765 4777 doctor
786 4721 948 4794 externus,
974 4711 1008 4775 in
1029 4707 1095 4774 alia
1116 4709 1286 4774 academia
1307 4719 1491 4794 coronatus,
1513 4711 1540 4777 si
1564 4710 1732 4798 desyderat

276 4819 312 4875 to
321 4809 424 4898 recipi
445 4809 489 4875 ad
510 4810 706 4892 facultatem,
734 4811 839 4897 primo
861 4808 957 4876 debet
978 4809 1093 4876 docere
1116 4831 1175 4896 per
1198 4811 1394 4875 autenticam
1414 4831 1516 4893 suam,
1538 4811 1656 4900 inqua
1673 4831 1730 4874 mo

318 4907 379 4974 dus
402 4932 481 4975 suae
504 4910 715 4997 promotionis
738 4911 927 4992 continetur,
950 4907 991 4974 de
1012 4907 1183 4974 doctoratu
1204 4930 1273 4974 suo.

399 5098 409 5148 t
429 5099 455 5146 et
470 5089 547 5147 fehlt.
582 5088 697 5146 2Aucb
714 5087 774 5145 hier
789 5088 827 5144 ist
844 5095 1017 5147 ceromata
1034 5089 1219 5162 aaegelasaem
1242 5089 1307 5161 vgt
1319 5087 1508 5148 dieStatutsn
1517 5107 1574 5146 ron
1590 5095 1652 5148 titt
1668 5091 1729 5157 tit.
