3758 6072
548 420 632 470 Dritta
653 419 918 482 Statatcaradactian,
937 436 990 474 rou
1009 420 1207 477 laub-1490.
1526 432 1588 494 407

166 617 263 684 quam
284 595 478 664 baccalariis
500 599 615 666 dicbus
637 601 808 670 dominicis
828 603 880 671 vel
903 614 998 670 extra
1020 605 1270 694 disputantibus.
1303 605 1464 673 Adminus
1478 617 1587 676 tamea

164 694 215 760 bis
235 695 279 762 ad
300 706 410 784 partes
431 699 629 787 principales
652 711 683 766 et
704 713 818 790 quater
841 703 884 770 ad
906 715 1016 794 partes
1040 707 1146 772 minus
1171 705 1370 794 principales
1392 717 1518 772 tenetur
1540 708 1586 774 eis

162 794 379 882 respondisse.
422 797 487 878 Qui
503 800 532 864 si
551 798 731 888 disputanti
750 802 791 868 de
809 802 871 870 boc
891 827 957 870 non
977 805 1090 870 fecerit
1108 805 1245 872 verbnm
1268 806 1320 872 vel
1341 806 1460 872 absens
1480 807 1586 891 fuerit,
1702 807 1708 822 '

163 893 338 962 dummodo
365 897 428 962 sibi
456 911 682 984 argumentum
712 905 922 990 proponitur,
954 903 1006 970 vel
1037 926 1058 968 a
1090 905 1251 994 principio
1281 927 1384 995 usque
1416 905 1459 970 ad
1489 906 1587 972 finem

162 992 394 1083 disputationis
415 1020 480 1064 non
502 1003 732 1086 permanserit,
754 1004 823 1068 sine
852 1025 952 1068 causa
978 1003 1165 1070 rationabili
1192 1005 1394 1088 recedendo,
1415 1007 1584 1093 responsio
1610 1015 1628 1070 5

164 1092 252 1178 talis,
274 1096 343 1162 sive
359 1097 549 1185 principalis
562 1102 631 1166 sive
647 1102 753 1168 minus
770 1103 962 1191 principalis
979 1105 1086 1186 buerit,
1107 1127 1173 1170 non
1193 1103 1290 1171 debet
1309 1104 1373 1171 sibi
1393 1107 1585 1192 computari.

483 1272 511 1334 7.
540 1285 588 1332 DE
609 1285 924 1338 DISPUTATIOMBUS
942 1287 1266 1337 PROMOVENDORUM.

787 1408 848 1472 Vgl.
866 1409 898 1472 X,
919 1407 959 1460 li.

247 1513 327 1578 Item
338 1513 446 1580 nullus
464 1515 509 1582 ad
529 1541 667 1586 examen
687 1519 925 1588 baccalariatus
947 1523 981 1588 in
1003 1521 1127 1588 artibus
1149 1521 1348 1603 admittatur,
1370 1522 1434 1586 nisi
1454 1523 1487 1588 in
1508 1545 1583 1588 con·

160 1613 302 1678 sciencia
316 1637 375 1680 sua
389 1614 487 1698 dicat,
508 1619 596 1706 quod
618 1621 652 1684 in
673 1621 808 1706 triginta
829 1621 1105 1709 disputationibus
1127 1621 1311 1702 ordinariis,
1332 1623 1581 1708 tammagistro·
1593 1633 1625 1689 10

158 1735 233 1778 rum
253 1734 350 1798 quam
372 1713 648 1802 baccalariorum,
669 1743 824 1806 praesens
844 1722 942 1786 fuerit
962 1731 1029 1787 tam
1050 1721 1122 1804 diu,
1142 1721 1245 1786 donec
1270 1721 1419 1786 adruinus
1442 1721 1584 1809 quinque

158 1811 309 1898 magistri
332 1824 390 1880 aut
409 1813 588 1884 baccalarii
611 1819 802 1906 arguebant,
825 1823 853 1886 si
875 1820 989 1886 saltam
1010 1831 1059 1888 tot
1076 1821 1124 1887 ibi
1144 1822 1264 1888 lirennt
1286 1829 1469 1907 arguentes.

632 1994 662 2057 8.
690 2004 738 2054 nn
762 2005 908 2054 arsurus
927 2007 963 2054 nr
984 2005 1116 2056 suasu.

782 2125 842 2188 vgr.
859 2125 894 2190 x,
914 2123 955 2176 ιι.

240 2229 323 2295 Item
343 2230 451 2298 nullus
472 2233 663 2302 admittatur
685 2236 727 2303 ad
749 2261 886 2304 examen
913 2261 974 2327 pro
993 2235 1107 2325 'gradu
1125 2236 1364 2304 baccalariatus
1385 2239 1419 2302 in
1443 2237 1578 2322 artibus,
1591 2249 1620 2303 tt

156 2327 220 2392 nisi
241 2329 275 2394 in
295 2329 441 2418 collegiis
464 2345 520 2398 aut
540 2334 646 2402 bursis
670 2359 690 2401 a
710 2336 864 2404 facultate
885 2338 1077 2426 approbabo
1098 2339 1247 2404 continue
1269 2337 1394 2403 steterit
1414 2336 1524 2425 ibique
1546 2337 1581 2402 in

156 2426 340 2495 scolasticis
356 2431 484 2498 actibus
497 2432 706 2520 latinizando,
729 2437 894 2524 arguendo
912 2448 943 2504 et
956 2435 1184 2525 respondendo
1201 2437 1394 2524 diligencius
1412 2439 1447 2503 in
1465 2436 1578 2502 ordine

156 2547 216 2592 suo
237 2550 272 2592 se
294 2531 531 2610 exercitaverit,
552 2543 725 2623 ceteraque
747 2537 874 2623 collegii
896 2548 953 2604 aut
971 2537 1091 2603 bursae
1110 2539 1193 2620 iura,
1214 2546 1250 2602 ut
1270 2559 1366 2602 verus
1386 2535 1574 2624 inquilinus,

155 2647 216 2712 per
246 2649 281 2692 se
307 2633 460 2696 tenuerit:
494 2634 559 2698 nisi
585 2633 671 2702 filius
697 2637 838 2703 civitatis
866 2637 978 2721 fuerit,
1007 2636 1059 2702 vel
1087 2637 1169 2704 alias
1197 2636 1279 2702 adeo
1306 2634 1500 2702 habundans
1526 2635 1578 2701 vel

155 2726 312 2793 notabilis
326 2729 433 2814 fuerit,
455 2731 542 2819 quod
563 2733 693 2801 domum
713 2738 880 2825 propriam
902 2746 1011 2803 tenera
1033 2745 1064 2802 st
1084 2757 1246 2824 expensas
1268 2735 1419 2823 proprias
1442 2743 1622 2800 unacumto

155 2828 316 2913 magistro
337 2829 390 2894 vel
411 2830 619 2900 informatura
641 2837 778 2923 poterit,
799 2835 851 2901 vel
880 2845 1071 2923 paupertate
1099 2845 1255 2923 gravmus
1283 2834 1454 2901 serviendo
1483 2833 1580 2900 alicui

156 2928 316 3012 magistro
339 2929 392 2994 vel
413 2929 493 2998 abbi
514 2955 676 3021 expensas
695 2937 730 3001 in
751 2945 819 3002 toto
839 2934 892 3001 vel
911 2958 972 3022 pro
993 2935 1165 3002 medietate
1186 2936 1306 3022 poterit
1326 2933 1448 3000 babere
1467 2935 1579 3020 gratis.

153 3025 210 3090 De
232 3048 295 3113 quo
317 3025 415 3095 fidem
436 3031 582 3098 facultati
605 3032 665 3100 sub
689 3058 747 3100 auo
768 3037 947 3102 iuramento
969 3058 1029 3123 per
1050 3033 1131 3100 duos
1156 3036 1245 3100 viros
1266 3033 1429 3121 ydoneos,
1459 3033 1577 3120 quibus

154 3125 220 3192 boo
240 3136 378 3212 constat,
398 3140 455 3196 aut
476 3154 536 3220 per
556 3131 623 3199 alia
643 3133 802 3220 legittima
822 3135 1016 3200 documenta
1035 3134 1144 3199 facere
1165 3143 1322 3200 teneatur.

154 3309 204 3378 9.¹
224 3327 272 3376 us
284 3328 437 3382 nonnos
452 3317 842 3400 sacernanturrnonrnr,²
859 3333 957 3396 quon
968 3332 1075 3383 nonu
1088 3333 1205 3382 asnar
1222 3333 1305 3382 asar
1321 3333 1414 3382 aurs
1432 3325 1617 3384 animat

543 3433 668 3484 norrun
688 3433 760 3482 curs
783 3433 1020 3496 snausurnrus
1042 3416 1192 3483 ιιιιιιυιι.8

776 3553 837 3616 vgr.
853 3553 887 3618 x,
909 3553 949 3604 ιι.

238 3666 320 3732 Item
340 3667 448 3735 nullus
471 3665 660 3733 admittatur
680 3690 740 3755 pro
760 3667 867 3756 gradu
891 3665 1128 3732 baccalariatus
1156 3664 1199 3731 ad
1227 3689 1381 3751 examen,
1408 3665 1471 3732 nisi
1501 3666 1572 3731 atti-

154 3769 241 3856 gerit
269 3789 389 3833 annum
419 3766 579 3832 decimum
608 3769 781 3856 septimam
809 3775 841 3832 et
869 3765 910 3831 de
935 3766 1092 3854 legittimo
1120 3767 1324 3833 matrimonio
1345 3776 1440 3833 natus
1460 3767 1521 3850 sit,
1542 3775 1575 3832 et

161 3865 245 3934 alias
266 3865 412 3933 moribus
432 3866 699 3932 commcndabilis
724 3867 860 3949 existat,
882 3866 929 3931 sic
951 3865 1037 3951 quod
1057 3867 1090 3932 in
1111 3865 1199 3933 nullo
1227 3889 1364 3932 excessu
1388 3865 1524 3933 notabili
1545 3875 1619 3932 etro

155 3969 284 4033 notorio
307 3963 527 4053 deprehensus
549 3967 660 4052 fuerit;
689 3965 776 4055 quod
796 3963 837 4030 de
857 3963 1001 4051 quolibet
1022 3988 1182 4050 seorsum,
1209 3967 1330 4032 scilicet
1350 3965 1391 4032 dc
1412 3973 1518 4031 astate
1541 3975 1573 4030 ct

154 4067 382 4156 legittimitate,
403 4077 478 4132 ante
494 4065 723 4134 admissionem
737 4065 780 4130 ad
794 4087 933 4130 examen
944 4087 1004 4152 per
1016 4065 1174 4132 decanum
1190 4065 1362 4154 diligenter
1383 4066 1574 4154 inquiratur.

156 4167 247 4250 Quos
267 4167 370 4232 eciam
385 4177 417 4232 et
434 4165 632 4256 quemlibett,
649 4167 683 4232 in
699 4164 818 4250 aliquo,
840 4167 1114 4254 utpraemittitur,
1135 4189 1272 4232 excessu
1292 4163 1428 4232 notabili
1449 4165 1574 4230 notorio

156 4265 368 4355 culpabilem,
391 4265 527 4356 quilibet
546 4267 776 4354 magistrorum
805 4267 911 4331 sciens
940 4264 1154 4332 denuncciare
1180 4275 1212 4331 et
1237 4264 1396 4356 impedire
1416 4271 1576 4353 potestat

156 4375 291 4432 tenebar.
333 4365 402 4432 Nec
418 4367 520 4432 eciam
536 4365 611 4431 talis
629 4367 663 4430 in
679 4373 845 4454 posterum
866 4361 1155 4453 admitt[16⁸]atur,
1177 4367 1240 4431 nisi
1261 4365 1342 4431 adeo
1362 4362 1615 4431 laudabilitartt

156 4475 189 4532 et
208 4466 352 4531 virtuose
374 4488 410 4531 se
429 4467 567 4548 rexerit,
589 4464 677 4554 quod
697 4487 738 4532 ex
758 4475 925 4530 transacta
946 4465 1092 4531 virtuosa
1112 4467 1183 4531 eius
1204 4466 1273 4530 vita
1298 4463 1338 4529 de
1364 4463 1572 4551 subsequenti

157 4566 226 4631 aius
255 4566 503 4632 conversatione
532 4564 690 4631 laudabili
728 4575 964 4652 praesumatur.
1028 4565 1072 4630 Et
1106 4564 1204 4630 talem
1235 4587 1405 4630 excessum
1437 4563 1573 4630 facultas

157 4665 281 4730 arcium
302 4673 433 4754 reputat
452 4663 629 4731 notabilem
651 4672 683 4729 et
702 4665 879 4748 notorium,
902 4663 943 4729 de
969 4687 1032 4752 quo
1059 4687 1119 4752 per
1147 4674 1305 4731 rectorem
1333 4671 1366 4728 ct
1392 4683 1572 4730 assessores

242 4869 254 4920 l
275 4863 356 4921 Naob
372 4865 421 4920 der
436 4866 550 4922 radten
566 4861 816 4920 labaltaribersicht
832 4881 882 4920 vor
898 4861 1014 4934 Anfang
1032 4862 1081 4918 der
1098 4863 1228 4920 Statuten
1250 4861 1366 4934 beginnt
1389 4861 1449 4918 bier
1471 4862 1572 4919 busita

155 4945 306 5005 Abschnitt
328 4949 380 5020 IX,
405 4947 1137 5020 naabdsrcrathebersicbtdagegsnarstnaeh
1157 4946 1178 5024 ξ
1200 4954 1239 5006 ta.

242 5037 258 5088 2
275 5033 460 5091 Gschriebsn
478 5032 552 5090 steht
568 5033 797 5089 bwcalnrianaa.

241 5119 370 5178 ³Damit
384 5119 446 5176 sind
461 5118 508 5176 die
524 5115 672 5190 folgenden
691 5121 707 5173 3
723 5119 792 5176 lauru
808 5118 930 5194 gemeint
945 5115 1021 5190 (incl.
1039 5114 1104 5192 §10
1122 5135 1149 5175 ιι.
1167 5119 1218 5190 11).
