3762 6074
514 515 600 568 Achte
624 517 1075 578 lmumnredscuon,von.1·hre
1098 519 1168 572 1558.
1493 519 1554 585 529

210 697 304 764 Nunc
324 698 477 786 deinceps
498 701 622 785 egreau
643 699 741 782 foras,
766 697 887 785 singuli
907 698 1015 764 vocati
1037 697 1142 762 denno
1163 697 1399 784 ingrediemini,
1422 711 1454 765 et
1473 657 1554 788 peti·

125 800 247 863 tionem
279 820 371 862 suam
405 799 541 886 quisque
571 797 768 886 explicabit,
800 797 841 863 de
874 819 938 883 qua
969 796 1123 862 iudicium
1155 801 1394 863 communitatis
1424 813 1555 866 nestrae

125 897 216 962 fietu

209 1047 299 1112 Dum
328 1045 407 1112 foris
438 1047 657 1133 opperientur,
688 1046 831 1112 decanus
859 1045 1074 1132 interrogabit
1102 1047 1276 1131 magistros
1306 1058 1493 1134 praesentes
1522 1051 1556 1115 iu

126 1145 275 1230 concilio,
304 1144 450 1234 nunquid
479 1146 520 1210 de
548 1145 657 1234 aliquo
685 1145 895 1211 indicandum
923 1153 1053 1232 putent;
1083 1155 1114 1208 et
1143 1149 1198 1230 qui
1227 1149 1364 1232 putarit,
1393 1171 1464 1211 eum
1493 1148 1597 1213 hocs

125 1247 234 1311 facere
267 1244 400 1311 iubebit
441 1242 598 1309 Similiter
626 1255 658 1309 et
686 1246 812 1310 externi
840 1243 1020 1330 audientur,
1050 1245 1077 1308 si
1105 1247 1161 1331 qui
1189 1241 1363 1332 postulare
1379 1257 1435 1311 aut
1464 1250 1556 1334 queri

126 1344 251 1432 aliquid
271 1343 441 1411 voluerint.

210 1462 330 1528 Postea
350 1461 516 1527 accersitis
537 1469 569 1524 et
591 1460 711 1526 auditis
733 1459 921 1546 singillatim
943 1461 1102 1544 omuibus,
1123 1460 1181 1542 illi,
1204 1483 1338 1548 quorum
1365 1463 1478 1549 petitio
1500 1463 1556 1528 ad·

125 1563 227 1626 missa
255 1561 368 1642 fuerit,
397 1559 628 1625 consuetudine
649 1561 753 1624 veteri
780 1561 896 1624 seriem
920 1582 1053 1626 servare
1078 1559 1275 1625 iubebuutur
1298 1559 1421 1626 ordinis
1444 1585 1555 1627 secun-

128 1660 207 1725 dum
229 1671 369 1745 tempus,
392 1653 457 1746 [31]
480 1681 543 1746 quo
565 1661 722 1746 cuiusque
743 1681 860 1724 nomen
882 1681 901 1723 a
923 1668 1049 1724 rectore
1070 1661 1104 1724 in
1125 1683 1292 1724 numerum
1321 1658 1555 1748 discipulorum
1565 1673 1598 1728 10

125 1759 221 1825 huius
243 1758 432 1824 academiae
452 1757 590 1823 relatum
612 1758 680 1822 fuit.

215 1873 295 1942 Mox
310 1875 549 1940 examinatores
570 1872 727 1960 legentur,
749 1873 875 1936 ratione
894 1873 1066 1960 praefinita
1082 1874 1233 1962 proxima
1247 1882 1438 1940 statutorum
1451 1899 1557 1944 emen·

125 1976 265 2041 datione.
290 1973 356 2054 Qui
376 1972 452 2037 lecti
473 1973 603 2056 fuerint,
625 1972 824 2059 promittent,
847 1971 1047 2058 diligentiam
1063 1984 1094 2038 et
1111 1972 1208 2038 fidem
1229 1975 1447 2062 inquisitionis
1468 1975 1555 2044 illius

125 2099 161 2140 se
183 2075 397 2164 praestituros
420 2071 594 2136 secuudum
617 2092 718 2158 supra
738 2073 920 2158 expositam
941 2071 1122 2138 formulam.

209 2191 317 2278 Atque
338 2189 420 2255 baec
442 2211 515 2255 cum
545 2185 715 2275 discipulis
741 2187 934 2273 petitoribus
965 2199 1113 2274 egenum,
1139 2190 1303 2275 magistris
1325 2200 1433 2256 autem
1460 2215 1552 2280 prae·
1565 2203 1595 2258 15

124 2289 271 2356 sentibus
294 2288 429 2371 dicetur,
457 2289 639 2374 quicunque
661 2283 713 2350 vel
734 2285 821 2352 dicto
841 2287 893 2351 vel
921 2288 1007 2352 facto
1037 2287 1170 2354 laeserit
1192 2311 1233 2352 ex
1255 2289 1428 2374 praefectis
1449 2293 1553 2380 inqui-

124 2391 235 2456 sitioni
258 2386 443 2475 quemlibet,
472 2397 528 2451 aut
549 2387 639 2450 errius
659 2407 731 2472 epe,
758 2385 891 2451 consilio
917 2385 1025 2452 laesus
1048 2387 1166 2476 aliquis
1190 2386 1318 2453 illorum
1340 2389 1452 2472 buerit,
1482 2413 1554 2456 eum

124 2507 145 2555 c
167 2487 357 2555 florinorum
377 2485 477 2552 multa
498 2495 530 2551 et
551 2484 738 2550 exclusione
760 2507 801 2548 ex
825 2485 959 2551 consilio
982 2485 1161 2572 obligatum
1182 2487 1251 2552 fore
1271 2487 1447 2552 seeundum
1469 2500 1554 2554 vete

122 2612 193 2654 rem
216 2587 486 2652 constitutionem.

212 2703 305 2768 Haec
326 2703 435 2768 omnia
455 2723 520 2768 uno
541 2699 594 2766 die
615 2701 730 2787 peragi
751 2711 784 2766 et
804 2698 959 2787 deinceps
979 2723 1116 2766 examen
1139 2703 1248 2767 statim
1270 2703 1371 2792 incipi
1392 2707 1520 2791 poterit
1562 2715 1597 2771 m

493 3033 541 3082 DE
563 3033 780 3082 Pareamus
801 3033 948 3083 euanuit
970 3033 1180 3083 ulularum.

209 3153 276 3234 Qui
297 3151 456 3216 bonarum
480 3150 598 3213 artium
620 3149 768 3234 magistri
788 3149 858 3213 lieri
881 3149 1028 3236 cupiunt,
1058 3159 1231 3238 postquam
1260 3173 1319 3214 sua
1346 3153 1488 3236 nomina,
1515 3164 1552 3218 ut

123 3255 198 3320 lieri
221 3250 317 3334 solet,
347 3249 435 3337 apud
458 3249 616 3314 decanum
643 3248 763 3312 fuerint
790 3248 929 3334 professi
950 3259 982 3313 et
1002 3249 1187 3313 testimonia
1214 3250 1263 3313 sui
1292 3249 1391 3314 studii
1421 3249 1554 3317 collecta

123 3353 173 3421 illi
203 3349 393 3434 obtulerint,
427 3347 624 3414 iubebantur
654 3345 697 3411 ad
730 3347 918 3432 petitionem
948 3347 1119 3435 praefinito
1150 3347 1203 3412 die
1232 3347 1356 3431 adesse,
1387 3349 1431 3415 ad
1459 3372 1552 3438 quem

123 3453 270 3518 universi
302 3448 479 3516 consiliarii
511 3445 784 3513 convocabuntur.
826 3445 964 3532 Fietque
997 3456 1072 3510 ante
1108 3447 1216 3512 omnia
1248 3457 1392 3532 potestas
1424 3447 1595 3516 dicendi25

126 3549 265 3638 singulis
293 3571 376 3635 quae
397 3545 602 3612 videbuntur.
624 3541 688 3632 [32]
723 3545 760 3610 Si
787 3567 881 3610 nemo
902 3567 1032 3611 monere
1061 3554 1118 3609 aut
1144 3545 1327 3632 significare
1354 3557 1451 3634 atque
1479 3571 1553 3636 pro·

123 3671 248 3739 ponere
275 3646 400 3735 aliquid
427 3644 581 3727 voluerit,
610 3655 665 3709 aut
694 3645 871 3731 propositis
897 3644 980 3709 forts
1008 3643 1170 3731 aliquibus
1199 3645 1381 3732 explicatis,
1409 3647 1457 3712 ita
1484 3659 1553 3714 tum

124 3749 338 3816 admittantur
357 3747 512 3834 petitores
526 3743 670 3809 universi
692 3743 797 3826 simul,
817 3745 1057 3830 recitenturque
1070 3754 1127 3809 aut
1141 3756 1431 3811 commemorentur
1444 3745 1552 3814 huius·

122 3848 212 3916 modi
231 3845 401 3936 quaedam.

209 3963 362 4050 „Quanta
384 3985 457 4028 cum
479 3983 558 4026 cura
584 3969 616 4024 et
642 3958 877 4046 propemodum
904 3957 1060 4046 religione
1086 3961 1233 4026 instituta
1262 3959 1595 4050 administrataqueao

124 4067 247 4132 fuerint
263 4059 484 4150 superioribus
496 4060 590 4124 annis
613 4059 722 4124 omnia
742 4060 775 4122 in
797 4057 999 4124 decernendo
1020 4059 1277 4144 eonferendoque
1298 4059 1437 4127 bonores
1459 4062 1550 4129 scho-

123 4166 258 4232 lasticos
292 4173 325 4227 et
356 4158 581 4250 promovendo
613 4158 739 4246 aliquos
772 4155 814 4221 ad
848 4156 979 4222 altiores
1019 4158 1142 4244 gradum
1175 4158 1342 4244 dignitatis
1373 4160 1554 4228 studiorum

123 4275 320 4346 nostrorum,
349 4269 557 4327 monumenta
584 4267 745 4324 testantur
773 4255 977 4346 publicorum
1005 4255 1173 4342 librorum,
1200 4257 1292 4322 multi
1319 4259 1416 4324 etiam
1445 4259 1552 4326 adhuc

123 4365 347 4431 meminerrmt

210 4480 368 4561 Quamvis
398 4485 505 4542 autem
534 4475 650 4541 herram
678 4483 858 4562 temporum
887 4471 1086 4539 consuetudo
1113 4474 1178 4538 ista
1204 4474 1238 4538 in
1266 4485 1359 4561 parte
1386 4475 1594 4542 nonnichil35

124 4580 310 4648 severitatis
333 4585 538 4664 extorqueat,
563 4595 667 4660 neque
688 4573 829 4660 placeat,
859 4572 1060 4662 quorundam
1090 4575 1224 4660 spetiem
1254 4581 1389 4656 tantum,
1419 4577 1551 4640 mutatis

123 4679 235 4764 rebus,
258 4678 392 4760 servari,
414 4675 455 4740 de
476 4673 670 4740 necessariis
690 4680 799 4737 tamen
820 4671 1101 4738 observationibus
1122 4693 1188 4736 non
1208 4672 1304 4737 modo
1326 4671 1425 4738 nichil
1445 4671 1551 4737 detra-

125 4779 285 4861 hendum,
318 4775 376 4842 sed
407 4772 531 4862 aliquid
565 4771 752 4858 diligentiae
783 4771 917 4858 insuper
947 4769 1130 4836 addendum
1154 4773 1349 4856 putavimus.
1392 4771 1441 4834 Ne
1473 4773 1551 4858 quid

124 4891 236 4945 autem
255 4875 356 4942 ullum
377 4877 514 4970 fugeret,
534 4874 640 4938 visum
662 4881 711 4934 est
731 4871 782 4954 iis,
803 4873 858 4956 qui
881 4893 915 4935 se
935 4880 1045 4957 petere
1067 4869 1256 4956 dignitatem
1276 4883 1308 4936 et
1326 4871 1431 4936 locum
1450 4874 1550 4958 magi·

126 4989 270 5045 enorum
291 4975 432 5063 professi
453 4983 574 5054 essent,
602 4969 698 5058 plane
720 4971 828 5034 omnia
849 4969 1004 5051 indicare,
1025 4967 1122 5056 idque
1143 4980 1178 5034 ut
1199 4993 1220 5034 a
1240 4993 1290 5035 me
1314 4991 1399 5035 nunc
1431 4969 1488 5034 fiat
1518 4981 1592 5038 etto

126 5075 224 5143 vobis
235 5125 245 5160 ‚
276 5075 332 5164 qui
361 5073 456 5139 buius
487 5074 536 5136 rei
566 5070 674 5156 gretia
704 5069 853 5133 accersiti
885 5070 973 5151 estis,
1004 5068 1082 5152 quid
1114 5070 1320 5155 sperandum,
1353 5069 1550 5153 sequendum

124 5173 353 5243 faciendumve
375 5174 427 5256 sit,
448 5171 696 5249 demonstretur,
719 5169 780 5232 mei
801 5170 943 5232 muneris
965 5167 1101 5234 offitium
1122 5168 1274 5254 postulat

192 5289 412 5331 ensrcrueuon
431 5285 714 5325 estasiasmeno.
1340 5257 1379 5320 34
