3758 6072
492 447 577 500 nnus
593 446 858 511 sununradscnon,
880 461 935 500 ron
953 441 1140 502 totth-1490.

468 665 495 728 8.
517 680 564 726 nr
585 679 745 728 rsornus
765 677 903 730 rmnnrs
924 679 992 728 rsa
1013 680 1188 730 oscarus.

195 793 278 860 Item
300 793 418 882 placet,
447 794 533 882 quod
557 794 699 860 decanus
728 797 762 860 in
784 796 1020 862 convocacione
1046 793 1208 860 facultatis
1236 816 1299 859 non
1327 793 1477 880 propinet
1498 791 1538 858 de

112 896 254 980 pecunia
282 895 461 979 facultatis,
487 896 551 960 nisi
578 905 723 982 tempore
750 895 915 961 electionis
937 903 1067 961 suaset
1089 894 1252 960 electionis
1283 893 1539 958 examinatorum

112 995 198 1058 etin
224 992 340 1060 diebus
362 1003 546 1059 sanctorum
570 994 701 1082 Aegidii
722 1005 754 1060 et
777 995 930 1081 Gregorii
951 997 984 1059 in
1011 995 1196 1081 receptione
1219 992 1463 1059 ordinariorum.
1497 990 1541 1056 Et
1577 1056 1586 1066 ‚s

112 1099 189 1157 trine
211 1115 279 1158 una
299 1094 371 1158 vice
391 1092 477 1159 ultra
497 1111 546 1160 ΧΗ
568 1109 609 1180 pq.
631 1118 696 1160 non
719 1104 877 1183 exponat,
907 1093 966 1160 sub
991 1115 1096 1181 poena
1122 1093 1266 1180 periurii,
1292 1092 1356 1156 nisi
1384 1089 1473 1156 aliud
1499 1112 1540 1156 ex
1566 1101 1582 1156 5

114 1190 303 1258 rationabili
324 1215 423 1260 causa
442 1215 502 1281 per
522 1193 707 1259 facultatem
730 1193 893 1261 decretum
915 1193 1019 1260 firerit

332 1381 363 1443 9·
392 1393 440 1441 DE
465 1392 580 1442 POENA
601 1393 740 1460 Ducam,
761 1396 821 1456 Qul
842 1395 1010 1444 naculum
1030 1393 1323 1444 Dlsrursrlonsu.

197 1510 279 1576 Item
303 1510 445 1576 decanus
467 1532 527 1596 pro
548 1519 694 1598 tempore
717 1511 861 1576 existens
882 1520 1007 1576 tenetur
1028 1509 1184 1574 interesse
1204 1509 1238 1574 in
1265 1507 1407 1596 quelibet
1433 1500 1556 1596 dispu·'

113 1613 244 1675 tacione
266 1609 433 1674 ordinaria
461 1619 493 1674 et
522 1632 668 1695 arguere,
698 1609 836 1698 demptis
868 1619 975 1676 tomen
998 1608 1278 1696 disputacionibus
1299 1619 1443 1695 tempore
1465 1631 1540 1672 exa·

110 1711 218 1790 minis,
248 1709 309 1774 sub
331 1731 436 1796 poena
460 1721 596 1795 quatuor
617 1731 814 1796 grossorum,
835 1731 915 1796 quos
937 1709 1039 1774 solvet
1061 1707 1207 1772 facultati
1228 1708 1367 1790 tociens,
1388 1709 1539 1796 quociens
1553 1720 1583 1773 10

112 1808 232 1874 absens
252 1809 360 1890 fuerit,
388 1809 448 1875 sub
471 1830 528 1874 suo
550 1808 740 1891 iuramento,
768 1809 830 1872 nisi
852 1830 893 1873 ex
918 1811 1103 1877 necessaria
1123 1829 1222 1872 causa
1242 1830 1313 1871 eum
1336 1829 1407 1871 esse
1427 1807 1540 1873 absen-

111 1921 177 1972 tem
201 1917 386 1996 oporteret,
409 1908 449 1973 de
472 1930 537 1995 qua
565 1931 663 1973 causa
685 1931 761 1973 suus
781 1930 946 1972 successor
974 1917 1006 1972 ct
1033 1917 1271 1996 computatores
1299 1907 1367 1970 eius
1397 1907 1429 1971 in
1456 1930 1540 1972 com-

110 2015 187 2094 puto
210 2029 406 2094 cognoscere
428 2005 554 2072 debent
611 2001 614 2008 ’

228 2181 274 2241 10.
297 2189 407 2238 suana
428 2189 553 2250 comus
574 2189 734 2240 oscarus
755 2191 872 2239 nsarr
892 2191 1067 2240 mnucurm
1089 2191 1158 2238 scr
1180 2189 1421 2239 concernens.

196 2304 279 2371 Item
300 2303 434 2392 placuit,
458 2303 545 2392 quod
566 2304 708 2370 decanus
729 2305 927 2393 peramplius
945 2330 1011 2373 non
1031 2304 1164 2370 inducat
1185 2327 1288 2390 neque
1311 2304 1482 2370 concludat
1503 2307 1537 2372 in
1548 2319 1578 2373 15

113 2406 369 2492 congregatione
389 2401 515 2469 consilii
535 2403 707 2488 facultatis,
734 2406 797 2469 nisi
820 2427 917 2492 super
946 2428 1008 2492 quo
1029 2406 1116 2469 facta
1136 2412 1185 2468 est
1205 2425 1362 2490 expressa
1381 2426 1539 2472 convoca-

112 2506 160 2570 cio
181 2505 216 2568 in
239 2501 370 2586 cedula,
400 2513 433 2568 et
455 2503 483 2566 si
505 2523 597 2568 secus
618 2499 767 2569 faciendo
789 2505 963 2591 quicquam
985 2503 1188 2585 concluserit,
1217 2502 1290 2566 talis
1313 2503 1475 2571 conclusio
1499 2509 1541 2571 sit

111 2605 206 2668 irrita
228 2612 260 2668 et
285 2602 401 2686 inanis,
429 2603 492 2666 nisi
516 2623 613 2689 quam
639 2601 769 2686 inillis,
799 2626 882 2692 quae
903 2605 1073 2668 manifeste
1103 2612 1280 2690 sequuntur
1300 2613 1332 2666 et
1352 2605 1541 2692 contingunt

112 2703 154 2768 ad
177 2713 326 2770 tenorem
345 2702 603 2784 convocacionis,
625 2701 799 2768 dummodo
822 2713 929 2768 tamen
951 2704 1008 2767 fiat
1028 2705 1097 2767 sinc
1120 2699 1192 2766 dolo
1214 2711 1245 2766 et
1266 2701 1388 2767 fraude.
1428 2703 1540 2793 Neque

109 2813 212 2870 totam
241 2801 427 2868 facrdtatem
450 2823 547 2887 super
569 2802 719 2888 ingressu
747 2801 883 2867 alicuius
912 2802 954 2868 ad
985 2801 1153 2867 consilium
1181 2801 1344 2866 facultatis
1374 2813 1582 2889 convocet,20

109 2906 173 2970 nisi
211 2904 304 2990 prius
337 2902 475 2990 desuper
506 2909 577 2966 octo
613 2900 794 2967 senioribus
829 2901 869 2967 de
908 2911 1045 2990 quantor
1076 2901 1262 2968 nationibus
1294 2907 1478 2970 convocatis
1508 2915 1541 2970 et

111 3003 241 3069 auditis.

228 3175 276 3234 11.
299 3185 396 3246 ouon
417 3183 577 3233 cacanus
600 3181 764 3230 rsuroaa
785 3183 1067 3232 nrsramurronrs
1089 3183 1292 3234 anemonen
1310 3185 1428 3234 unsar

627 3281 820 3330 scameras
843 3269 1028 3332 s¹rnrurs¹

194 3401 278 3467 Item
300 3398 431 3486 placuit,
460 3397 546 3484 quod
568 3399 699 3464 inantea
727 3397 861 3486 quilibet
882 3397 1023 3463 decanus
1050 3421 1109 3485 pro
1131 3408 1275 3485 tempore
1296 3401 1439 3465 existens
1460 3410 1580 3488 tem-,25

112 3523 190 3588 pore
210 3499 408 3586 receptionis
429 3497 601 3581 ordinarii,
628 3507 694 3562 tam
716 3495 881 3563 aestivalis
902 3519 999 3584 quam
1021 3496 1190 3584 hyemalis,
1219 3497 1261 3564 ad
1292 3508 1411 3564 statuta
1438 3503 1539 3588 magi·

113 3611 197 3666 stros
219 3599 453 3664 concamencia
475 3595 672 3685 publicanda
702 3595 761 3663 sub
783 3618 889 3684 poena
917 3599 1011 3661 unius
1040 3619 1223 3684 sexagenas
1250 3619 1363 3682 novae,
1393 3599 1538 3664 facultati

114 3696 380 3765 irremissibiliter
417 3697 650 3784 persolvendae
656 3746 666 3780 ,
699 3697 742 3761 sit
771 3695 947 3782 obligatus,
985 3719 1026 3762 ne
1060 3697 1207 3782 magistri
1239 3697 1281 3762 ab
1315 3698 1539 3766 observatione

112 3797 299 3866 huiusmodi
333 3806 525 3862 statutorum
557 3806 728 3884 praetextu
756 3796 967 3881 ignoranciae
994 3817 1028 3860 se
1056 3796 1172 3883 quovis
1202 3796 1297 3864 modo
1326 3791 1456 3864 valeant
1485 3823 1539 3865 ex-

113 3920 236 3965 cusare.
1548 3910 1582 3966 30

293 4053 338 4115 12.
361 4065 408 4113 DE
431 4063 601 4114 TABARDIS
623 4063 691 4113 PRO
713 4061 855 4112 BONORE
878 4062 1092 4112 FACULTATIS
1115 4063 1362 4116 onenavanms.

194 4183 280 4250 Item
309 4181 423 4246 decani
446 4189 520 4268 post
548 4179 724 4246 decanatus
746 4181 888 4266 ipsorum
921 4178 1060 4244 officium
1088 4178 1244 4246 tabardos
1270 4189 1302 4246 et
1326 4181 1456 4248 habitus
1485 4181 1539 4248 de

115 4292 250 4348 cenatus
278 4303 338 4370 pro
367 4281 489 4347 honore
510 4278 674 4346 facultatis
701 4279 891 4362 observent,
912 4300 987 4361 nec,
1016 4286 1187 4367 antequam
1215 4279 1384 4346 licenciam
1411 4285 1447 4348 in
1474 4281 1539 4348 alia

114 4381 267 4448 facultate
288 4381 458 4468 attingant,
480 4378 540 4446 sub
561 4403 668 4468 poena
688 4379 782 4444 unius
799 4399 983 4464 sexagenas
997 4377 1154 4462 vendant3
1175 4380 1303 4467 qualem
1319 4377 1381 4469 [δ’]
1399 4405 1535 4471 poenam

114 4481 256 4548 decanus
277 4503 338 4568 pro
358 4493 504 4568 tempore
525 4481 667 4546 existens
688 4503 710 4545 a
730 4481 927 4545 sonnacium
948 4479 1086 4545 faciente
1107 4478 1167 4545 sub
1188 4501 1247 4546 suo
1265 4481 1446 4549 iuramento
1465 4492 1579 4549 crun35

115 4583 237 4648 auxilio
258 4580 421 4648 facultatis
441 4589 568 4646 tenetur
589 4591 793 4668 extorquere.
834 4579 956 4647 Contra
978 4589 1085 4645 antem
1113 4577 1174 4644 hoc
1202 4577 1356 4650 statutam
1385 4584 1538 4650 facientes

114 4681 257 4749 decanus
278 4681 374 4748 debet
394 4681 574 4770 requirere,
602 4691 641 4747 ut
664 4681 750 4747 infra
771 4680 912 4748 medium
942 4701 1062 4744 annum
1090 4677 1130 4746 de
1158 4681 1330 4770 tappardis
1358 4684 1405 4750 eis
1432 4682 1538 4770 prori-

114 4781 211 4850 deant
232 4781 294 4848 sub
315 4803 421 4870 poena
440 4781 628 4868 praemissa.

199 5053 210 5105 l
231 5046 412 5187 DiqdRubrik
429 5047 504 5104 ward
526 5045 692 5117 ttbsrsebem
717 5047 757 5103 sio
774 5045 812 5103 ist
828 5051 885 5104 erst
902 5047 956 5104 viel
974 5049 1068 5118 spttor
1083 5047 1135 5103 mit
1151 5047 1304 5106 scbnrser
1319 5047 1403 5104 'linte
1417 5047 1537 5122 aschge-

113 5137 211 5206 tragen
229 5149 273 5188 wo
306 5149 348 5188 en
