3794 6066
834 411 888 466 Des
907 412 1042 466 Iohannes
1058 413 1138 466 Fabri
1155 415 1189 466 de
1207 413 1322 466 werdea

556 601 583 663 8.
616 613 808 662 ussnsrun
829 613 1129 665 sornrcsronruu
1151 613 1405 663 annnosrroms
1426 609 1594 662 amemus.

452 730 608 796 Notificat
627 730 777 797 omnibus
798 743 830 796 et
851 729 989 818 singulis
1011 731 1232 797 universitatis
1254 730 1398 796 eiusdem
1420 728 1599 816 suppositis
1620 750 1681 814 per
1696 749 1790 816 prae-

369 833 472 897 sentia
486 833 511 913 ¹,
543 831 591 898 ll.
624 831 690 896 iam
722 829 828 895 dictae
857 832 1078 896 universitatis
1110 827 1173 918 [8¹²]
1196 831 1401 919 suppositum
1429 837 1563 916 propter
1590 826 1790 914 multiplices

368 955 443 997 suos
464 953 617 996 excessus
639 941 671 995 et
693 930 851 995 demerita
873 929 913 994 de
934 931 1095 995 communi
1117 951 1276 996 consensu
1296 928 1513 1015 concordique
1535 929 1696 992 sententis
1715 949 1789 992 con-

339 1031 563 1096 5siliariorum
592 1029 774 1095 antedictae
800 1031 1022 1096 universitatis
1051 1029 1094 1095 ad
1121 1030 1373 1118 quinquennium
1401 1050 1472 1092 esse
1498 1025 1692 1113 relegatum.
1736 1024 1789 1091 Ob

366 1130 427 1197 hoc
449 1129 583 1194 mandat
603 1129 690 1194 idem
712 1129 862 1196 dominus
884 1140 990 1195 rector
1011 1129 1161 1195 omnihus
1184 1140 1216 1196 st
1238 1127 1374 1216 singulis
1396 1128 1491 1193 huius
1513 1126 1613 1192 studii
1635 1126 1787 1213 supposi-

365 1231 424 1313 tis,
454 1239 613 1314 quatenus
642 1229 766 1296 nullum
794 1233 941 1318 ipsorum
967 1231 1033 1295 iam
1056 1229 1179 1296 dictum
1199 1229 1380 1316 relegatum
1402 1237 1458 1293 aut
1477 1247 1686 1315 quoscunque
1707 1225 1789 1290 tales

366 1329 506 1416 hospitio
526 1331 678 1416 recipiat,
707 1353 820 1396 mensa
839 1331 963 1412 foveat,
995 1340 1053 1396 ant
1073 1329 1285 1417 quovismodo
1309 1327 1413 1393 eidem
1434 1326 1486 1392 vel
1508 1325 1632 1392 eisdem
1653 1347 1788 1392 conver

367 1432 433 1496 sari
452 1439 655 1516 praesumat,
676 1429 737 1495 sub
759 1453 867 1518 poena
888 1449 911 1495 x
933 1428 1131 1496 florenorum
1150 1429 1355 1495 universitati
1375 1425 1643 1493 irremissibiliter
1664 1424 1788 1514 persol-

326 1540 358 1594 10
367 1528 556 1595 vendorum.
598 1529 722 1594 Datum
742 1539 922 1596 rectoratus
945 1529 1006 1595 snb
1029 1529 1151 1617 sigillo,
1171 1552 1256 1596 anno
1279 1539 1338 1594 etc.

818 1703 848 1764 9.
879 1713 1074 1763 macaron
1093 1711 1332 1762 nxcnusrorus.

447 1829 516 1894 Nos
537 1830 584 1894 Ν.
606 1839 665 1896 etc.
688 1839 803 1895 rector.
846 1829 928 1896 (lum
955 1831 1049 1896 iuxta
1075 1829 1242 1918 praefatae
1262 1827 1486 1893 universitatis
1507 1835 1683 1909 statutum,
1715 1847 1788 1890 con-

364 1940 416 1996 tra
439 1930 618 1996 homicidas
638 1928 875 1994 rationabiliter
897 1927 1033 2014 editum,
1055 1929 1223 2019 quodlibet
1243 1929 1461 2016 suppositum,
1483 1926 1695 1992 homicidium
1716 1947 1788 2013 per·

364 2041 511 2118 petresse
530 2037 710 2116 reperturus,
739 2051 779 2094 ne
810 2029 850 2094 de
871 2027 996 2095 malitia
1020 2053 1080 2096 sua
1101 2027 1271 2095 comodum
1293 2037 1437 2114 reportet
1456 2049 1538 2091 neve
1561 2027 1700 2092 crimina
1721 2047 1788 2089 ma·

324 2141 356 2196 15
366 2142 465 2195 neant
490 2130 661 2217 impunita,
691 2151 767 2194 mox
796 2153 816 2194 a
848 2151 985 2216 corpore
1013 2131 1233 2195 universitatis
1263 2126 1452 2215 praedictae
1477 2125 1578 2191 veluti
1605 2126 1788 2191 membrum

364 2228 529 2317 putridum
557 2226 687 2294 excludi
719 2228 836 2294 debeat
864 2239 895 2294 et
915 2230 1074 2312 rescindi,
1109 2237 1143 2294 et
1166 2229 1215 2294 .N.
1238 2229 1423 2314 saepefatae
1443 2227 1665 2292 univcrsitatis
1687 2248 1787 2291 mem·

363 2329 476 2413 hrum,
497 2351 635 2416 poenam
654 2331 688 2394 in
710 2327 893 2394 huiusmodi
914 2339 1034 2394 statuto
1058 2352 1250 2416 expressam
1270 2351 1310 2392 ac
1335 2327 1418 2410 alia,
1440 2325 1554 2392 merito
1578 2325 1786 2409 attendenda,

363 2431 494 2494 minime
521 2428 704 2516 pensando,
733 2427 943 2494 homicidium
974 2431 1008 2493 in
1037 2451 1179 2516 persona
1201 2427 1365 2518 quondam
1387 2426 1522 2493 studiosi
1545 2433 1617 2505 (seu
1638 2426 1788 2504 discreti)

365 2531 414 2594 .N.
444 2529 484 2594 de
516 2530 564 2593 .N.
591 2527 694 2593 felicis
724 2529 899 2594 memoriae
925 2530 1097 2594 temerario
1123 2553 1227 2617 nuper
1256 2529 1494 2616 perpetraverit
1520 2549 1616 2591 ausu:
1648 2525 1789 2612 ideoque

324 2638 662 2716 topraememoratum
683 2626 729 2692 Ν.
752 2627 792 2692 de
815 2629 863 2696 .N.
885 2640 1019 2717 propter
1047 2628 1230 2694 huiusmodi
1255 2649 1418 2692 enormem
1439 2647 1610 2692 excessum
1631 2627 1789 2713 gravissi-

364 2751 517 2816 mumque
547 2728 699 2794 delictum
727 2726 768 2791 de
798 2727 950 2794 concordi
981 2731 1140 2794 sententia
1166 2731 1398 2816 magistrorum
1424 2737 1521 2814 atque
1546 2725 1715 2792 doctorum
1738 2749 1790 2791 su·

366 2827 535 2916 pradictae
567 2828 787 2894 universitatis
822 2827 865 2892 ad
900 2828 962 2894 hoc
994 2850 1052 2915 spe
1060 2825 1125 2915 [9⁸]
1134 2828 1258 2893 cialiter
1291 2837 1481 2894 vocatorum
1502 2849 1523 2892 a
1543 2849 1681 2914 corpore
1706 2827 1789 2892 eius-

368 2928 442 2993 dem
472 2928 692 2994 universitatis
722 2937 886 3014 tamquam
914 2928 1093 2993 membrum
1122 2927 1286 3016 putridum
1313 2927 1509 2992 exclusimus
1532 2934 1564 2991 et
1584 2925 1789 3009 rescidimus,

364 3051 423 3116 per
451 3030 699 3115 praesentiaque
726 3050 747 3092 a
768 3027 857 3092 dicta
876 3037 988 3092 nostra
1008 3029 1218 3094 universitate
1239 3027 1368 3115 publice
1389 3025 1592 3093 excludimus
1613 3037 1647 3092 et
1666 3029 1788 3092 rescin-

323 3127 487 3210 ttdimus,
524 3129 715 3194 mandantes
743 3126 892 3192 omnibns
921 3137 953 3192 ct
982 3127 1117 3214 singulis
1150 3129 1332 3215 magistris,
1365 3125 1568 3209 doctoribus,
1602 3125 1788 3210 licentiatis,

365 3227 559 3294 baccalariis
589 3237 622 3292 et
648 3226 852 3292 studentibus
882 3228 1104 3292 universitatis
1131 3240 1278 3311 nostrae,
1307 3249 1349 3292 ne
1377 3250 1449 3292 cum
1478 3225 1564 3293 dicto
1585 3226 1634 3292 .N.
1655 3227 1789 3293 excluso

365 3329 400 3392 in
421 3327 549 3394 actibus
570 3325 771 3392 scholasticis
800 3335 867 3392 tam
895 3327 1035 3415 publicis
1056 3350 1154 3415 quam
1178 3328 1317 3414 privatis
1339 3325 1580 3414 quomodolibet
1600 3327 1791 3392 conversari

364 3438 585 3515 praesumant,
599 3428 659 3493 sub
673 3449 779 3515 poena
791 3430 885 3493 unius
897 3451 1081 3514 sexagenas
1094 3449 1210 3512 novae,
1222 3428 1427 3494 universitati
1441 3426 1712 3494 irremissibiliter
1731 3438 1792 3493 etc

745 3601 792 3663 10.
824 3613 931 3660 anrun
953 3612 1147 3660 munerun
1166 3611 1404 3664 nxcnnsmms

323 3755 357 3809 30
448 3745 516 3808 Nos
538 3745 585 3808 .N.
607 3756 667 3809 etc.
690 3755 803 3809 rector.
829 3743 922 3808 Licet
944 3745 993 3812 .N.
1016 3743 1057 3810 de
1080 3745 1127 3810 .N.
1150 3745 1256 3812 dictae
1278 3755 1408 3811 nostrae
1429 3747 1653 3812 universitatis
1672 3771 1791 3838 suppo·

369 3847 464 3908 situm
491 3853 626 3930 propter
653 3865 808 3930 poenam,
836 3866 932 3931 quam
962 3844 1003 3908 ob
1029 3844 1197 3911 nonnullos
1225 3867 1377 3910 excessus
1407 3869 1483 3912 suos
1510 3869 1614 3934 nuper
1641 3849 1791 3932 incurrit,

366 3943 407 4006 ad
428 3965 487 4006 nos
509 3943 614 4026 citari,
636 3965 734 4028 saepe
757 3966 883 4030 quoqne
905 3967 943 4008 ac
965 3947 1094 4032 saepius
1116 3947 1150 4010 in
1170 3945 1276 4010 valvis
1299 3944 1506 4032 collegiorum
1528 3955 1561 4010 et
1578 3946 1790 4013 ecclesiarum

365 4043 471 4128 primo
493 4045 587 4110 2⁰3⁰
608 4052 641 4106 et
662 4065 704 4107 ex
726 4042 1005 4130 superabundanti
1026 4047 1064 4110 4⁰
1084 4046 1207 4132 requiri
1234 4055 1266 4110 st
1292 4047 1511 4134 peremptorie
1529 4049 1655 4112 moneri
1676 4047 1789 4113 feceri·

365 4165 453 4222 mus,
481 4151 637 4228 quatenus
665 4143 750 4208 infra
782 4153 902 4208 certum
930 4153 1059 4231 tempus
1090 4167 1201 4210 coram
1228 4145 1324 4210 nobis
1353 4148 1536 4233 nostrisque
1567 4149 1789 4214 assessoribus

323 4249 570 4327 ttcompareret
598 4265 657 4330 pro
683 4244 797 4329 poenis
818 4241 913 4308 nobis
932 4267 972 4309 ac
994 4245 1199 4310 universitati
1219 4255 1350 4310 nostrae
1372 4267 1444 4310 curn
1466 4245 1581 4311 ellectu
1606 4247 1788 4314 satisfactu-

366 4363 436 4424 rus,
458 4339 599 4426 alioquin
620 4341 662 4408 ad
684 4345 788 4430 ipsius
809 4341 1027 4410 exclusionem
1048 4344 1314 4434 procederemus,
1340 4346 1480 4434 licetque
1499 4368 1521 4411 a
1542 4346 1630 4413 dicto
1652 4348 1704 4414 .N.
1727 4349 1788 4414 suf-

436 4597 445 4647 Ι
466 4592 535 4648 Dies
552 4593 637 4648 Wort
655 4593 720 4648 vird
739 4591 949 4665 gemeiniglien
966 4594 1024 4648 und
1041 4611 1072 4649 so
1090 4591 1162 4649 anch
1180 4610 1217 4649 an
1233 4594 1323 4650 dieser
1339 4593 1436 4665 Stella,
1456 4593 1612 4666 abgekdrrt
1626 4603 1709 4668 pite,
1728 4597 1787 4654 srsl·

364 4675 430 4732 ohes
448 4676 567 4732 Zsichen
584 4695 669 4750 sogar
685 4676 731 4732 fiir
744 4679 933 4748 praumatus
949 4684 984 4744 (a.
1003 4679 1035 4734 B.
1053 4678 1083 4732 in
1101 4679 1167 4735 Nro.
1185 4683 1222 4749 5),
1236 4681 1422 4750 praeambiens
1438 4679 1479 4752 (in
1498 4677 1564 4736 Nro.
1582 4685 1599 4736 s
1618 4698 1645 4738 n.
1667 4683 1695 4752 ¹1)
1711 4681 1786 4738 nicht

364 4761 452 4816 selten
471 4763 640 4833 verterunt,
666 4762 725 4818 also
752 4761 798 4815 fiir
821 4761 866 4817 die
892 4762 1026 4834 Dentung
1049 4763 1099 4818 der
1116 4763 1249 4820 Endsilbe
1265 4781 1317 4836 gar
1335 4766 1434 4820 keinen
1450 4763 1557 4820 Anhalt
1574 4766 1708 4837 gewahrt
1742 4767 1786 4824 Da

364 4847 432 4902 aber
450 4849 610 4917 praeseutia
627 4845 773 4902 mehnnals
790 4847 1020 4917 ausgeschrieben
1038 4845 1119 4916 steht,
1139 4847 1189 4903 sris
1206 4848 1235 4902 in
1254 4847 1319 4904 Nro.
1337 4855 1353 4905 9
1370 4866 1396 4906 u
1416 4853 1461 4918 68,
1485 4867 1516 4906 so
1541 4848 1613 4906 habe
1641 4851 1686 4907 ich
1715 4852 1784 4908 anch

364 4931 392 4985 in
412 4931 817 5003 Nro.29n.108proesentic
833 4935 945 5001 gesetrt
980 4929 1165 5003 Desgleichen
1183 4931 1254 4988 ench
1272 4933 1300 4987 in
1319 4933 1384 4990 Nro.
1402 4938 1433 4989 83
1452 4951 1479 4988 u.
1498 4937 1545 5003 86,
1568 4934 1613 4990 die
1639 4937 1699 4992 sich
1724 4937 1784 4994 frei-

364 5015 419 5070 tich
445 5016 553 5071 litterae
575 5033 683 5072 nennen
710 5015 767 5070 und
790 5032 832 5070 wo
856 5015 943 5071 daher
966 5015 1039 5070 nach
1056 5015 1195 5088 Analogia
1217 5035 1271 5072 ron
1295 5021 1379 5072 datae
1403 5017 1543 5074 vielleicht
1562 5031 1722 5092 praecem
1735 5023 1784 5078 dn

367 5098 515 5171 richtigere
533 5118 657 5173 genesen
677 5104 763 5168 vitre,
779 5099 828 5154 das
846 5103 875 5154 in
892 5101 997 5154 andern
1016 5098 1250 5156 Formclbiichern
1268 5101 1348 5157 nicht
1365 5102 1452 5158 seiten
1469 5103 1614 5162 erscheint
