3762 6074
546 449 637 502 Viarts
655 449 919 512 statuteursdsctiou,
935 463 989 500 rou
1006 448 1180 504 ttae-1522.

521 665 582 731 IX.
604 661 664 756 [Bl.
685 663 754 756 14¹³]
778 683 1020 734 carlrunuu
1042 682 1196 732 uonna.

238 825 264 886 1.
291 833 410 884 nonus
431 833 644 882 nrsrnraunr
664 833 866 900 axaancn,
896 838 995 903 quae
1022 815 1105 904 legi
1134 815 1279 881 debant
1304 823 1484 902 tempore
1562 875 1567 885 .

399 915 707 982 distributionis
729 915 943 982 eorundem
963 917 1072 982 inter
1095 917 1325 1002 magistros.

233 1048 361 1132 Placet,
384 1047 470 1134 quod
489 1051 646 1134 magister
665 1051 825 1137 recipiens
848 1049 1043 1114 exercicium
1065 1049 1233 1134 promittat
1253 1047 1377 1112 decano
1407 1046 1468 1111 sub
1488 1045 1575 1112 bona

145 1147 232 1231 lide,
252 1147 341 1234 quod
362 1148 440 1212 velit
462 1147 630 1234 disputare
652 1171 725 1214 cum
747 1149 938 1235 diligencia,
960 1158 992 1212 et
1014 1149 1083 1212 sine
1105 1147 1177 1212 dolo
1200 1157 1232 1211 et
1252 1145 1366 1211 fraude
1389 1147 1576 1211 continuare
1601 1155 1617 1210 5

149 1269 253 1334 usqne
274 1246 318 1311 ad
339 1245 451 1329 ham,
472 1247 594 1311 nullam
616 1249 837 1332 quaestionem
860 1247 1022 1333 disputari
1045 1257 1230 1312 consuetam
1256 1245 1455 1312 dimittendo.
1497 1245 1574 1310 Pro·

147 1349 259 1412 mittat
286 1346 408 1429 eciam,
438 1368 473 1410 se
501 1349 586 1411 omni
615 1347 668 1412 die
699 1346 890 1435 disputabili
916 1344 1000 1410 velle
1029 1346 1197 1434 disputare
1226 1356 1258 1412 et
1286 1367 1352 1410 non
1380 1345 1473 1410 finire
1501 1356 1575 1410 ante

147 1455 276 1533 tempus
303 1466 364 1532 per
391 1443 555 1510 facultatis
586 1456 707 1512 statuta
728 1448 919 1533 praefixum.
967 1446 1059 1511 ldem
1090 1447 1277 1532 promittere
1306 1443 1404 1509 debet
1434 1444 1575 1510 decanus

148 1545 269 1610 seniori
284 1541 449 1609 facilitatis
467 1566 530 1630 quo
553 1543 596 1609 ad
615 1548 811 1612 exercicium
833 1549 951 1610 veteris
974 1548 1053 1610 artis
1077 1559 1108 1610 ot
1131 1568 1193 1633 quo
1217 1545 1260 1610 ad
1281 1567 1371 1608 suam
1392 1541 1574 1624 lectionem,

146 1645 176 1709 si
204 1665 301 1731 quam
330 1641 430 1707 habet
455 1667 516 1730 pro
545 1645 661 1729 gradu.
703 1644 748 1709 Et
777 1647 939 1734 exercicia
970 1649 1129 1725 serotina,
1152 1654 1232 1732 puta
1257 1643 1472 1730 phisicorum,
1497 1643 1575 1708 ethi·
1588 1653 1619 1708 to

148 1765 260 1808 corum
282 1753 314 1806 et
340 1741 615 1830 methaphisicae,
643 1747 868 1810 continuentur
897 1744 940 1808 ad
969 1747 1063 1832 quasi
1090 1745 1226 1810 alteram
1255 1741 1423 1808 dimidiam
1451 1743 1576 1826 horam,

148 1843 213 1908 hoc
235 1851 284 1906 est
303 1863 408 1930 usque
430 1840 474 1906 ad
494 1842 637 1908 medium
658 1855 793 1932 quartae
815 1854 847 1910 et
869 1847 999 1932 quintae
1017 1845 1180 1910 horarum.

342 2013 369 2074 2.
397 2025 583 2076 Exaaolcla
603 2028 639 2075 IN
662 2027 934 2077 cauraunaalans
953 2027 1027 2076 NON
1049 2029 1188 2076 Danaas
1211 2026 1389 2076 susanam.

235 2139 321 2222 Quia
335 2141 440 2206 maior
456 2142 579 2207 fructus
599 2144 764 2230 hucusque
777 2146 813 2209 in
828 2145 999 2210 exerciciis
1021 2168 1117 2233 quam
1138 2143 1330 2208 lectionibus
1352 2141 1575 2230 (expericncia

146 2245 245 2322 teste)
273 2238 362 2327 apud
389 2240 532 2306 scolares
560 2242 798 2329 promovendos
825 2255 1008 2332 compertus
1038 2255 1102 2326 est,
1129 2243 1202 2308 ideo
1225 2243 1365 2330 placuit,
1386 2242 1473 2326 quod
1501 2245 1617 2330 ipsa15

151 2341 316 2406 exercicia
343 2340 413 2404 aine
440 2339 549 2428 aliqua
583 2344 795 2428 suspensione
823 2367 882 2431 per
911 2345 980 2408 dies
1008 2343 1210 2408 caniculares
1241 2343 1484 2425 continuentur,
1515 2339 1576 2407 sub

149 2461 258 2528 poena
277 2441 311 2504 in
332 2438 567 2505 reformatione
589 2463 756 2528 expressa,
780 2455 933 2530 quaeest
956 2445 1106 2509 carencia
1128 2441 1386 2528 acturegenciae.

461 2613 489 2674 3.
510 2625 687 2684 comissa
708 2625 896 2675 axaacrria
917 2629 1057 2676 naaaur
1080 2627 1266 2675 n1sru1au1.

234 2735 321 2818 Quia
335 2739 510 2804 transactis
529 2740 730 2828 temporibus
745 2741 977 2830 saepenumero
994 2743 1028 2806 in
1050 2743 1159 2831 aliqua
1180 2742 1362 2807 mutacione
1383 2763 1450 2804 non
1471 2741 1580 2804 omnia

149 2839 314 2906 exercicia
337 2860 396 2924 pro
418 2837 525 2925 gradu
546 2849 578 2904 et
598 2841 774 2928 praecipue
799 2843 977 2927 magisterii
1000 2843 1132 2907 fuerunt
1151 2841 1336 2927 disputata,
1358 2840 1400 2905 ob
1421 2838 1456 2903 id
1477 2837 1620 2903 facul-20

150 2951 212 3021 tas,
233 2936 346 3002 volens
370 2959 467 3024 super
487 2939 549 3003 hoc
570 2939 744 3005 salubriter
766 2941 949 3028 providere,
973 2941 1136 3005 ordinavit
1158 2951 1190 3004 et
1210 2939 1307 3005 hodie
1329 2939 1471 3020 ordinat,
1493 2939 1579 3024 quod

147 3037 311 3104 exercicia
347 3045 413 3099 tam
443 3059 504 3124 pro
541 3037 766 3104 baccalariatn
792 3063 889 3126 quam
920 3040 1125 3126 magisterio¹
1153 3036 1307 3124 deinceps
1339 3037 1576 3104 distribuantur

150 3135 330 3202 secundum
352 3146 472 3200 sortem
499 3139 582 3202 inter
606 3141 779 3224 magistros
802 3139 946 3202 volentes
976 3137 1089 3202 sedere
1115 3139 1149 3201 in
1177 3147 1279 3220 sorte3
1311 3146 1342 3201 et
1372 3139 1578 3219 exercicium,

148 3233 289 3324 siquod
311 3256 352 3298 ex
375 3246 461 3301 sorte
482 3235 695 3319 obtinuerint,
717 3261 776 3324 par
798 3260 832 3301 se
859 3237 1026 3322 disputare
1054 3247 1086 3301 et
1113 3259 1266 3301 exercere
1294 3236 1503 3318 tenebuntur,
1532 3239 1578 3301 ita

147 3346 259 3400 maren
284 3332 370 3422 quod
392 3333 527 3421 quilibet
547 3339 778 3422 magistrorum
799 3337 833 3400 in
858 3346 944 3401 sorte
968 3335 1084 3400 sedens
1107 3335 1226 3400 habeat
1248 3335 1426 3421 optionem,
1449 3337 1478 3399 si
1504 3345 1616 3401 sors25

148 3458 223 3500 enm
246 3433 398 3518 tetigerit,
419 3434 600 3522 recipiendi
620 3437 656 3500 in
678 3435 790 3502 ordine
813 3459 870 3501 suo
893 3435 1106 3524 quodcunque
1125 3435 1321 3500 exercicium
1343 3433 1490 3498 voluerit
1532 3433 1577 3498 Et

147 3537 244 3600 iuxta
272 3531 494 3619 pluralitatem
519 3535 749 3620 magistrorum
778 3535 881 3600 tribus
902 3534 954 3600 vel
981 3546 1118 3622 quatuor
1147 3535 1313 3619 magistris
1336 3557 1396 3621 pro
1419 3543 1505 3599 sorte
1528 3557 1575 3598 se·

148 3631 301 3699 dentibus
319 3630 515 3697 concedatur
531 3633 670 3700 secutas
686 3635 875 3721 disputandi
891 3658 989 3700 unum
1006 3644 1038 3699 et
1055 3634 1141 3700 idem
1159 3634 1355 3698 exercicium
1375 3655 1436 3720 pro
1459 3633 1574 3700 bacca·

146 3733 285 3813 lariatu,
308 3728 434 3796 duobus
457 3754 536 3797 vero
558 3735 724 3820 magistris
747 3734 840 3800 detur
868 3745 1012 3821 potestas
1039 3732 1228 3823 disputandi
1255 3755 1354 3798 unum
1381 3735 1576 3798 exercicium

146 3856 209 3920 pro
232 3830 429 3916 magisterio.
474 3831 510 3896 Si
531 3842 638 3898 autem
660 3834 777 3922 aliquis
798 3836 1028 3920 magistrorum
1050 3855 1205 3898 exercens
1227 3833 1279 3898 vel
1301 3832 1470 3920 disputans
1493 3832 1619 3898 adeoao

146 3953 274 4020 pancos
303 3930 337 3994 in
366 3952 424 3996 suo
451 3933 612 3997 exercicio
641 3932 790 4016 haberet,
820 3932 907 4021 quod
935 3935 1028 4021 quasi
1058 3935 1126 3997 sine
1164 3932 1367 3998 emolimento
1405 3930 1579 4016 laboraret,

146 4043 227 4096 tnnc
248 4029 390 4094 decanus
413 4051 485 4102 cnm
508 4030 690 4097 senioribus
713 4031 891 4118 indulgeat,
914 4032 1001 4119 quod
1024 4032 1119 4098 alteri
1140 4031 1228 4095 idem
1251 4032 1448 4096 exercicium
1470 4031 1579 4120 dispu-

145 4129 243 4196 tandi
276 4129 430 4214 resignet.
483 4128 593 4196 Debet
624 4134 726 4197 eciam
761 4133 934 4219 disputans
968 4155 1024 4197 seu
1057 4153 1212 4196 exercens
1250 4130 1293 4195 ad
1329 4133 1580 4217 requisicionem

147 4230 267 4296 decani
296 4227 409 4294 horam
436 4239 467 4294 et
496 4230 620 4315 locum,
649 4234 683 4297 in
712 4254 775 4319 quo
806 4233 967 4319 disputat,
989 4231 1094 4296 eidem
1124 4230 1247 4294 decano
1274 4230 1441 4312 intimare,
1469 4241 1506 4295 ut
1532 4233 1579 4295 sic

147 4331 249 4405 sciat,
270 4329 326 4414 qui
349 4331 456 4416 etqui
482 4351 548 4394 non
574 4333 722 4418 magistri
752 4355 810 4397 sua
836 4344 969 4418 recepta
997 4330 1164 4417 disputant
1191 4331 1363 4394 exercicia.
1405 4329 1471 4394 Hic
1501 4339 1620 4394 ver035

146 4428 264 4494 modus
282 4427 499 4493 distribuendi
518 4431 680 4495 exercicia
698 4442 765 4496 tam
783 4431 839 4496 diu
857 4431 1055 4512 observetur,
1082 4430 1184 4495 donec
1203 4426 1376 4516 facul[15⁸]
1385 4439 1435 4494 tas
1456 4431 1580 4495 arcium

147 4528 191 4594 de
212 4526 308 4593 modo
329 4527 502 4613 provideat
528 4531 659 4617 aptiori.

500 4699 529 4762 4.
558 4713 618 4762 uer
638 4713 825 4763 exnaowm
846 4713 1033 4764 marorum
1056 4713 1230 4760 nsaamr.

233 4826 345 4892 Placet
367 4827 407 4892 de
430 4829 658 4898 exercentibus
687 4840 745 4895 aut
769 4829 1025 4918 disputantibus,
1047 4839 1083 4894 ut
1110 4831 1197 4893 omni
1226 4827 1279 4893 die
1306 4825 1495 4914 disputabili
1518 4846 1578 4890 sua

147 4929 314 4996 exercicia
329 4929 515 4994 continuent
531 4931 565 4993 in
582 4928 654 4997 loco
672 4930 813 5018 publico,
833 4941 869 4997 nt
888 4934 922 4996 in
943 4929 1052 5019 aliquo
1073 4928 1279 4996 lectoriorum
1298 4926 1351 4993 vel
1373 4923 1468 4991 stuba
1490 4947 1574 4990 com-
1585 4933 1619 4989 4⁰

234 5134 248 5185 l
267 5128 453 5187 Gesohriebsn
469 5128 507 5186 ist
522 5131 682 5201 amputarit.
