3762 6074
508 455 594 510 Aehtc
613 459 882 522 statutenredaetion,
900 473 962 511 vom
983 460 1065 512 Jahre
1087 457 1158 512 1558.
1484 461 1540 524 521

118 664 205 707 nova
225 665 290 708 non
312 649 485 709 mutantur.
528 641 564 708 Si
591 643 669 728 qnid
690 653 798 709 tamen
824 645 1022 732 experiendo
1043 646 1149 709 minus
1171 665 1349 728 congruere
1370 639 1542 723 videbitur,

118 741 159 806 de
189 765 227 806 eo
260 741 312 808 vel
342 742 485 808 decanus
517 743 569 808 vel
609 743 708 828 alius,
740 746 797 832 qni
831 744 1113 828 animadverterit,
1146 743 1188 809 ad
1222 742 1390 808 consilium
1423 744 1544 808 referre

116 841 248 928 poterit.

619 995 666 1042 DE
687 993 867 1044 Docramn
887 996 1046 1045 PUBLIOA.

749 1133 859 1198 Caput
876 1133 922 1184 VI.

191 1275 396 1344 Publicae
417 1277 635 1344 doctrinae
656 1288 695 1345 et
714 1273 957 1346 ordinariae
978 1279 1120 1345 modus
1141 1287 1180 1344 et
1203 1281 1314 1345 ratio
1337 1301 1475 1344 serva-

703 1378 819 1444 bitur
848 1378 961 1445 talis.

169 1544 181 1592 1
203 1526 269 1592 Uni
291 1529 507 1594 committemr
528 1529 722 1615 optimorum
748 1540 898 1595 autorum
919 1529 1085 1616 utriusque
1112 1527 1242 1614 linguae
1268 1529 1492 1616 interpretatio
1515 1537 1547 1593 et

203 1635 348 1692 veterum
370 1630 567 1716 scriptorum
593 1629 766 1713 enarratio,
793 1641 825 1695 et
849 1629 904 1694 hic
929 1627 1065 1714 singulis
1089 1631 1182 1694 annis
1205 1628 1343 1711 videbit,
1367 1639 1403 1692 ut
1424 1626 1546 1715 aliquid

204 1727 381 1792 ethicorum
404 1727 673 1816 politicorumqne
696 1728 854 1795 librorum
874 1728 1061 1794 Aristotelis
1084 1728 1233 1814 explicet.
1556 1735 1588 1790 10

154 1861 180 1907 11
204 1842 270 1908 Uni
292 1842 572 1910 Aristotelicorum
600 1845 758 1910 librorum
787 1867 978 1933 graecorum
1000 1845 1186 1932 explicatio,
1214 1846 1268 1932 qui
1291 1866 1423 1931 operam
1445 1843 1545 1926 dabit,

202 1953 240 2007 nt
262 1941 375 2008 crebro
398 1943 441 2008 ad
464 1943 653 2008 dialecticen
676 1947 874 2031 pertinentes
895 1945 972 2010 libri
992 1945 1192 2010 Aristotelici
1213 1953 1410 2010 enarrentur.

144 2077 183 2124 m
205 2057 298 2124 Unus
332 2059 635 2126 mathematiearum
667 2059 913 2148 disciplinarum
951 2064 1147 2150 praecipuus
1180 2063 1300 2128 artifex
1339 2060 1547 2148 praeficiatur

204 2158 369 2224 doctrinae
390 2158 485 2224 huius
506 2160 743 2246 gubernationi.

129 2275 182 2322 1111
203 2257 245 2321 Ei
273 2255 410 2322 addetur
438 2259 530 2341 alter,
557 2264 612 2347 qui
641 2260 772 2326 assiduo
799 2259 1036 2326 arithmeticam
1058 2269 1089 2326 et
1109 2259 1292 2345 logisticam
1316 2269 1347 2324 et
1369 2259 1546 2324 distinctio·
1559 2268 1589 2323 15

204 2378 278 2421 nem
305 2357 418 2420 mundi
448 2359 621 2424 secundum
648 2358 832 2446 exemplum
856 2356 919 2446 [13]
944 2360 1103 2446 sphaerae
1131 2361 1300 2446 κρικωτῆς,
1329 2382 1425 2447 quarn
1449 2368 1546 2423 matc-

203 2455 315 2520 rialem
338 2468 506 2539 vocarunt,
527 2468 690 2545 proponat
709 2469 740 2524 et
759 2458 869 2523 tradat
889 2458 1042 2524 docendo.

158 2575 182 2619 v
204 2555 365 2620 Doctrina
387 2554 427 2620 de
449 2558 556 2621 causis
589 2567 621 2621 et
642 2569 775 2640 natura,
805 2580 888 2644 qnae
916 2566 964 2622 est
992 2557 1162 2646 physicae,
1192 2557 1325 2622 habebit
1353 2558 1550 2645 peculiarem

204 2663 235 2720 et
267 2656 340 2741 ipsa
374 2656 608 2742 professorem,
640 2666 709 2720 tam
743 2656 970 2721 elementorum
1005 2658 1179 2723 secundum
1209 2656 1354 2744 Philippi
1386 2656 1550 2722 Melanch-

202 2753 310 2819 thonis
333 2749 650 2835 demonstrationem,
672 2777 768 2843 quam
788 2754 947 2820 librorum
967 2755 1151 2822 Aristotelis
1174 2757 1215 2821 de
1236 2767 1353 2822 natura
1374 2769 1407 2822 et
1428 2768 1524 2823 motu.
1558 2765 1590 2821 20

145 2889 180 2935 vr
204 2869 359 2935 Similiter
397 2871 587 2937 rhetoricae.
629 2872 721 2938 Haec
753 2883 861 2938 autern
891 2895 990 2958 opera
1023 2880 1054 2938 et
1090 2872 1284 2952 Quintiliani
1317 2884 1348 2938 et
1380 2873 1547 2940 Ciceronis

205 2971 334 3057 scriptis
358 2969 561 3056 explicandis
588 2971 804 3058 impendetur,
834 2983 867 3036 et
887 2971 1000 3036 eadem
1028 2970 1256 3056 complectetur
1285 2972 1441 3037 elementa
1470 2972 1550 3036 artis

204 3069 298 3135 huius
319 3069 495 3134 secundum
517 3070 660 3135 libellum
684 3070 859 3150 Ciceronis,
885 3072 935 3134 cui
957 3092 1073 3134 nomen
1095 3072 1294 3156 partitiones.
1335 3071 1417 3135 Tam
1439 3071 1550 3157 physi-

206 3193 263 3234 cus
293 3180 400 3234 autem
421 3171 454 3234 in
476 3169 622 3256 Philippi
641 3169 899 3234 Melanchthonis
925 3167 1034 3234 libello
1062 3191 1157 3253 quarn
1185 3169 1363 3234 rhetoricus
1385 3171 1549 3255 professor

203 3269 238 3334 in
266 3267 328 3332 hoc
358 3267 525 3335 Ciceronis
558 3269 740 3334 enarrando
770 3267 981 3355 occupabitur
1011 3267 1147 3354 singulis
1178 3265 1395 3332 trimestribus
1422 3270 1590 3354 integrolt

202 3391 313 3434 mense
333 3391 407 3434 uno.

129 3488 181 3535 vn
202 3469 355 3534 Petticus
377 3469 542 3556 professor
556 3467 773 3555 Virgilianam
795 3468 911 3553 poesin
931 3475 963 3530 et
984 3465 1198 3530 Terentianas
1226 3467 1390 3532 comedias
1418 3465 1549 3532 ordina-

202 3569 261 3632 riis
282 3569 408 3634 vicibus
430 3567 610 3655 explicabit
630 3579 662 3632 et
690 3566 798 3632 studia
826 3565 1058 3652 discipulorum
1088 3563 1225 3631 deducet
1253 3566 1295 3631 ad
1323 3590 1435 3631 curam
1464 3588 1548 3630 com·

205 3667 348 3754 ponendi
370 3690 492 3734 versus.

113 3787 178 3834 vm
201 3765 404 3832 Dialecticae
436 3765 595 3832 elementa
628 3766 775 3831 similiter
804 3763 911 3829 tradet
940 3789 1023 3831 unns
1053 3767 1163 3853 pueris
1195 3765 1371 3832 secundum
1403 3765 1591 3832 libellumao

200 3865 347 3954 Philippi
357 3865 625 3950 Melanchthcnis,
646 3869 736 3931 cuius
755 3875 930 3952 praecepta
947 3865 1113 3932 enarrabit
1134 3874 1166 3930 et
1185 3865 1319 3948 videbit,
1342 3875 1378 3930 ut
1398 3864 1550 3952 discipuli

202 3965 259 4031 illa
280 3967 472 4052 percipiant.
1302 4021 1305 4030 .

141 4086 181 4132 1x
203 4066 349 4153 Itemque
370 4088 453 4130 unus
476 4065 654 4130 secrmdum
676 4063 819 4129 eiusdem
844 4063 966 4128 autoris
987 4063 1113 4128 libellos
1137 4063 1294 4128 elementa
1315 4064 1551 4148 grammaticae

201 4175 268 4229 tam
291 4187 429 4251 graecae
456 4187 552 4250 qnam
579 4164 712 4246 latinae,
740 4163 958 4250 sesquimense
980 4163 1068 4228 vices
1096 4162 1264 4228 doctrinae
1284 4162 1380 4226 huius
1409 4164 1549 4228 miscens

202 4273 235 4328 et
256 4266 439 4351 praeceptis
467 4264 508 4328 de
536 4265 668 4350 syntaxi
697 4262 877 4347 adiungens
903 4261 1037 4326 Linacri
1063 4263 1184 4348 scripta
1207 4272 1238 4326 et
1263 4262 1426 4327 interdum
1448 4264 1588 4326 inter-35

203 4386 328 4452 ponens
352 4360 416 4451 [14]
439 4365 550 4449 graeci
572 4363 694 4428 autoris
717 4359 904 4449 opusculum
927 4358 1069 4446 aliquod,
1096 4363 1130 4425 in
1151 4383 1214 4448 quo
1236 4363 1346 4448 pueris
1366 4361 1549 4427 indicentur

203 4462 354 4550 exempla
375 4474 632 4550 praeceptorum.

202 4616 314 4682 Horae
335 4621 444 4679 autem
465 4613 513 4678 ita
532 4613 766 4679 distribuentur
784 4611 845 4675 hoc
866 4607 977 4674 modo:

751 4763 787 4810 vr
808 4743 889 4809 hora
911 4742 1078 4830 physicae,

590 4843 688 4909 Mane
727 4863 788 4910 vm
809 4842 1008 4924 dialecticae,

747 4963 783 5010 1x
806 4941 1063 5024 mathematicae,
