3788 6078
839 517 888 567 Die
907 517 1090 581 theologischs
1108 517 1236 571 Faculttt.

789 786 994 835 apetamus
1014 786 1282 835 Paouomomm.

948 923 1054 986 Caput
1075 923 1125 972 tx.

409 1051 654 1138 Disputationes
676 1052 841 1138 publicae,
868 1053 984 1141 quibus
1008 1053 1051 1118 ad
1072 1052 1358 1118 baccalaureatum
1379 1064 1411 1117 et
1430 1052 1596 1118 licentiam
1625 1053 1751 1140 publice

326 1150 549 1238 disquiruntur
568 1151 700 1236 ingenia
720 1161 754 1217 et
775 1151 931 1237 doctrina,
960 1157 994 1218 in
1015 1153 1189 1218 licentiatis
1212 1152 1319 1240 placet
1339 1153 1401 1218 hoc
1421 1153 1558 1234 servari,
1587 1163 1625 1216 nt
1649 1153 1751 1240 pridie

285 1260 301 1316 5
330 1252 399 1315 eius
422 1249 496 1331 diei,
524 1273 587 1338 quo
615 1254 798 1336 promoveri
826 1251 1004 1334 debebunt,
1034 1263 1107 1341 post
1136 1252 1305 1317 meridiem
1333 1252 1375 1317 ad
1406 1251 1597 1338 adsignatae
1627 1251 1751 1339 aliquas

327 1350 531 1436 quaestiones
558 1349 687 1437 publice
715 1352 933 1440 respondeant
958 1352 1045 1418 horis
1067 1351 1204 1434 duabus,
1234 1363 1266 1418 et
1290 1375 1402 1418 rursus
1431 1373 1525 1416 mane
1548 1350 1603 1415 die
1625 1375 1751 1438 promo-

327 1449 424 1514 tionis
444 1449 588 1533 totidem,
609 1459 705 1538 atque
725 1453 772 1517 ita
793 1453 891 1516 ritum
910 1453 1120 1539 promotionis
1143 1454 1265 1538 peragi

414 1547 632 1616 Baccalaureo
664 1562 770 1617 autem
802 1552 924 1637 gradus
955 1553 1002 1616 sio
1032 1552 1226 1633 conferatur,
1254 1559 1290 1616 ut
1317 1553 1352 1616 in
1381 1550 1542 1616 auditorio
1571 1549 1752 1637 theologico

327 1648 433 1712 iussus
461 1651 495 1712 in
524 1649 654 1737 publico
684 1674 838 1716 consessu
864 1675 881 1716 e
911 1650 1065 1716 cathedra
1091 1651 1214 1714 minore
1243 1649 1402 1716 declamet
1430 1673 1490 1738 pro
1518 1649 1657 1715 exordio
1686 1651 1752 1715 eius

290 1755 322 1810 10
331 1745 416 1829 libri,
444 1771 539 1836 quem
561 1758 610 1813 est
636 1748 752 1814 dehinc
779 1749 907 1838 publice
929 1750 1161 1838 praelecturus.
1201 1750 1329 1815 Deinde
1358 1750 1500 1815 decanus
1525 1774 1547 1814 a
1571 1751 1752 1814 iuramento

329 1849 492 1934 conceptis
508 1847 618 1914 verbis
632 1849 879 1916 baccalaureum
898 1849 1023 1914 creabit
1043 1872 1081 1913 ac
1103 1859 1180 1932 tum,
1202 1851 1317 1936 gratiis
1338 1853 1429 1933 actis,
1448 1848 1594 1936 hospites
1616 1847 1753 1913 dimittet

328 1946 371 2012 ad
393 1948 586 2013 convivium.

411 2042 473 2133 [Bl.
503 2045 554 2135 t·]
587 2048 817 2134 Designandus
851 2048 892 2114 ab
925 2050 1074 2115 examine
1104 2049 1406 2115 vicecancellarium
1439 2050 1588 2135 impensa
1620 2049 1754 2134 propria

327 2144 502 2210 secundum
530 2159 714 2215 consuetam
740 2149 911 2214 formulam
942 2149 1131 2236 impetrabit
1160 2149 1202 2214 ab
1234 2151 1399 2237 episcopo.
1440 2151 1484 2230 Is,
1515 2147 1656 2233 collegio
1684 2169 1753 2212 con·

289 2253 445 2310 revocato
467 2269 505 2312 ac
527 2247 580 2312 die
600 2249 643 2314 ad
664 2248 920 2336 designationem
944 2249 1041 2330 diota,
1070 2250 1103 2313 in
1129 2249 1291 2314 auditorio
1313 2250 1457 2315 maximo
1483 2247 1615 2334 publice
1644 2246 1754 2312 laudes
1867 2267 1868 2270 ¹

329 2367 442 2410 sacrae
464 2345 631 2413 doctrinae
652 2348 740 2413 dicat
761 2360 792 2414 et
813 2372 889 2413 mox
912 2347 1035 2414 Christi
1055 2349 1185 2413 nomine
1214 2373 1274 2436 pro
1304 2372 1393 2415 more
1423 2347 1635 2428 licentiatum,
1667 2349 1754 2433 prins

327 2446 507 2511 iuramento
528 2446 729 2530 obstrictum,
755 2447 912 2533 designet.
955 2447 1075 2512 Omnia
1100 2447 1180 2512 haec
1203 2448 1275 2535 plus
1297 2451 1402 2513 minus
1431 2449 1517 2511 intra
1539 2447 1637 2510 unius
1658 2446 1755 2510 horae

328 2547 487 2631 spacium.

410 2643 634 2711 Doctoralium
655 2669 732 2712 vero
753 2646 930 2731 insignium
952 2648 1166 2711 ceremoniam
1186 2645 1332 2712 nonnihil
1359 2669 1380 2711 a
1406 2647 1544 2733 pristino
1566 2645 1755 2710 mutandam

286 2745 521 2808 accensuimus.
563 2743 724 2810 Themata
755 2769 814 2810 sua
841 2747 875 2810 in
905 2745 1060 2811 cathedra
1087 2743 1308 2827 inferiori,'ut
1335 2757 1536 2810 caeterarum
1566 2745 1755 2809 facultatum

330 2840 505 2928 designati,
533 2842 575 2908 ab
598 2867 645 2926 so,
675 2867 769 2932 quem
798 2856 1015 2932 promotorem
1038 2855 1172 2925 vocant,
1203 2847 1300 2926 iussi,
1328 2845 1491 2932 explicent
1519 2867 1578 2934 per
1610 2843 1755 2908 ordinem

329 2940 449 3028 singuli
469 2941 564 3008 docte
583 2953 615 3008 et
637 2944 800 3031 eleganter
823 2943 975 3032 claraque
996 2967 1086 3010 voce.
1118 2943 1249 3010 Dehinc
1268 2968 1311 3010 ex
1333 2943 1521 3011 doctoribus
1542 2945 1680 3010 novitiis
1702 2965 1756 3006 sen

328 3040 444 3106 futuris
465 3041 583 3128 aliquis
603 3043 647 3109 ad
667 3043 729 3110 hoo
750 3043 892 3109 delectus
914 3066 931 3108 e
953 3045 1112 3109 contionis
1136 3067 1249 3110 sacrae
1277 3045 1347 3110 loco
1370 3043 1529 3108 declamet
1550 3043 1652 3114 studii
1674 3043 1756 3107 sacri

329 3138 451 3224 laudes,
481 3153 556 3228 post
582 3165 678 3230 quam
706 3146 883 3210 orationem
910 3143 1133 3228 insigniendus
1164 3142 1379 3228 geniculando
1412 3142 1642 3208 iusiurandum
1672 3142 1757 3207 dicat

288 3240 365 3304 asin
386 3239 479 3306 aulae
501 3241 616 3324 medio,
645 3242 771 3308 atinde
791 3245 824 3308 in
847 3242 1036 3308 cathedram
1065 3243 1212 3308 altiorem
1234 3241 1452 3309 conscendere
1476 3243 1566 3323 iussi,
1596 3245 1757 3307 consuetis

328 3340 511 3426 insignibus
532 3363 553 3404 a
574 3353 757 3428 promotore
778 3342 913 3408 honesto
935 3353 1097 3426 ornentur,
1120 3342 1248 3430 pileolo,
1269 3342 1397 3424 habitu,
1420 3339 1596 3406 bibliorum
1617 3341 1703 3406 libro
1726 3351 1755 3406 et

329 3440 449 3506 osculo.
490 3439 563 3521 Quo
585 3442 632 3506 sic
660 3453 792 3528 peracto
818 3445 875 3508 toti
898 3445 1079 3524 consessui,
1108 3441 1379 3531 quemadmodum
1403 3438 1499 3521 solet,
1528 3443 1657 3526 gratias
1683 3451 1757 3527 agat

330 3539 368 3620 is,
398 3541 516 3625 quiex
543 3542 637 3606 novis
664 3540 850 3606 doctoribus
877 3553 927 3607 est
956 3543 1027 3608 loco
1056 3553 1247 3629 postremus.
1290 3541 1383 3622 Quae
1405 3562 1477 3604 cum
1497 3541 1545 3604 ita
1566 3540 1664 3618 liunt,
1692 3553 1756 3604 tmn
1867 3595 1868 3634 p

330 3647 362 3703 et
388 3638 590 3706 auditoribus
620 3639 795 3706 consulitur
822 3640 963 3729 aliquid,
991 3653 1087 3726 grata
1114 3643 1245 3708 interim
1274 3663 1348 3706 cum
1375 3639 1449 3706 aliis
1478 3638 1690 3706 facultatibus
1712 3643 1757 3704 in·

289 3738 493 3826 tosigniendi
515 3739 753 3806 consuetudins.

936 3875 1145 3924 mutuante.

963 3995 1072 4058 Caput
1089 3995 1121 4044 X.

903 4124 1187 4192 Baecalaureandi.

415 4279 509 4364 „Ego
531 4280 579 4344 .N.
601 4281 683 4362 iuro,
711 4301 763 4342 me
790 4300 918 4343 sacram
940 4276 1031 4341 verbi
1053 4275 1105 4340 dei
1127 4273 1308 4338 doctrinam
1337 4293 1418 4358 pure
1445 4281 1478 4335 ct
1502 4269 1643 4335 fideliter
1673 4291 1756 4333 secu·

292 4391 442 4447 aarum
464 4387 495 4443 et
519 4388 639 4444 statuta
660 4376 823 4442 facultatis
850 4399 910 4463 pro
931 4374 1057 4440 viribus
1079 4384 1291 4454 servaturum,
1320 4371 1541 4458 decanumque
1568 4379 1600 4434 et
1621 4371 1756 4434 maiores

333 4502 422 4546 meos
443 4477 553 4543 debita
570 4479 753 4542 reverentia
773 4484 1019 4562 prosecuturum
1041 4497 1122 4540 esse.
1165 4473 1220 4538 Sic
1241 4495 1292 4538 me
1314 4471 1395 4537 deus
1418 4470 1552 4536 adiuvet
1572 4492 1632 4556 per
1653 4491 1756 4534 sacro·

334 4588 480 4645 sanctum
502 4576 705 4663 evangelium
725 4575 848 4641 sunm.“

418 4695 596 4779 „Promitto
625 4695 759 4780 insuper
780 4715 891 4758 coram
916 4691 978 4756 hac
1001 4689 1113 4756 schola
1140 4699 1252 4755 sancta
1277 4685 1352 4770 fide,
1379 4709 1431 4752 me
1460 4685 1600 4773 gradum
1622 4685 1706 4750 hunc
1726 4685 1756 4747 in
1867 4709 1868 4744 t

336 4795 401 4864 alia
420 4793 509 4861 nulla
530 4790 698 4859 academia
718 4815 789 4858 esse
808 4791 1051 4879 repetiturum.“

295 4974 328 5029 tu
934 4953 1147 5022 Licentiandi

420 5093 513 5180 „Ego
528 5095 576 5158 .N.
591 5095 662 5157 iuro
680 5091 774 5156 vobis
798 5092 919 5156 decano
942 5101 973 5154 et
993 5087 1140 5154 facultati
1160 5085 1373 5171 theologicae,
1395 5109 1447 5152 me
1470 5097 1615 5152 sanctam
1638 5083 1753 5152 Christi
1867 5101 1868 5166 ᾗ

338 5193 518 5260 docuinam
539 5193 665 5278 integre
687 5199 878 5272 secuturum,
899 5199 931 5255 et
949 5189 1057 5254 omnia
1077 5209 1193 5277 prava,
1215 5185 1355 5252 obscura
1375 5195 1407 5250 et
1428 5186 1593 5252 haeretica
1609 5185 1754 5270 dogmata
1867 5167 1868 5220 l
