3758 6072
318 431 380 498 36¹1
806 435 858 486 Dia
881 436 1101 502 philosophialis
1119 437 1248 494 Facultlst.

322 622 354 677 at
375 614 421 678 ita
441 612 576 680 ulterius
597 614 761 702 usquead
782 617 956 704 magistros
976 627 1115 704 quatuor
1135 641 1291 686 annorum
1313 628 1448 702 tantum,
1470 621 1547 706 quia
1568 630 1649 689 tnnc
1670 624 1753 690 ordo

318 713 528 802 reincipiatur
557 713 794 784 asenioribus.
845 715 890 781 Et
916 716 1101 803 audientes,
1136 741 1177 784 ne
1201 731 1394 805 graventur,
1431 719 1510 788 dent
1536 745 1599 810 pro
1630 723 1751 790 medie

321 820 387 880 tate
411 820 425 880 1
448 813 517 881 flor.

403 920 451 980 15.
472 914 564 999 Item,
585 938 626 982 ne
648 937 808 1004 pauperes
830 925 1017 1002 graventur,
1039 915 1155 1006 placet,
1178 918 1265 1004 quod
1286 917 1589 1006 vicecancellarius,
1612 923 1670 1011 qui
1691 923 1757 989 erit

274 1021 290 1078 5
320 1011 363 1078 ad
385 1036 507 1081 annum
528 1016 671 1082 futurum
691 1015 776 1082 etin
797 1025 904 1099 antea,
926 1017 1002 1106 quia
1023 1016 1066 1084 ad
1080 1027 1283 1105 praesentem
1303 1040 1369 1085 nou
1390 1027 1497 1106 potest
1519 1043 1554 1086 se
1575 1021 1756 1089 extendere

318 1136 359 1178 ex
383 1135 482 1180 causa
504 1114 707 1202 supradicta,
727 1115 755 1180 si
779 1115 858 1182 velit
884 1116 1062 1205 disputare,
1088 1140 1131 1184 ex
1151 1141 1215 1204 quo
1243 1141 1307 1184 non
1335 1127 1462 1184 tenetur
1492 1119 1611 1210 aliquis
1642 1143 1756 1188 secum

318 1221 420 1296 stare,
450 1213 566 1282 debeat
588 1215 754 1304 disputare
776 1214 876 1282 libros
898 1216 938 1282 de
960 1218 1069 1284 anima
1090 1241 1150 1305 per
1170 1216 1278 1284 titulos
1305 1218 1465 1284 Buridani
1486 1229 1519 1284 et
1543 1219 1657 1305 finire,
1690 1244 1755 1309 pro

316 1334 379 1399 quo
400 1312 519 1380 habeat
540 1338 560 1381 a
581 1314 725 1402 quolibet
743 1315 966 1403 magistrando
988 1340 1086 1382 unum
1107 1317 1266 1384 florenum
1293 1320 1471 1401 rinensem,
1506 1328 1539 1385 ct
1573 1343 1639 1386 non
1666 1321 1757 1387 ultra

318 1411 425 1496 dabit,
456 1414 516 1480 sub
547 1437 604 1480 suo
632 1416 820 1482 iuramento.
870 1415 915 1481 Et
942 1419 1006 1500 sic,
1034 1439 1075 1482 ne
1098 1426 1292 1504 graventur,
1323 1429 1457 1484 careant
1483 1419 1547 1486 alic
1577 1421 1755 1503 exercicio,

278 1521 309 1578 10
318 1511 440 1579 scilicet
461 1512 501 1579 de
522 1516 731 1601 generatione
752 1515 803 1580 val
826 1537 1003 1603 parvorum
1023 1516 1220 1583 naturalium
1241 1517 1294 1582 vel
1317 1516 1357 1583 de
1378 1517 1479 1586 coelo.

402 1619 450 1680 16.
480 1613 563 1680 Item
585 1612 671 1701 quod
706 1614 840 1680 ulterius
870 1615 1051 1702 disputetur
1076 1615 1298 1704 quodlibatum
1328 1617 1504 1683 secundum
1531 1617 1682 1684 nationes
1710 1618 1757 1684 de
1877 1623 1878 1686 f

314 1721 429 1779 cetero.

442 1851 680 1929 Flnpesetoltet:
706 1848 783 1914 Fiat
803 1846 844 1914 de
864 1845 1104 1936 quodlibetario
1125 1849 1208 1915 sicut
1224 1847 1266 1916 de
1286 1847 1410 1916 decano
1432 1871 1492 1938 per
1513 1848 1712 1919 electionem

404 1986 449 2049 17.
470 1981 552 2047 Item
578 1982 734 2070 magister
755 1982 897 2048 existens
919 1979 1066 2068 plenarie
1089 1993 1162 2050 octo
1185 2006 1341 2050 annorum
1362 1982 1482 2050 habeat
1501 1983 1700 2068 facultatem,
1723 1987 1755 2051 si

280 2081 457 2145 ttmateria
488 2081 640 2169 requirit,
677 2079 820 2170 ponendi
852 2091 991 2169 quatuor
1027 2082 1265 2168 conclusiones;
1301 2082 1388 2149 infra
1414 2093 1522 2150 autem
1551 2083 1657 2150 solum
1684 2093 1755 2151 tres

319 2179 549 2247 conclusiones.

402 2287 450 2349 18.
470 2281 553 2346 Item
566 2302 677 2348 omnes
693 2281 843 2368 magistri
863 2287 1011 2345 tenentur
1032 2282 1189 2347 interesse
1210 2293 1242 2348 at
1263 2304 1395 2348 manere
1422 2304 1443 2347 a
1464 2282 1628 2370 principio
1648 2306 1752 2370 usque

316 2380 359 2445 ad
380 2379 486 2464 linem,
509 2377 645 2468 excepto
667 2382 739 2464 isto,
759 2378 846 2470 quod
860 2389 979 2446 exeant
1000 2381 1163 2447 interdum
1180 2404 1240 2469 pro
1263 2381 1402 2466 solaci03
1425 2381 1618 2449 etsimilitar
1632 2381 1753 2450 debent

316 2481 473 2547 interesse
495 2481 664 2569 supposita
685 2480 745 2546 sub
766 2503 832 2547 non
852 2481 1063 2567 promotione.

841 2731 1175 2743 *-

849 2915 993 2969 Zvaiter
1023 2915 1181 2969 ltntvurf.

483 3081 578 3134 eruo
599 3066 723 3132 ruunt
754 3081 1054 3134 nnorsrnsronns:
1077 3067 1539 3150 orsrrn,nur1srornusrs.¹

399 3214 453 3281 Ad
475 3215 674 3282 obviandum
696 3215 907 3303 quibusdam,
930 3239 1013 3305 quac
1034 3238 1095 3304 pro
1116 3225 1264 3305 tempore
1284 3215 1433 3283 facilitati
1453 3218 1579 3284 arcium
1601 3217 1748 3284 obnoxia

316 3315 520 3400 videbantur,
541 3325 573 3382 et
588 3316 764 3403 signanter,
784 3325 820 3382 ut
834 3317 876 3384 ob
891 3316 1384 3384 nosnaauniversitatisfamam
1407 3316 1606 3384 ethonorem
1627 3317 1750 3406 ydonei

318 3416 488 3482 dumtaxat
524 3425 556 3483 et
587 3415 690 3483 abiles
717 3417 751 3481 in
786 3414 912 3482 artibus
940 3426 1207 3504 promoveantur,
1237 3416 1367 3484 condita
1394 3427 1468 3484 sunt
1496 3426 1619 3484 statuta
1646 3418 1749 3484 infra-

276 3519 440 3604 25scripta
466 3527 498 3583 et
520 3539 579 3604 per
599 3516 774 3604 magistros
796 3515 837 3582 de
859 3515 992 3583 consilio
1012 3513 1174 3584 facultatis
1196 3527 1362 3606 tamquam
1382 3516 1598 3585 racionabilis
1617 3540 1749 3585 concor-

319 3617 403 3683 diter
427 3617 620 3705 approbata.

775 3739 799 3800 1.
826 3751 873 3800 nn
896 3749 1093 3800 aanorroun
1116 3749 1253 3799 nsosru

400 3867 563 3948 Primum,
591 3868 669 3954 quia
696 3863 869 3931 decmatui
896 3863 1060 3932 facultatis
1090 3866 1209 3932 artium
1239 3875 1392 3954 quaestus
1417 3874 1454 3931 ut
1474 3865 1653 3954 plurimum
1673 3889 1749 3956 pro-

320 3967 426 4049 venit,
460 3964 649 4054 temporalis
680 3967 823 4054 suspicio
854 3965 945 4032 volat
973 3976 1004 4031 et
1032 3967 1251 4054 praesumitur
1277 3966 1500 4043 vehementer,
1528 3965 1617 4054 quod
1646 3967 1749 4055 aliqui

277 4066 436 4133 30decani
465 4066 506 4132 ob
536 4065 675 4132 fructum
704 4065 896 4153 ampliorem
926 4065 1173 4156 percipiendum
1204 4064 1376 4132 nonnullos
1409 4065 1516 4130 minus
1552 4064 1657 4132 abiles
1693 4067 1748 4132 vel

318 4167 463 4254 ydoneos
483 4165 587 4230 modis
607 4175 640 4232 et
661 4164 777 4232 madiis
805 4167 906 4232 variis
932 4165 1085 4232 inducere
1107 4165 1232 4254 possint
1253 4164 1295 4229 ad
1318 4187 1352 4230 se
1372 4163 1578 4230 examinibus
1601 4167 1748 4231 summit-

317 4265 462 4347 tendum,
487 4263 541 4328 vel
568 4267 664 4331 etiam
685 4265 768 4332 tales
795 4265 877 4332 alias
897 4267 1021 4332 intrare
1039 4265 1185 4331 volentes
1206 4263 1331 4330 laxiore
1351 4264 1461 4350 rigore
1481 4262 1632 4330 adhibito
1652 4263 1746 4330 dissi·

318 4364 479 4432 mulanter
509 4363 656 4432 tolerare.
697 4365 840 4454 Ideoque
869 4364 913 4431 ad
935 4365 1122 4430 huiuamodi
1144 4365 1362 4450 suspicionem
1384 4362 1635 4428 rescindendam
1658 4373 1691 4429 et
1709 4375 1749 4430 ut

319 4464 447 4532 occasio
468 4462 638 4530 laborandi
658 4487 717 4553 pro
740 4464 900 4530 decanatu
918 4464 1120 4552 aliquatenus
1140 4465 1367 4551 restringatur,
1391 4462 1514 4550 placuit
1532 4460 1690 4546 facultati,
1711 4474 1749 4529 ut

277 4566 352 4632 asin
375 4573 472 4628 antea
492 4571 637 4649 tempore
661 4564 826 4630 electionis
846 4566 924 4630 novi
946 4563 1077 4646 decani,
1103 4564 1285 4651 praemissa
1313 4560 1407 4628 solito
1428 4584 1518 4628 more
1539 4562 1748 4630 invocatione

319 4663 424 4730 sancti
437 4662 581 4749 spiritus,
601 4663 734 4750 quilibet
749 4665 980 4752 magistrorum
995 4661 1035 4727 de
1050 4662 1184 4730 oonsilio
1195 4660 1359 4728 facultatis
1382 4660 1442 4727 sub
1463 4684 1523 4727 sua
1543 4664 1748 4730 consciencia

319 4764 406 4829 lrunc
432 4760 532 4848 eligat
558 4761 592 4825 in
618 4760 795 4848 decanum,
831 4785 927 4851 quem
953 4771 1093 4850 protunc
1127 4763 1221 4827 iuxta
1246 4761 1404 4848 temporis
1433 4758 1686 4848 disposicionem
1713 4775 1747 4829 et

320 4863 466 4929 ordinem
483 4860 655 4926 nacionum
678 4861 721 4928 ad
741 4862 981 4951 expediendum
995 4861 1123 4950 singula
1143 4884 1204 4950 pro
1222 4860 1344 4928 honore
1365 4869 1397 4926 et
1416 4859 1556 4927 utilitate
1583 4860 1745 4928 facultatis

542 5015 613 5023 ---

317 5089 321 5097 ⁸
348 5118 358 5168 l
379 5111 555 5184 Vollstr'tndig
570 5110 663 5170 lacten
681 5110 740 5172 ihre
757 5112 876 5170 Names:
893 5111 1000 5184 caspar
1016 5111 1136 5184 Waigel,
1152 5109 1290 5167 lohannes
1309 5109 1460 5182 (Marmar)
1478 5109 1513 5164 de
1532 5109 1695 5182 Ratispona
