3794 6066
339 368 380 432 80
818 364 869 414 Die
887 363 1006 414 Statnten
1025 378 1086 415 rom
1105 365 1187 414 Jahre
1207 367 1279 429 15⁴³,

338 544 477 627 fideliter
498 552 591 609 etex
612 567 673 609 usu
691 545 911 612 universitatis
932 544 1146 611 scholasticae
1166 545 1355 631 dispensare
1374 553 1422 629 et,
1451 543 1578 632 siquid
1599 543 1759 632 reliquum

339 647 446 727 fuerit,
467 665 660 709 conservare
679 644 765 709 velit.

424 742 542 826 Sexto,
571 743 657 829 quod
675 745 837 831 integrum
862 765 1019 828 mensem,
1047 767 1089 809 ex
1115 767 1179 832 quo
1205 746 1398 830 magistratu
1424 743 1556 825 abierit,
1583 743 1617 807 in
1637 741 1760 830 oppido

338 843 502 934 Lipsiensi
516 865 682 908 remanere
701 853 733 908 et
752 842 931 931 postulatus
951 843 1071 908 iudicio
1092 865 1127 908 se
1148 844 1264 908 sistere
1284 852 1325 927 et,
1346 845 1374 908 si
1393 865 1459 932 qua
1477 843 1593 908 merito
1612 844 1762 928 irrogata

316 944 461 1014 tmulcta
479 943 592 1025 fuerit,
620 941 705 1028 quod
731 945 928 1009 successoris
954 943 1004 1008 sui
1031 943 1065 1008 in
1091 942 1148 1008 illa
1168 933 1446 1009 solvenda’iussis
1474 964 1590 1028 parere
1609 941 1703 1024 velit3
1733 943 1762 1006 si

337 1055 443 1112 autem
464 1043 582 1106 iustam
601 1039 742 1128 aliquam
763 1064 893 1108 causam
915 1042 1001 1108 intra
1021 1043 1222 1129 praedictum
1241 1053 1376 1130 tempus·
1388 1041 1578 1108 discedendi
1598 1040 1762 1122 babuerit,

337 1144 423 1233 quod
443 1143 637 1208 constituere
656 1141 734 1208 velit
753 1150 979 1230 procuratores
998 1141 1142 1227 idoneos,
1164 1143 1219 1231 qui
1240 1142 1409 1207 illiusvice
1423 1143 1508 1207 intra
1520 1141 1760 1228 praescriptum

336 1255 464 1330 tempus
483 1240 661 1329 postulari¹
684 1251 715 1306 et
742 1263 930 1307 concessam
949 1240 1014 1306 dici
1035 1251 1067 1306 et
1096 1243 1275 1309 iudicatum
1298 1241 1387 1308 'solvi
1412 1242 1511 1306 iurati
1530 1263 1615 1307 novo
1635 1241 1756 1304 rectori

338 1345 533 1433 promittant

294 1521 328 1577 10
961 1509 1069 1575 Caput
1086 1511 1132 1563 VI.

756 1659 803 1706 Du
824 1659 914 1707 Anca
934 1659 998 1707 SEU
1019 1658 1117 1708 elsua
1136 1658 1294 1707 Potamon.

416 1775 491 1840 Duo
512 1771 766 1859 designabuntur
787 1796 912 1861 quoque
932 1776 1089 1857 semestri,
1110 1777 1166 1863 qui
1187 1775 1306 1862 singuli
1327 1773 1472 1863 singulas
1491 1775 1600 1842 claves
1615 1773 1763 1840 habeant

337 1877 380 1943 ad
400 1895 511 1940 arcam
531 1895 588 1938 seu
607 1873 722 1938 cistam
743 1873 923 1960 publicam,
949 1876 1045 1940 tertia
1064 1884 1171 1939 autem
1193 1874 1295 1941 clavis
1316 1878 1405 1958 (nam
1426 1874 1532 1941 tribue
1554 1897 1683 1962 semper
1704 1875 1762 1940 illa

337 1978 419 2042 seris
439 1974 556 2039 muniri
577 1971 721 2054 debebit)
743 1995 841 2060 penes
860 1983 1018 2040 rectorem
1039 1976 1111 2039 erit.
1141 1974 1179 2039 In
1199 1975 1256 2040 illa
1275 1997 1352 2041 arca
1374 1984 1559 2040 asservetur
1581 1977 1763 2063 repositum

297 2088 329 2142 15
339 2077 443 2142 maius
464 2073 683 2139 universitatis
704 2082 834 2138 nostrae
853 2072 1065 2139 scholasticae
1086 2075 1231 2160 signum,
1251 2075 1328 2140 item
1348 2074 1523 2162 privilegia
1542 2085 1574 2139 et
1600 2075 1762 2162 pecuniae

338 2173 489 2242 eiusdem.
527 2172 579 2239 Ita
598 2181 705 2237 autem
724 2171 772 2236 illi
789 2172 852 2237 duo
873 2172 1030 2261 clavigeri
1050 2172 1318 2260 designabuntur,
1345 2184 1381 2239 ut
1408 2197 1449 2240 ex
1464 2172 1604 2240 'duabus
1624 2175 1764 2240 nationi·

337 2276 400 2342 bus
421 2273 462 2338 de
488 2271 622 2338 consilio
650 2270 779 2359 publico
805 2271 869 2336 duo
899 2282 931 2338 et
949 2296 1026 2340 mox
1047 2296 1089 2338 ex
1108 2273 1242 2362 reliquis
1263 2272 1389 2341 duabus
1409 2273 1597 2339 nationibus
1617 2273 1683 2339 duo
1705 2272 1764 2338 alii

338 2375 509 2460 eligantur,
528 2373 575 2436 sic
596 2369 725 2458 quidem
745 2381 781 2435 ut
800 2373 948 2438 nationes
969 2373 1104 2459 singulis
1126 2373 1335 2440 semestribus
1356 2382 1591 2461 permutentur.
1631 2371 1763 2437 Horum

338 2483 472 2560 uterque
492 2471 658 2558 promittet
677 2470 763 2536 bona
782 2470 847 2535 lide
866 2473 995 2554 rectori,
1016 2494 1061 2555 se,
1082 2472 1125 2536 ad
1144 2473 1355 2538 reserandam
1375 2473 1490 2538 cistam
1503 2483 1664 2555 vocaturn,
1687 2495 1762 2538 cum

295 2559 423 2640 molari
444 2593 503 2636 sua
522 2572 629 2657 ipsum
649 2579 779 2656 praesto
799 2571 941 2635 futurum
964 2593 1050 2654 esse3
1079 2573 1130 2636 sin
1156 2572 1218 2638 boc
1244 2573 1316 2637 fieri
1334 2593 1399 2637 nou
1419 2574 1538 2659 possit,
1559 2581 1762 2655 curaturum,

337 2683 372 2738 ut
391 2667 539 2737 loco'suo
560 2671 611 2735 vir
630 2667 749 2755 dignus
770 2668 833 2734 fide
853 2691 925 2736 eam
947 2671 1071 2754 afferat,
1092 2673 1161 2736 sine
1182 2671 1257 2737 dolo
1278 2675 1366 2738 omni
1387 2693 1426 2738 ac
1444 2671 1568 2738 fraude.

964 2871 1069 2936 Caput
1086 2873 1146 2925 vn.

490 3021 536 3069 Du
558 3019 697 3070 orulclo
717 3019 888 3070 uucroms
908 3021 954 3068 ΕΤ
974 3005 1047 3070 ΑΙ)2
1066 3023 1157 3083 QUAE
1178 3021 1392 3084 uunquam
1411 3023 1605 3072 usmetun.

421 3137 573 3204 Officium
594 3137 728 3202 rectoris
749 3145 798 3202 est
819 3157 930 3204 omnes
949 3139 1171 3204 universitatis
1199 3137 1411 3205 scholasticae
1440 3137 1585 3206 subditos
1614 3141 1700 3205 tueri
1731 3150 1764 3205 et

297 3237 512 3307 25defeudere
532 3259 591 3325 pro
612 3233 700 3302 virili
720 3258 779 3301 sua
799 3245 831 3301 et
849 3233 922 3301 illos
944 3247 1081 3326 paterna
1107 3239 1273 3305 voluntate
1302 3239 1484 3327 complecti.
1525 3237 1665 3327 Quoque
1693 3263 1762 3304 me-

336 3339 398 3405 lius
418 3347 450 3402 et
469 3339 588 3402 rectius
609 3336 700 3422 fungi
719 3357 850 3401 munere
870 3340 982 3424 possit,
1004 3339 1090 3402 intra
1111 3361 1253 3404 mensem
1275 3348 1396 3404 statuta
1416 3339 1525 3405 omnia
1540 3341 1766 3405 universitatis

339 3437 560 3520 scholasticae,
581 3445 613 3501 et
631 3456 671 3500 ea
684 3436 853 3523 imprimis,
874 3459 956 3523 quae
970 3436 1012 3502 ad
1024 3439 1132 3524 ipsum
1147 3447 1303 3526 spectant,
1323 3449 1401 3505 nota
1414 3439 1621 3527 perlectaque
1636 3439 1761 3504 habere

339 3536 443 3604 debet.
484 3537 591 3603 Item³
610 3533 707 3600 debet
727 3537 896 3621 pecunias,
919 3559 939 3600 a
960 3538 1078 3623 prioris
1099 3539 1263 3603 semestris
1282 3549 1408 3604 rectore
1429 3536 1490 3604 sibi
1508 3538 1692 3604 rationibus
1713 3561 1764 3605 re-

336 3639 411 3704 latis
431 3635 584 3716 traditas,
605 3634 639 3698 in
661 3655 771 3699 arcam
790 3634 955 3722 publicam
974 3655 1148 3723 reponere,
1168 3638 1393 3725 praesentibus
1413 3636 1608 3704 consiliariis
1631 3648 1664 3703 et
1690 3637 1766 3704 aliis

298 3747 332 3803 30
341 3736 384 3802 ad
405 3734 487 3801 haec
508 3733 688 3815 destinatis,
710 3735 947 3821 quamprimum
967 3745 998 3802 et
1018 3757 1114 3823 quam
1135 3739 1315 3802 rectissime
1336 3737 1407 3802 fieri
1428 3737 1556 3824 poterit

421 3833 612 3898 Referentur
634 3841 739 3897 autem
759 3855 779 3896 a
800 3833 920 3920 prioris
944 3837 1109 3902 semestris
1128 3846 1253 3903 rectore
1273 3839 1416 3903 rationes
1435 3839 1562 3926 accepti
1579 3845 1611 3903 et
1628 3839 1768 3925 expensi

339 3938 374 4000 in
401 3933 595 4019 magistratu
628 3952 685 3997 ruo
714 3953 799 3997 novo
834 3935 952 4000 rectori
981 3937 1090 4002 statim
1119 3946 1194 4024 post
1222 3947 1389 4024 peractam
1415 3936 1635 4003 laudationem
1663 3937 1769 4024 ipsius

344 4056 454 4100 coram
476 4029 672 4098 consiliariis
692 4031 735 4096 ad
756 4030 818 4098 hoc
837 4031 1025 4120 designatis.

423 4131 556 4197 Rectori
576 4153 633 4197 suo
654 4132 801 4196 semestri
822 4142 917 4197 extra
937 4133 1094 4221 oppidum
1114 4134 1202 4201 ultra
1222 4135 1365 4202 triduum
1386 4137 1501 4203 abesse
1517 4137 1681 4220 nonlicet,
1701 4137 1769 4202 nisi

299 4243 333 4300 35
342 4231 495 4298 facultate
522 4253 542 4296 a
568 4228 698 4318 publico
721 4230 855 4297 consilio
874 4232 1056 4321 impetrata.
1101 4234 1183 4302 Oum
1202 4233 1321 4301 abierit
1342 4247 1398 4302 aut
1417 4236 1530 4328 morbo
1552 4237 1659 4303 aliave
1680 4238 1768 4302 iusta

341 4353 441 4398 causa
460 4329 635 4417 impeditus
656 4353 771 4398 munus
792 4354 885 4398 suum
905 4331 996 4398 obire
1017 4356 1083 4400 non
1104 4335 1232 4420 poterit,
1252 4339 1447 4402 constituere
1467 4336 1599 4404 debebit
1620 4336 1765 4425 aliquem

340 4433 446 4498 virum
465 4451 600 4517 gravem
621 4439 653 4495 et
672 4431 874 4518 prudentem,
896 4433 951 4518 qui
971 4455 1032 4520 pro
1056 4443 1181 4500 rectore
1201 4435 1326 4502 interea
1346 4439 1435 4502 vices
1454 4437 1559 4523 ipsius
1578 4445 1682 4524 gerat

413 4701 423 4751 l
444 4692 629 4752 Gescbrieben
646 4695 720 4750 steht
733 4697 879 4766 perarmat,
897 4697 942 4754 die
959 4697 1057 4754 Worte
1074 4705 1100 4753 et
1115 4717 1267 4755 concessum
1283 4703 1344 4756 dtas·
1360 4702 1421 4757 sind
1437 4701 1490 4757 mir
1507 4702 1616 4757 unklar.

411 4785 426 4836 2
446 4781 486 4834 od
499 4777 576 4834 fehlt.
679 4783 695 4836 3
713 4781 900 4838 (lemhrieben
912 4782 993 4840 ‘steht
1010 4785 1092 4838 Idem.
