3768 6072
324 474 382 538 194
896 471 951 522 Das
972 485 1064 536 gram
1083 469 1187 534 Colleg.

392 689 441 750 27.
462 701 509 748 DE
531 701 686 748 OERVlSlA
709 700 933 748 COMPETENTI
952 701 1021 749 PEO
1042 699 1226 748 mols'rtus
1247 699 1283 746 nt
1305 699 1418 746 mss
1439 698 1675 746 maroneam.

405 833 486 897 Item
509 833 715 896 cervisiarius
733 832 906 919 provideat
929 830 969 896 dc
990 833 1129 896 cervisia
1149 833 1342 916 competenti
1363 851 1424 916 pro
1446 828 1606 910 omnibus,
1626 830 1755 915 nequis

323 932 569 998 excusacionem
590 930 708 995 habeat
729 929 1016 1016 desingularitate
1037 927 1171 996 bibendi
1194 931 1228 994 in
1249 951 1372 994 mensa.

323 1135 373 1198 ⁸28.
394 1147 442 1192 nn
463 1145 577 1192 ronna
599 1145 803 1194 cnsvrsman
823 1145 896 1194 non
917 1145 1161 1194 conrursnrrs
1181 1145 1285 1192 mres
1307 1143 1513 1204 numnam
1535 1143 1625 1191 ross
1647 1143 1755 1190 aman

284 1237 301 1291 5
929 1245 984 1292 sm
1006 1243 1143 1293 osmcn.
1698 1255 1705 1262 ·

406 1358 488 1422 Item
510 1360 716 1434 cervisiarius
738 1361 824 1423 infra
846 1359 1042 1446 quindenam
1063 1359 1213 1446 proxime
1242 1367 1426 1442 sequentem
1454 1355 1551 1420 finem
1581 1378 1660 1420 suae
1688 1378 1756 1419 cer-

326 1459 502 1524 visiaturae
529 1466 656 1523 tenetur
682 1481 754 1522 cum
777 1458 893 1522 effectu
919 1461 1084 1523 racionem
1112 1459 1220 1522 facere
1249 1455 1456 1543 praecedenti
1485 1465 1516 1520 ct
1545 1455 1693 1540 sequenti
1717 1454 1756 1518 de

326 1557 485 1643 expositis
507 1565 538 1620 et
559 1559 723 1642 perceptis
743 1579 821 1622 suae
842 1557 1084 1638 cervisiaturae,
1106 1555 1166 1621 sub
1182 1577 1289 1643 poena
1306 1555 1401 1619 unius
1422 1553 1546 1619 floreni.
1576 1553 1620 1618 Et
1640 1553 1753 1618 eadem

325 1677 433 1742 poena
453 1655 618 1741 respicere
640 1655 737 1720 debet
758 1665 1009 1742 computatores,
1032 1656 1220 1720 cervisiario
1245 1677 1305 1740 pro
1326 1663 1475 1739 computo
1498 1651 1662 1716 audiendo
1685 1675 1756 1716 con·

286 1765 318 1820 to
328 1753 513 1841 deputatos.
552 1754 604 1820 Ita
630 1766 738 1818 tamen
763 1753 859 1841 quod,
886 1755 914 1818 si
940 1756 1048 1842 prima
1070 1756 1253 1840 septimana
1273 1761 1348 1842 post
1369 1751 1565 1838 quindenam
1586 1773 1653 1816 non
1673 1775 1754 1816 oom-

326 1854 499 1940 putaverit,
523 1852 629 1918 solvat
650 1850 730 1917 duos
751 1852 901 1935 florenos,
930 1854 959 1917 si
982 1851 1125 1918 secunda
1144 1863 1220 1934 tres,
1243 1861 1304 1916 etc.
1324 1862 1566 1938 consequenter.
1606 1851 1653 1916 Et
1671 1850 1755 1914 idem

326 1951 367 2016 da
389 1949 667 2038 computatoribus
687 1961 737 2016 est
757 1950 1008 2037 intelligendum.

349 2155 398 2216 29.
423 2169 470 2216 DE
491 2167 648 2216 CERVISIA
669 2167 737 2215 PER
758 2165 1039 2214 Pmounanrnu
1060 2166 1209 2214 alamon
1229 2167 1275 2214 ET
1297 2166 1365 2214 PER
1386 2165 1595 2226 aequumst
1618 2166 1734 2214 OEEVI·

868 2265 1008 2313 suanm
1030 2263 1211 2312 GAPIENDA.

289 2394 320 2449 15
413 2383 496 2448 Item
520 2381 738 2462 cervisiarius,
761 2380 789 2444 si
811 2389 886 2466 post
907 2379 1003 2444 finem
1031 2381 1079 2445 sui
1102 2379 1200 2446 officii
1221 2377 1364 2466 aliquam
1386 2381 1558 2444 cervisiam
1580 2379 1755 2467 reliquerit,

328 2481 416 2546 illam
440 2503 578 2569 sequens
600 2501 718 2565 capere
739 2488 865 2542 tenetur
887 2487 920 2541 et
945 2477 1007 2542 sibi
1033 2479 1204 2564 pecuniam
1225 2487 1359 2560 tantam,
1382 2489 1535 2564 quantam
1557 2501 1617 2564 pro
1640 2501 1680 2542 ea
1704 2500 1755 2542 ex·

331 2581 455 2668 posuit,
484 2578 680 2666 persolvere.
720 2577 757 2642 si
786 2587 894 2641 tamen
922 2578 1130 2642 cervisiarius
1158 2579 1309 2665 antiquus
1338 2576 1468 2662 aliquod
1490 2599 1550 2642 vas
1581 2579 1755 2664 propinare

331 2679 463 2765 incepit,
486 2687 613 2742 tenenrr
633 2675 719 2740 idem
736 2696 837 2762 usque
859 2675 901 2740 ad
921 2674 1017 2740 finem
1039 2677 1237 2758 continuare,
1259 2676 1323 2740 nisi
1345 2674 1517 2762 collegium
1537 2675 1627 2742 aliud
1648 2676 1754 2741 decer-

329 2786 421 2843 neret
441 2774 636 2841 faciendum.

288 2983 322 3040 20
344 2978 393 3042 30.
414 2993 461 3040 DE
482 2988 717 3038 reomensem
739 2989 1003 3038 Proconsronls
1024 2989 1125 3038 cmcs
1149 2989 1332 3038 cnavlsntn
1352 2989 1609 3040 Rusrlomunstt
1631 2991 1755 3040 COLLE-

895 3088 954 3136 (ΗΟ
974 3089 1191 3138 REEERENDA.

412 3222 495 3286 Item
514 3229 641 3286 tenetur
661 3221 868 3286 cervisiarius
888 3221 1082 3286 relacionem
1104 3222 1213 3287 facere
1232 3221 1378 3308 collegio,
1402 3223 1428 3288 si
1449 3233 1643 3310 procurator
1659 3223 1755 3310 negli-

331 3331 444 3408 genter
473 3321 561 3384 ciroa
590 3315 652 3406 [θ’]
682 3321 854 3386 cervisiam
886 3343 920 3385 se
954 3320 1102 3386 babuerit
1136 3331 1168 3386 et
1195 3320 1381 3386 notabiliter
1415 3323 1449 3386 in
1489 3326 1756 3409 praesentaoione

331 3420 540 3507 pecuniarum
570 3419 730 3484 cervisiae
757 3419 926 3502 deiecerit,
956 3431 988 3484 et
1016 3419 1125 3484 facere
1153 3422 1335 3486 mensurari
1362 3443 1459 3504 vasa;
1487 3420 1632 3509 alioquin
1660 3423 1757 3509 negli-

289 3519 447 3604 25gencia
469 3516 531 3582 sibi
554 3519 741 3604 imputetur.

394 3747 452 3814 IV.
475 3748 640 3813 Statuta
662 3751 959 3813 concernencia
981 3769 1114 3813 omnes
1135 3752 1355 3838 magistros
1375 3751 1678 3820 indifferenter.

333 3953 381 4016 31.
403 3961 449 4009 ΕΤ
470 3961 577 4010 PRIMO
593 3961 639 4009 DE
662 3963 857 4010 smunrnrn
873 3963 1102 4012 cosfflsrmms
1126 3965 1171 4014 ET
1193 3967 1240 4014 DE
1257 3967 1356 4016 MODO
1373 3967 1527 4016 Leonum
1549 3969 1757 4018 BENEDlCl‘l'E

835 4061 880 4108 ΕΤ
903 4061 1076 4111 SIMILITER
1098 4063 1253 4114 sancus.

417 4192 539 4258 Omnes
561 4193 710 4280 magistri
732 4191 826 4258 simul
846 4194 1017 4260 comedant
1035 4197 1069 4260 in
1091 4218 1204 4262 mensa
1224 4207 1351 4264 stante
1377 4198 1576 4266 locaoionem
1602 4201 1647 4268 ad
1673 4224 1756 4268 men-

292 4301 406 4357 {tosam
427 4303 501 4378 post
522 4290 680 4357 looionem
699 4313 852 4357 manuum
874 4291 985 4358 dicant
1008 4304 1195 4361 reverenter
1215 4294 1407 4379 benedicite,
1436 4307 1559 4364 stantes
1582 4301 1756 4368 secundum

333 4390 479 4456 ordinem
504 4390 633 4476 collegii
654 4400 687 4456 et
705 4400 820 4479 posteo
842 4393 1083 4458 commensales.
1128 4392 1225 4474 Quod
1254 4395 1342 4462 dicat
1369 4398 1586 4484 praepositus,
1614 4402 1644 4466 si
1664 4401 1757 4467 fuerit

332 4509 487 4576 praesens
510 4499 542 4554 et
561 4489 742 4578 presbyter.
772 4491 837 4557 Sed
858 4493 1044 4578 praeposito
1066 4491 1200 4557 absente
1221 4505 1278 4559 aut
1296 4518 1361 4562 non
1380 4498 1539 4563 existente
1555 4499 1756 4588 presbytero,

333 4587 421 4652 dicat
448 4589 556 4652 senior
581 4591 736 4674 magister
763 4589 937 4677 presbyter
965 4611 1130 4676 praesens.
1172 4590 1270 4671 Quod
1298 4595 1325 4659 si
1354 4595 1460 4661 nullus
1488 4599 1646 4684 magister
1671 4623 1756 4688 pres·

332 4686 427 4774 byter
447 4689 731 4774 praeseminant,
754 4701 873 4754 extunc
893 4689 982 4754 dicat
1003 4687 1176 4776 presbyter
1198 4695 1434 4778 commensalis,
1455 4695 1508 4762 vel
1528 4699 1639 4766 senior
1659 4701 1755 4786 magi·

291 4794 398 4850 35stcr
420 4809 485 4851 non
507 4785 687 4873 presbyter.
730 4788 810 4855 Post
829 4811 974 4853 mensam
995 4797 1114 4870 autem,
1141 4789 1229 4856 iacta
1256 4791 1382 4859 looionc
1402 4817 1566 4881 manuum,
1593 4801 1755 4887 praeposi·

332 4895 382 4950 tus
397 4885 449 4950 vel
469 4887 504 4950 in
524 4887 631 4972 capite
645 4908 776 4952 mensae
797 4887 913 4954 sedens
927 4886 1061 4952 absente
1076 4891 1264 4976 praeposito
1279 4893 1420 4980 primam
1433 4894 1632 4964 bibicionem
1650 4899 1754 4980 iaciat,

333 5006 397 5072 qua
423 5005 482 5071 per
505 4993 605 5050 totam
627 5007 773 5050 mensam
800 4985 962 5073 completa
989 4987 1099 5051 statim
1126 4987 1169 5053 ad
1197 4987 1369 5058 dicendum
1397 4997 1528 5082 gracias
1556 5007 1694 5084 surgant
1716 4995 1753 5064 ds

333 5105 454 5168 mensa,
478 5092 600 5150 stantes
621 5085 656 5149 in
676 5084 790 5152 ordine
813 5109 871 5152 suo
894 5095 926 5150 ct
948 5083 1065 5151 deinde
1087 5089 1329 5156 commensales.
