3768 6072
319 413 380 480 254
888 409 944 462 Das
960 409 1050 462 usus
1067 409 1173 476 consu.

321 617 418 682 quam
445 591 653 657 exactissime
683 592 870 656 scrutinium
897 589 1063 658 habeatur.
1104 592 1182 660 Mox
1210 594 1257 660 sic
1285 592 1328 659 ad
1355 592 1543 660 electionem
1568 591 1741 662 solenniter

322 694 541 782 perveniatur,
564 701 607 772 ut,
630 688 706 755 dato
735 692 828 776 signo
850 691 1062 778 campanulae
1083 703 1116 758 et
1136 693 1308 780 implorato
1330 691 1441 758 divino
1463 693 1595 779 auxilio,
1623 695 1741 781 singuli

321 791 464 876 collegae
498 790 541 855 ad
578 813 694 854 manus
730 790 923 876 praepositi,
962 793 1033 879 ipse
1061 789 1119 880 [2]
1148 791 1192 857 ad
1227 793 1363 858 senioris
1396 803 1507 858 sancte
1542 797 1742 880 promittant,

317 911 576 978 unumquemque
605 911 731 954 summa
759 888 833 972 fide,
863 891 931 954 sine
958 892 1072 956 tioude
1101 900 1133 956 et
1160 891 1244 975 dolo,
1275 891 1385 958 sedulo
1413 891 1448 956 id
1475 893 1637 958 factarum
1663 916 1740 976 esse,

278 1001 295 1056 5
321 1013 384 1079 quo
407 987 505 1054 talem
527 988 681 1074 deligant,
711 990 767 1076 qui
794 1011 907 1054 amans
929 990 971 1054 sit
992 1013 1090 1056 verae
1117 992 1248 1077 pictatis
1275 1000 1308 1056 et
1328 1013 1430 1077 purae
1458 990 1626 1058 doctrinae
1647 1015 1741 1058 evan-

320 1089 407 1177 gelii,
437 1088 528 1176 pacis
556 1096 588 1152 et
608 1085 801 1152 concordiae
822 1088 997 1171 studiosus,
1023 1091 1141 1178 quique
1163 1089 1298 1176 collegio
1326 1101 1526 1174 ornamento,
1555 1091 1741 1157 academiae

319 1189 431 1255 honori
456 1209 527 1252 csse
555 1189 667 1273 possit
710 1187 811 1274 Inque
839 1185 993 1253 electione
1019 1189 1072 1253 hic
1096 1198 1145 1253 est
1166 1187 1388 1254 observandus
1410 1189 1500 1274 orde,
1525 1200 1561 1255 ut
1582 1192 1740 1279 imprimis

319 1289 523 1354 emeritorum
543 1285 702 1351 habeatur
721 1288 816 1370 ratio,
837 1286 954 1352 deinde
976 1310 1094 1372 eorum,
1116 1289 1172 1375 qui
1194 1287 1381 1354 academiae
1402 1291 1556 1373 serviant,
1577 1290 1690 1358 ultimo
1710 1299 1742 1356 et

317 1388 448 1469 horum,
477 1385 517 1450 de
544 1384 660 1470 quibus
687 1384 859 1470 praeclara
887 1409 961 1472 spes
991 1388 1047 1470 sit,
1077 1387 1164 1475 quod
1192 1386 1367 1473 aliquando
1393 1388 1489 1454 utiles
1517 1412 1552 1454 se
1583 1389 1740 1477 praebere

278 1499 310 1554 10
320 1487 435 1552 studiis
457 1483 695 1550 adolescentiae
722 1482 859 1569 legendo
880 1486 932 1550 vcl
958 1487 1103 1553 docendo
1125 1488 1258 1574 possint
1300 1487 1339 1552 In
1361 1487 1507 1554 dicendis
1527 1511 1606 1554 vero
1629 1490 1739 1556 suffra-

317 1589 379 1674 giis
412 1584 491 1650 ordo
524 1585 605 1648 senii
641 1587 766 1648 servari
799 1581 903 1649 debet
943 1585 1152 1673 Praepositns
1185 1608 1264 1651 vero
1297 1586 1472 1652 secundum
1503 1587 1738 1654 multitudinem

317 1686 546 1770 suffragiorum
566 1681 746 1748 concludat
774 1681 833 1748 Sin
854 1685 1100 1770 suffragantium
1115 1696 1191 1751 vota
1213 1687 1277 1750 sint
1297 1688 1400 1771 paria,
1421 1689 1542 1773 poterit
1561 1690 1740 1776 cuicunque

315 1785 453 1852 voluerit
473 1783 560 1870 parti
581 1781 800 1847 concludendo
823 1785 1012 1850 consentire.

652 1943 697 2034 [S.
710 1944 741 2034 3]
764 1965 811 2014 nn
833 1965 1409 2020 rusn1csu1ouuuov1connaeau.

275 2094 307 2151 15
903 2084 1067 2136 statutum
1083 2087 1124 2140 11.

402 2195 577 2264 Celebrate
598 2195 751 2262 electione
773 2197 902 2264 curabit
921 2221 998 2266 mox
1019 2205 1225 2288 praepositus
1248 2223 1307 2288 per
1322 2199 1488 2288 publicum
1502 2201 1630 2289 collegii
1650 2203 1740 2268 mini·

317 2309 431 2380 snum,
456 2305 492 2361 ut
513 2295 613 2361 electo
634 2294 784 2362 voluntas
807 2297 936 2385 collegii
958 2299 999 2365 de
1019 2305 1092 2388 ipso
1114 2301 1335 2383 denuncietur,
1363 2323 1401 2365 ea
1427 2300 1557 2388 quidem
1579 2303 1739 2388 signitica-

317 2401 415 2480 tione,
442 2406 486 2477 ut,
514 2395 592 2482 quid
619 2417 701 2483 opus
730 2399 831 2462 sitin
858 2421 897 2463 ea
919 2422 964 2482 re,
992 2401 1063 2487 ipse
1083 2423 1124 2465 ex
1147 2401 1334 2487 praeposito
1363 2413 1551 2488 cognoscat,
1581 2404 1639 2489 qui
1667 2411 1740 2467 tuuc

318 2497 418 2564 electo
436 2494 580 2582 collegae
601 2505 668 2559 tam
691 2507 813 2562 sumtus
835 2508 868 2563 et
888 2521 996 2582 onera,
1022 2522 1104 2586 quae
1123 2501 1208 2564 ferre
1230 2507 1375 2585 cogatur,
1402 2521 1498 2586 quam
1518 2501 1690 2568 commoda
1711 2511 1740 2568 ct

274 2595 542 2674 wemolumenta,
570 2616 652 2681 quac
674 2617 716 2658 ex
736 2599 976 2662 accessionibus
998 2597 1127 2684 collegii
1147 2597 1281 2681 habeat,
1311 2621 1409 2687 quam
1431 2599 1680 2686 diligentissime
1700 2624 1739 2666 ex

316 2695 445 2762 statutis
472 2693 629 2758 ostendat.
675 2692 775 2760 Suum
805 2707 912 2761 autem
940 2696 1060 2762 electus
1087 2699 1228 2764 animum
1257 2698 1342 2762 iufra
1371 2699 1534 2766 octiduum
1562 2700 1740 2768 declarabit

315 2793 512 2881 praeposito.

664 2907 710 2994 [S.
732 2907 763 2996 4]
785 2929 832 2976 nu
851 2927 1069 2977 sssuumous
1091 2927 1176 2978 vovi
1198 2929 1390 2980 conanum.

900 3047 1063 3098 Statntum
1080 3049 1138 3099 111.

275 3171 308 3226 25
399 3160 526 3225 Octavo
549 3157 641 3224 dica
662 3169 808 3246 tempore
831 3159 996 3227 electionis
1023 3163 1228 3250 praepositus
1259 3162 1472 3250 congregabit
1497 3163 1680 3250 collegium,
1706 3175 1740 3227 ut

319 3267 494 3346 cognoscat
516 3257 610 3323 electi
634 3261 785 3341 animum,
812 3261 866 3347 qui
894 3263 920 3326 si
943 3261 1185 3347 collegiaturam
1206 3265 1376 3350 receperit,
1403 3266 1619 3328 iuramentum
1640 3263 1738 3327 fideli-

316 3363 391 3424 tatis
413 3380 549 3444 sequens
569 3357 760 3443 praestabit,
781 3346 878 3447 eique
896 3371 1018 3426 statuta
1038 3360 1165 3447 collegii
1184 3362 1224 3426 de
1245 3361 1403 3428 sumtibus
1417 3375 1449 3426 ct
1462 3363 1614 3428 oneribus
1633 3361 1738 3427 simul·

316 3483 379 3548 que
402 3457 578 3524 commodis
606 3468 638 3523 et
666 3457 888 3524 emolumentis
916 3458 1147 3528 recitabuntur.
1190 3461 1247 3526 Sin
1275 3472 1382 3527 autem
1409 3464 1620 3544 recusaverit,
1648 3460 1738 3528 colle·

314 3561 402 3646 gum
425 3559 534 3624 statim
555 3557 598 3623 ad
618 3581 737 3624 novam
758 3558 946 3626 electionem
964 3558 1094 3626 redibit.

272 3735 307 3791 ao
693 3719 738 3810 [S.
759 3719 791 3811 5]
813 3741 1043 3791 masunuruu
1063 3741 1147 3791 aovi
1170 3743 1363 3793 concussa.

888 3859 1055 3910 statutum
1081 3861 1156 3912 1111.

398 3970 444 4058 [S.
456 3968 605 4062 6],‚,Ego
628 3971 673 4036 .N.
695 3973 777 4055 iuro,
799 3974 905 4060 primo
918 3973 1022 4058 vobis,
1045 3977 1231 4064 praeposito
1252 3976 1347 4042 huius
1369 3979 1454 4060 anni,
1474 3977 1658 4064 vestrisque
1671 4001 1738 4044 suc·

317 4070 499 4136 caesoribus
526 4092 578 4136 me
604 4071 637 4135 in
659 4071 809 4136 omnibus
831 4071 927 4138 rebus
954 4073 1107 4159 legitimis
1131 4085 1163 4140 et
1183 4075 1326 4140 honestis
1348 4074 1489 4142 debitam
1515 4081 1736 4164 morigeratio·

315 4194 388 4235 nem
409 4171 640 4256 praestiturum
660 4193 740 4238 esse.
780 4171 939 4256 Secundo,
970 4173 1056 4260 quod
1085 4175 1204 4239 seniori
1234 4185 1267 4240 et
1292 4173 1486 4240 electoribus
1512 4177 1593 4241 meis
1621 4179 1737 4242 iustam

274 4271 530 4336 35reverentiam
558 4268 712 4336 exhibere
733 4272 840 4337 velim.
882 4271 993 4338 Tertio
1017 4281 1146 4357 statuta,
1176 4296 1259 4361 quae
1281 4273 1412 4340 condita
1437 4285 1510 4340 sunt
1537 4285 1570 4341 et
1598 4276 1738 4364 legib'me

317 4367 504 4451 condentur,
539 4367 649 4434 sedulo
670 4381 703 4434 et
732 4369 870 4436 fideliter
898 4395 950 4436 me
978 4383 1181 4437 servaturum
1211 4395 1290 4438 esse.
1335 4373 1469 4457 Quarto,
1497 4375 1584 4462 quod
1615 4387 1739 4443 secreta

320 4466 447 4552 collegii
467 4466 547 4532 nulli
567 4471 813 4554 communicare,
835 4471 1005 4537 commoda
1026 4471 1153 4556 collegii
1174 4471 1341 4556 adiuvare,
1363 4474 1567 4540 incommoda
1592 4487 1737 4542 avertere

317 4570 403 4632 omni
428 4575 574 4654 tempore
600 4571 748 4655 omnique
776 4581 861 4636 statu
881 4572 969 4635 vitae
992 4570 1163 4656 diligenter
1183 4571 1289 4637 velim.
1325 4571 1447 4638 Ultinm
1468 4575 1630 4660 iniuriam,
1660 4577 1736 4642 mihi

314 4666 366 4732 vel
388 4666 551 4732 verbovel
572 4668 657 4731 facto
679 4671 869 4758 autquovis
892 4671 955 4736 alio
976 4669 1072 4736 modo
1093 4693 1113 4733 a
1135 4669 1259 4756 collega
1278 4672 1411 4756 illatam,
1432 4695 1483 4736 me
1506 4676 1652 4742 consulto
1674 4699 1735 4742 uon

274 4773 388 4830 wesse
407 4767 646 4832 vindicaturum
668 4767 725 4832 sed
755 4792 853 4857 super
873 4769 929 4834 illa
958 4767 1115 4834 auxilium
1144 4768 1271 4856 collegii
1299 4772 1546 4859 imploraturum
1568 4797 1649 4840 ease.
1690 4775 1737 4840 si-

317 4885 380 4952 que
400 4865 510 4954 aliqua
532 4869 752 4933 controversia
776 4871 860 4936 inter
882 4891 934 4934 me
961 4879 995 4934 et
1021 4867 1178 4954 collegam
1204 4881 1319 4937 exorta
1346 4873 1456 4955 merit,
1482 4873 1518 4938 in
1544 4896 1584 4939 ea
1612 4897 1737 4962 compo·

315 4964 422 5030 nenda
443 4961 487 5055 [7]
508 4989 559 5032 me
581 4966 747 5034 dictamini
768 4971 900 5035 maioris
922 4969 1025 5056 partis
1048 4967 1250 5034 dominorum
1272 4982 1360 5036 stare
1382 4971 1475 5037 velle.
1507 4973 1562 5038 Sic
1583 4997 1635 5040 me
1660 4975 1736 5040 deus

315 5064 446 5132 adiuvet
473 5077 504 5133 et
531 5077 677 5134 sanctum
705 5067 791 5134 illius
822 5068 1057 5155 otrangenumf‘
1095 5071 1281 5150 (Hieranter
1305 5075 1442 5136 Christus
1463 5097 1512 5136 aar
1532 5079 1652 5138 Kressa
1678 5081 1738 5138 aad
