3768 6072
334 429 394 494 204
907 428 961 478 Das
979 441 1072 492 grosse
1090 427 1195 492 Collag.

337 619 465 674 semme
485 615 517 672 et
538 606 668 672 tradere
688 615 824 672 tenebar·
865 607 955 673 Idem
983 618 1033 673 est
1059 607 1100 672 de
1127 619 1253 676 centum
1280 607 1413 674 florenis
1435 606 1520 674 datis
1544 607 1683 696 collegio
1705 631 1762 696 per

335 709 595 774 testamentarius
627 705 768 772 doctoris
798 704 924 772 Gorlitz
956 730 1016 795 pro
1044 709 1268 774 anniversario
1299 706 1494 773 celebrando
1525 709 1615 774 circa
1646 710 1763 774 festum

334 807 506 873 Boniiacii.

402 974 467 1041 61.1
491 968 553 1059 [ΒΙ.
576 969 646 1058 15⁸]
670 987 716 1036 na
739 987 918 1036 amcanno
940 991 986 1038 nr
1009 990 1283 1039 ramsnnrmno
1306 989 1467 1039 aacrona
1490 991 1693 1042 rnnoaoco

843 1092 913 1140 Vom
934 1092 974 1142 26.
994 1091 1148 1154 September
1169 1092 1241 1146 1496.

291 1216 308 1272 5
416 1208 454 1272 In
479 1207 607 1272 nomine
636 1203 758 1269 domini
786 1205 901 1270 Amen.
942 1205 1036 1270 Anno
1068 1229 1088 1270 a
1116 1207 1286 1271 nativitate
1312 1205 1459 1272 eiusdem
1486 1207 1658 1272 millesimo
1688 1229 1764 1292 qua·

336 1305 588 1392 dringentesimo
609 1305 818 1390 nonagesimo
840 1315 944 1388 sexto,
971 1303 1146 1370 indictione
1176 1303 1430 1391 quartadecima,
1458 1307 1670 1393 pontificatus
1693 1327 1764 1370 san-

336 1406 471 1471 ctissimi
494 1407 527 1469 in
552 1403 682 1471 Christo
705 1405 808 1490 patris
831 1414 864 1468 et
885 1403 1006 1469 domini
1024 1405 1141 1486 nostri,
1170 1404 1293 1471 domini
1313 1403 1495 1470 Alexandri
1516 1404 1630 1470 divina
1655 1405 1763 1492 provi-

337 1504 446 1570 dentia
474 1526 582 1592 papae
607 1504 702 1584 sexti,
730 1525 814 1568 anno
837 1503 905 1567 eius
925 1513 1049 1587 quarto,
1077 1502 1129 1566 die
1152 1525 1229 1568 vero
1250 1503 1347 1569 lunae
1367 1506 1622 1590 vigesimasexta
1644 1504 1766 1568 mensis

337 1603 555 1691 Septembris,
586 1603 667 1668 hora
694 1623 905 1689 vesperarum
935 1601 987 1666 vel
1017 1603 1125 1689 quasi,
1156 1604 1189 1667 in
1221 1603 1344 1668 ambitu
1374 1602 1578 1669 kathedralis
1608 1601 1766 1668 ecclesiae

300 1711 330 1767 to
338 1701 531 1767 Misenensis
549 1701 687 1786 meique,
716 1701 835 1764 notarii
857 1699 989 1787 publici,
1012 1710 1044 1764 et
1063 1702 1192 1764 testium
1216 1700 1486 1788 subscriptorum,
1515 1701 1558 1766 ad
1585 1700 1649 1767 hoc
1670 1723 1764 1766 voca·

337 1811 444 1868 torum
471 1811 502 1866 et
531 1798 717 1888 specialiter
739 1809 937 1885 rogatorum,
966 1801 1152 1887 praesentia
1180 1802 1374 1865 constitutus
1396 1801 1611 1888 personaliter
1631 1821 1766 1864 venera·

337 1899 423 1984 bilis,
452 1901 603 1986 egregius
628 1909 659 1963 et
682 1899 821 1963 eximius
843 1901 903 1974 vir,
932 1896 1080 1964 dominus
1110 1897 1222 1964 doctor
1243 1898 1403 1964 lohannes
1424 1897 1646 1986 Konigsberg,
1673 1919 1766 1986 prae

337 1999 443 2063 dictae
469 1989 661 2064 Misenensis
683 1996 838 2062 ecclesiae
866 1997 1055 2079 canonicus,
1088 2007 1200 2062 cantor
1230 2007 1262 2062 et
1290 2000 1397 2063 senior
1426 2007 1496 2081 etc,
1528 1997 1632 2063 lectus
1660 2020 1767 2081 verus,

335 2097 513 2184 legittimus
541 2105 573 2162 et
601 2095 801 2161 indubitatus
828 2097 1089 2162 testamentarius
1115 2106 1148 2161 et
1174 2097 1308 2162 ultimae
1329 2097 1505 2162 voluntatis
1535 2095 1767 2184 disposicionis

297 2206 492 2261 tbexecutor
513 2194 676 2284 quondam
698 2197 823 2282 egregii
848 2205 881 2259 et
902 2197 1175 2281 praestantissimi
1196 2197 1269 2280 viri,
1298 2196 1422 2262 domini
1444 2197 1593 2282 magistri
1613 2195 1767 2262 Andreae

337 2293 498 2378 Grbners,
529 2294 570 2359 de
592 2297 682 2360 cuius
715 2295 959 2359 testamentaria
991 2295 1223 2360 constitucione
1251 2295 1340 2377 mihi,
1371 2295 1500 2361 notario
1528 2293 1662 2382 publico
1694 2295 1767 2361 sub·

338 2395 471 2480 scripto,
499 2394 699 2460 documentis
721 2393 874 2459 exhibitis
900 2394 1008 2458 animo
1038 2403 1070 2458 et
1096 2395 1273 2459 intentione
1301 2393 1485 2481 exequendi
1512 2406 1544 2458 et
1571 2393 1767 2480 perficiendi

337 2493 476 2579 praefati
506 2493 627 2558 domini
660 2493 806 2577 magistri
837 2491 988 2556 Andreae
1016 2495 1239 2558 constituentis
1266 2494 1478 2558 novissimam
1505 2491 1707 2558 voluntatem
1737 2503 1767 2556 et

338 2601 564 2656 testamentum
584 2590 798 2679 praedictum,
821 2589 884 2655 sibi
906 2592 953 2655 ita
974 2594 1193 2674 commissum,
1216 2591 1365 2658 omnihus
1388 2590 1576 2657 melioribus
1599 2593 1668 2674 via,
1688 2593 1766 2674 iure,

297 2691 445 2756 wiorma
466 2699 497 2753 et
523 2712 632 2771 causa,
662 2688 780 2776 quibus
804 2689 838 2754 id
867 2688 982 2755 melius
1011 2701 1043 2755 et
1071 2690 1235 2756 efficacius
1264 2693 1369 2778 potuit
1395 2700 1428 2755 et
1455 2689 1567 2754 debuit
1593 2712 1634 2755 ac
1663 2700 1769 2778 potest

338 2797 370 2853 et
390 2787 497 2870 debet,
524 2788 567 2853 ad
593 2787 646 2852 dei
674 2789 902 2875 omnipotentis
931 2787 1060 2854 laudem
1087 2792 1319 2877 memoratique
1348 2789 1490 2855 deflmcti
1519 2788 1645 2854 domini
1674 2791 1768 2876 mgri

340 2888 504 2953 testatoris
532 2888 660 2952 animae
687 2886 822 2952 salutem
849 2895 944 2972 atque
973 2889 1140 2974 praefatae
1168 2887 1273 2954 almae
1300 2889 1522 2953 universitatis
1549 2887 1769 2975 Lipckaensis

339 3009 378 3051 ac
409 2988 576 3074 potissime
608 3008 721 3051 sacrae
756 2985 918 3050 facultatis
950 2986 1152 3073 theologicae
1183 2987 1283 3052 decus
1313 2996 1569 3074 perpetuumque
1601 2987 1768 3070 honorem,

339 3085 474 3151 celibem
496 3108 623 3174 quoque
643 3087 830 3150 memoriam
853 3095 974 3150 certam
996 3109 1154 3151 summam
1177 3087 1373 3152 florenorum
1392 3084 1654 3171 hungaricalium
1677 3109 1767 3150 aure·

297 3195 445 3267 250rum,
477 3207 563 3248 nunc
589 3184 632 3249 ad
659 3207 829 3249 numerum
851 3195 883 3248 et
908 3184 1053 3250 valorem
1083 3187 1334 3272 quingentorum
1361 3185 1558 3250 florenorum
1584 3187 1768 3251 renensium

339 3307 375 3350 se
395 3283 631 3367 extendentem,
661 3306 721 3371 pro
751 3283 885 3370 capitali
919 3305 1045 3349 summa
1074 3295 1106 3348 et
1134 3285 1378 3370 comparatione
1407 3305 1587 3350 annuorum
1617 3307 1770 3352 censuum

340 3385 456 3470 viginti
478 3384 619 3471 quinque
639 3381 835 3448 florenorum
855 3383 1040 3448 renensium
1061 3384 1095 3446 in
1117 3403 1196 3446 auro
1212 3381 1254 3446 ad
1276 3382 1435 3470 capellam
1454 3381 1616 3470 praedicti
1637 3385 1770 3450 maioris

340 3482 482 3568 collegii,
511 3481 685 3548 accedente
708 3480 832 3546 adhoc
861 3483 1002 3546 omnium
1029 3481 1232 3546 dominorum
1262 3483 1493 3568 magistrorum
1524 3490 1557 3547 et
1585 3482 1769 3569 collegiatu-

339 3606 411 3648 rum
433 3581 513 3646 mihi
535 3579 680 3646 exhibito
699 3580 833 3646 litterali
854 3603 1022 3662 consensu,
1045 3579 1105 3644 sub
1125 3579 1348 3646 moderamine
1369 3591 1402 3646 et
1422 3581 1494 3666 lege
1513 3582 1600 3646 infra
1623 3581 1770 3647 deductis

297 3683 474 3768 301egavit,
512 3680 647 3745 donavit
677 3689 709 3743 et
740 3678 917 3762 ordinavit,
953 3689 1051 3766 prout
1083 3678 1124 3744 de
1156 3688 1262 3744 mente
1293 3681 1440 3765 priorum
1471 3680 1770 3767 praedecessorum,

339 3781 543 3846 dominorum
565 3778 743 3859 doctorum,
775 3779 1011 3862 magistrorum
1025 3787 1056 3842 et
1084 3787 1221 3864 patrum,
1249 3775 1371 3843 dudum
1400 3781 1502 3844 eciam
1531 3787 1771 3866 praeconcepta

339 3881 480 3966 desuper
501 3876 589 3964 apud
610 3875 724 3940 fiscum
743 3875 822 3941 dicti
844 3875 973 3961 collegii
993 3886 1067 3942 sunt
1087 3876 1213 3942 litterae
1241 3885 1391 3964 patentes
1421 3876 1590 3963 depositae
1614 3876 1717 3942 latius
1737 3875 1770 3941 id

343 3979 560 4064 exprimentes
593 3973 769 4056 conlectae,
802 3973 953 4039 videlicet
981 3975 1068 4062 quod
1097 3974 1268 4061 collegium
1296 3976 1400 4038 maius
1429 3995 1489 4062 pro
1517 3999 1605 4040 nunc
1635 3975 1768 4041 electum

342 4083 550 4162 praesentare
579 4082 726 4138 teneatur
757 4074 897 4158 egregiis
927 4075 1007 4138 viris
1036 4073 1218 4158 theologiae
1250 4071 1437 4138 doctoribus
1467 4074 1608 4160 praefati
1642 4073 1768 4158 collegii

298 4174 525 4256 35dumtaxat,
554 4195 652 4237 unum
675 4171 850 4253 doctorem,
878 4171 1083 4236 licenciatum
1110 4171 1162 4236 vel
1189 4173 1381 4256 magistrum
1414 4171 1531 4236 abilem
1561 4170 1603 4236 dc
1635 4171 1768 4257 collegio

341 4273 457 4337 maiori
481 4271 686 4357 collegiatum
707 4279 841 4351 tantum,
864 4272 916 4357 qui
940 4273 1033 4334 iuxta
1054 4271 1276 4359 praefatorum
1299 4269 1545 4356 dispositionem
1568 4280 1599 4334 et
1622 4271 1767 4335 commis·

344 4372 467 4436 sionem
488 4369 630 4456 quotidie
651 4369 694 4435 ad
715 4391 811 4434 unam
834 4367 947 4434 horam
967 4369 1098 4456 publice
1119 4370 1153 4433 in
1173 4368 1306 4433 lectorio
1319 4369 1543 4454 theologorum
1558 4377 1590 4433 et
1610 4391 1677 4434 non
1697 4367 1770 4432 alibi

341 4470 444 4556 gratis
470 4469 504 4532 in
530 4468 693 4553 theologia
719 4467 912 4533 resumendo
935 4481 966 4532 et
993 4469 1036 4532 ad
1065 4491 1162 4532 unam
1190 4470 1323 4532 missam
1352 4467 1500 4533 adminus
1527 4468 1562 4532 in
1591 4469 1770 4556 septimana

339 4567 511 4654 legendam
532 4569 566 4631 iu
589 4567 756 4654 praedicta
777 4569 819 4632 sit
838 4567 999 4632 astrictus.
1040 4565 1095 4632 Ad
1124 4589 1220 4654 quam
1248 4568 1382 4632 missam
1411 4577 1442 4632 et
1472 4565 1515 4631 ad
1545 4565 1629 4630 alias
1660 4566 1769 4644 eciam,

300 4669 371 4733 tesi
396 4666 518 4732 ibidem
540 4674 572 4730 et
600 4664 656 4729 alii
677 4665 785 4752 legere
813 4665 929 4746 velint,
959 4665 1092 4747 lumina,
1121 4689 1237 4752 panem
1259 4675 1291 4729 et
1315 4668 1427 4732 vinum
1448 4665 1488 4730 de
1510 4663 1650 4730 ecclesia
1671 4665 1771 4729 sancti

341 4764 469 4832 Nicolai
490 4763 542 4829 vel
569 4763 650 4828 alibi
674 4775 731 4828 aut
760 4765 800 4830 de
822 4766 956 4852 proprio
979 4766 1086 4851 pretio
1108 4763 1195 4830 idem
1218 4787 1386 4830 resumens
1414 4762 1589 4851 providere
1615 4771 1771 4844 teneatur,

343 4863 517 4930 secundum
541 4864 644 4927 eciam
664 4861 799 4928 aliorum
820 4863 1025 4928 dominorum
1047 4873 1176 4950 patrum
1198 4863 1487 4951 praedecessorum
1506 4873 1658 4944 mentem,
1680 4862 1767 4948 prius

422 5087 432 5138 1
459 5081 566 5137 Fortun
583 5077 655 5134 fehlt
672 5077 709 5132 im
729 5075 855 5150 Original
874 5077 920 5133 die
936 5075 1155 5132 durchlaufende
1173 5076 1308 5149 Zflblung.
