3762 6074
363 484 424 558 530
848 481 900 540 tus
921 482 1142 554 pbilosophiscbe
1162 477 1291 541 urenae

442 650 532 752 Quid
554 671 653 758 igitur
675 693 740 752 eos,
766 671 822 758 qui
844 669 964 736 vellent
983 671 1160 738 ascendere
1179 670 1265 736 bunc
1285 668 1425 756 gradum
1447 666 1618 756 dignitatis
1639 677 1673 734 et
1693 689 1777 756 supe

356 780 429 836 rent
448 773 598 858 magistri
619 770 777 836 bonarum
800 771 918 834 artium
945 771 1105 858 appellari
1126 781 1158 836 et
1177 771 1259 852 lieri,
1287 791 1353 852 eos,
1383 770 1527 856 inquam,
1554 768 1638 855 quid
1663 771 1700 834 in
1721 771 1778 834 suis

355 870 472 936 studiis
505 879 673 958 praestare
703 864 768 956 [33]
797 891 992 958 servareque
1021 879 1186 958 oporteret
1217 869 1260 933 ad
1290 891 1384 956 spem
1411 868 1653 956 progressionis
1684 867 1778 950 buius,

354 971 506 1056 ignorare
527 979 671 1034 vestrum
699 967 838 1056 aliquem
860 990 1000 1056 aequum
1023 993 1089 1035 non
1116 979 1179 1052 est,
1208 991 1281 1033 cum
1308 967 1474 1055 descripta
1499 970 1585 1033 ratio
1612 966 1673 1032 illa
1702 979 1779 1030 extet

312 1078 329 1134 5
356 1079 388 1133 et
418 1068 549 1157 publica
577 1069 766 1133 recitatione
801 1088 928 1154 quoque
966 1091 1051 1134 anno
1090 1082 1204 1156 quater
1232 1066 1466 1155 promulgetur,
1492 1065 1624 1151 quando
1652 1075 1687 1130 et
1715 1065 1779 1147 alia

354 1189 439 1254 quae
471 1169 674 1254 propositum
708 1165 940 1254 consiliumque
967 1166 1033 1232 tale
1063 1165 1214 1250 deceant,
1250 1177 1402 1232 accurate
1433 1165 1601 1255 explicata
1635 1164 1779 1231 omnibm

355 1265 480 1353 pariter
500 1266 770 1332 demonstrantur.
813 1265 907 1330 Haeo
928 1287 1014 1331 nunc
1037 1264 1168 1354 quidem
1188 1266 1365 1354 repetendo
1385 1265 1552 1348 inculcari,
1575 1265 1684 1331 denuo
1707 1287 1780 1352 opus

354 1376 505 1449 nonest,
531 1365 584 1430 vel
611 1364 681 1430 fieri
711 1365 820 1451 potius
847 1363 909 1429 hoc
929 1389 993 1430 non
1016 1365 1128 1448 debet,
1158 1388 1234 1431 nam
1264 1367 1292 1432 si
1318 1368 1392 1454 quis
1419 1368 1546 1432 nescire
1574 1387 1609 1430 se
1638 1365 1781 1446 fateatur,

356 1476 509 1552 quantam
542 1464 714 1530 audaciam
747 1474 778 1528 et
808 1465 1021 1529 temeritatem
1060 1465 1174 1551 petitio
1209 1463 1296 1530 illius
1331 1463 1581 1552 complectatur,
1619 1467 1696 1554 quis
1725 1489 1780 1530 nou

315 1575 348 1632 10
357 1564 472 1631 videt?
500 1564 610 1645 Quare
631 1561 857 1629 recordabitur
878 1565 1101 1651 unusquisque
1121 1563 1340 1629 conditionum
1362 1575 1395 1630 et
1413 1565 1533 1652 legum,
1554 1565 1676 1651 quibus
1697 1567 1781 1651 quasi

355 1666 542 1730 certaminis
571 1665 665 1728 istius
692 1661 809 1729 modus
838 1661 999 1745 delinitur,
1028 1673 1060 1727 et
1088 1664 1123 1728 in
1153 1661 1238 1728 hauc
1265 1661 1365 1728 veluti
1393 1687 1524 1730 arenam
1555 1687 1614 1730 suo
1645 1663 1780 1751 periculo

355 1787 390 1830 se
421 1785 492 1829 esse
526 1762 757 1828 descensurum
790 1761 956 1848 cogitabit.
998 1761 1071 1826 Non
1107 1763 1194 1826 enim
1225 1762 1327 1827 futuri
1358 1785 1468 1828 sumus
1498 1762 1705 1850 negligentes
1733 1773 1781 1827 sut

354 1863 482 1930 remissi
503 1865 538 1927 in
561 1865 602 1928 iis
623 1860 847 1944 observandis,
877 1881 960 1948 quae
982 1859 1137 1926 diuturna
1163 1860 1423 1928 consideratione
1450 1863 1695 1928 communitatis
1718 1885 1779 1928 sea-

353 1963 464 2028 tentiis
486 1971 563 2028 sunt
583 1962 768 2027 constituta.

315 2089 347 2146 ¹5
441 2077 524 2146 Cum
556 2089 665 2144 autem
699 2077 762 2142 duo
796 2077 860 2142 sint
891 2077 999 2163 capita
1030 2075 1157 2141 illorum
1188 2077 1345 2159 omnium,
1374 2099 1471 2142 unum
1501 2077 1729 2144 assiduitatem
1754 2089 1782 2144 et

356 2177 503 2245 ordinem
526 2177 714 2258 studiorum,
742 2176 880 2241 alterum
905 2176 1106 2241 honestatem
1132 2179 1221 2240 vitae
1252 2199 1291 2241 ac
1319 2199 1447 2242 morum
1475 2177 1676 2263 probitatem
1704 2201 1781 2243 com·

355 2277 510 2366 plectens,
539 2276 579 2342 de
611 2275 727 2341 studiis
747 2285 780 2340 et
800 2298 886 2341 nuno
913 2297 1155 2362 cognoscemus,
1185 2297 1269 2361 quae
1299 2277 1489 2362 poterimus,
1519 2286 1552 2341 et
1577 2299 1657 2342 mox
1685 2279 1782 2365 inqui-

357 2377 430 2442 sitio
451 2377 562 2442 futura
583 2383 632 2439 est
654 2375 767 2440 sedula
788 2384 820 2440 et
842 2384 975 2440 attenta
1017 2375 1205 2440 Meminisse
1233 2385 1338 2438 autem
1367 2377 1513 2462 potestis,
1541 2387 1630 2441 certe
1652 2375 1782 2458 debetis,

354 2477 455 2542 fuisse
483 2473 734 2560 frequentandas
765 2474 863 2539 boras
892 2473 1042 2561 publicae
1073 2472 1254 2554 doctrinae,
1286 2473 1403 2560 quibus
1431 2473 1640 2562 philosophia
1662 2477 1782 2542 Aristo·

313 2575 455 2640 20telica
476 2573 610 2639 docetur
632 2572 674 2638 ab
695 2574 815 2638 eximio
838 2573 1021 2660 professore
1042 2571 1127 2637 illins
1135 2574 1155 2653 ¹,
1176 2573 1318 2660 itemque
1337 2575 1504 2658 utriusque
1524 2572 1660 2660 linguae
1677 2577 1784 2664 optimi

357 2682 486 2740 autores
508 2681 709 2754 enarrantur,
739 2681 770 2736 et
796 2671 980 2758 explicatur
1002 2671 1150 2738 doctrina
1175 2668 1347 2752 rhetorice,
1376 2672 1524 2760 physica,
1551 2674 1784 2742 mathematica

356 2772 409 2837 De
436 2771 487 2836 bis
514 2771 614 2857 igitur
642 2793 726 2835 nunc
755 2793 962 2858 quaeremus,
990 2767 1055 2858 [34]
1083 2785 1118 2836 ut
1145 2791 1396 2856 cognoscamus,
1425 2794 1509 2860 quae
1536 2773 1784 2861 uniuscuiusque

356 2881 501 2936 vestrum
524 2869 689 2957 publicam
712 2869 892 2936 doctrinam
914 2869 1143 2958 frequentandi
1166 2869 1265 2934 tuerit
1284 2869 1476 2954 assiduitas,
1505 2873 1539 2936 in
1560 2871 1782 2960 disputationi·

356 2969 418 3036 bus
452 2971 549 3036 etiam
586 2991 646 3033 nee
677 2991 743 3034 non
775 2968 946 3034 rhetoricis
981 2967 1270 3036 exercitationibus
1307 2969 1453 3056 uunquid
1485 2970 1592 3036 studio
1624 2995 1785 3060 operaque

313 3079 467 3136 tivestra
494 3069 545 3152 iis,
573 3091 656 3156 quae
677 3069 882 3156 praescripta
910 3079 999 3150 sunt,
1030 3069 1229 3134 satisfactum
1258 3069 1314 3150 sit,
1344 3069 1604 3155 investigabitur.
1647 3071 1694 3138 Et
1715 3095 1784 3160 quo

356 3169 445 3234 niam
478 3169 512 3233 in
542 3167 593 3232 bis
626 3167 774 3232 omnibus
806 3177 839 3232 et
874 3166 1012 3254 singulis
1045 3165 1269 3255 depraehensa
1305 3166 1503 3254 negligentia
1535 3171 1785 3258 uniuscuiusque

356 3275 575 3355 contemptum
604 3266 764 3354 quendam
786 3265 893 3332 iuditii
920 3289 959 3331 ac
987 3268 1165 3332 sententiae
1193 3267 1434 3331 communitatis
1461 3275 1592 3332 nostrae
1615 3269 1786 3358 complecti

356 3365 497 3449 videtur,
519 3365 596 3452 quid
619 3366 718 3430 statui
739 3364 780 3430 de
802 3388 841 3431 ea
863 3365 1057 3452 decernique
1080 3364 1206 3450 debeat,
1229 3363 1472 3430 deliberationis
1487 3375 1519 3431 et
1536 3367 1669 3434 arbitrii
1687 3373 1785 3436 nostri

355 3477 405 3532 est
426 3467 579 3532 futurum.

313 3593 347 3650 30
438 3581 493 3648 Ad
524 3582 724 3648 honestatem
754 3603 879 3647 morum
908 3581 1057 3669 vitaeque
1086 3581 1281 3668 probitatem
1310 3579 1397 3667 quod
1425 3583 1556 3666 attinet,
1587 3607 1656 3650 non
1686 3587 1786 3651 minor

357 3705 436 3748 cura
457 3683 519 3747 erit
545 3681 763 3768 inquisitionis
791 3689 921 3746 nostrae
948 3703 1030 3746 neve
1060 3677 1163 3746 levior
1184 3679 1436 3762 animadversio,
1464 3704 1529 3768 quo
1552 3685 1676 3750 seimus
1698 3685 1785 3771 flagi·

355 3784 474 3847 tiorum
499 3782 717 3868 vitiorumque
743 3780 886 3845 maculas
913 3801 984 3844 esse
1012 3778 1181 3846 foediores.
1225 3777 1314 3859 Quid
1346 3789 1454 3844 antem
1483 3803 1566 3868 opus
1592 3795 1644 3848 est
1673 3784 1784 3849 borum

356 3901 478 3966 genere
498 3879 646 3945 referre?
670 3879 751 3946 Cum
776 3877 916 3944 dedecus
936 3889 968 3943 et
989 3877 1155 3966 turpitudo
1176 3879 1258 3964 ipsa,
1280 3881 1429 3966 quamvis
1444 3878 1517 3943 aliis
1534 3881 1659 3967 ignota,
1680 3894 1785 3948 tamen

356 3983 436 4063 eius,
465 3981 520 4067 qui
548 3979 693 4061 admisit,
723 3977 946 4044 conscienciae
968 3979 1002 4042 in
1025 3987 1200 4064 conspectu
1227 3977 1268 4042 sit
1291 3999 1429 4064 semper,
1458 3977 1498 4044 de
1520 3979 1571 4046 his
1593 3983 1696 4070 igitur
1716 4005 1783 4071 per·

313 4078 523 4166 toquirendis
545 4077 721 4166 pecuniaria
743 4077 838 4144 labor
859 4077 1063 4164 suscipietur.

441 4193 641 4261 Promittetis
663 4205 771 4260 autem
793 4203 869 4259 ante
890 4193 1000 4259 omnia
1020 4191 1231 4260 iurisiurandi
1257 4192 1415 4278 religione
1436 4217 1486 4277 ea,
1512 4219 1597 4284 quae
1619 4199 1687 4262 iam
1709 4199 1784 4264 reei-

356 4293 522 4378 tabuntur,
549 4318 588 4360 ac
614 4293 771 4380 cogitabit
798 4293 1017 4380 unusquisque
1045 4294 1153 4358 animo
1176 4315 1244 4375 suo,
1271 4291 1350 4378 quid
1377 4315 1453 4359 vere
1476 4293 1643 4362 affirmare
1672 4300 1784 4386 possit,

356 4393 617 4481 promissumque
637 4392 775 4459 fideliter
797 4391 939 4458 studebit
959 4400 1138 4478 praestare.

436 4591 456 4627 „
464 4543 558 4630 „Ego
580 4543 628 4608 .N.
650 4545 721 4610 iuro
742 4543 849 4608 eta““
870 4551 906 4607 ut
928 4562 1030 4626 supra
1052 4538 1093 4604 de
1112 4539 1298 4608 baculariis.

310 4701 345 4759 to
437 4689 484 4780 [S.
505 4687 557 4780 ³5]
585 4691 678 4755 Haec
703 4701 738 4756 ut
759 4689 891 4757 recitari
913 4689 1084 4755 audivistis
1109 4701 1265 4778 concepta
1286 4688 1405 4772 verbis,
1434 4691 1483 4756 sic
1510 4713 1553 4756 ex
1583 4693 1686 4758 animi
1717 4717 1783 4760 sen·

352 4794 455 4860 tentia
483 4789 604 4879 singuli
631 4788 790 4873 iurabitis,
818 4788 853 4855 id
881 4799 944 4871 est,
972 4809 1044 4854 esse
1074 4787 1253 4875 legitimam
1282 4788 1427 4855 sobolem
1458 4813 1724 4882 unumquemque
1753 4803 1785 4856 ct

350 4907 500 4959 evenmm
521 4889 696 4981 petitionis,
724 4891 906 4978 quicunque
926 4891 955 4954 is
975 4889 1090 4972 fuerit,
1119 4910 1224 4975 aequo
1246 4888 1357 4953 animo
1380 4911 1415 4954 se
1436 4889 1684 4978 annalistarum,
1714 4895 1782 4957 sine

470 5157 525 5218 Dic
541 5157 642 5214 Worte
656 5155 693 5210 ab
709 5154 809 5210 sermo
822 5157 987 5229 professore
1001 5153 1081 5209 altius
1096 5152 1159 5209 sind
1177 5152 1277 5208 wieder
1293 5153 1514 5226 snsgmnicbem
