3794 6066
314 430 354 493 92
798 436 849 484 Die
868 435 986 485 Statuten
1005 451 1066 486 vom
1084 436 1167 488 saure
1188 441 1259 494 teta,

319 611 446 693 Quodsi
467 633 542 677 reus
562 635 604 677 ne
625 621 693 678 tum
715 612 844 699 quidem
867 639 1027 704 apparere
1048 641 1158 684 coram
1179 629 1304 684 rectore
1315 617 1463 701 voluerit,
1486 627 1542 682 aut
1563 621 1591 684 si
1614 631 1741 686 senten-

317 712 393 793 tiae,
415 712 450 775 in
471 711 531 776 boc
551 711 647 776 modo
669 712 834 778 absentem
855 715 950 798 latae,
972 740 1088 805 parere
1108 719 1316 800 recusaverit,
1341 739 1501 783 consensu
1521 717 1645 804 publici
1666 743 1741 786 con·

319 811 385 876 silii
412 810 583 896 relegetur.
624 813 662 878 In
689 815 827 898 negotiis
854 825 964 882 tamen
994 827 1026 882 et
1055 820 1161 884 causis
1181 817 1278 884 valde
1301 816 1411 883 arduis
1433 818 1612 905 procedere
1632 827 1742 885 rector

320 913 354 976 in
373 910 494 976 iudicio
517 910 626 994 debet,
654 914 878 999 praesentibus
908 915 1105 984 consiliariis
1132 920 1214 1002 suis,
1245 916 1421 983 secundum
1441 919 1665 985 universitatis
1686 942 1742 985 no·

294 1019 408 1076 tetrae
428 1009 655 1077 definitionem.

884 1173 1056 1224 statutum
1073 1173 1173 1223 XXIV.

665 1283 712 1330 DE
737 1285 888 1335 sacros!
909 1289 1167 1337 EXHIBENTIBUS
1189 1287 1400 1336 stobaeum.

404 1397 506 1463 Nemo
532 1400 752 1464 universitatis
782 1411 912 1467 nostrae
940 1403 1054 1470 ditioni
1082 1405 1246 1470 subiectus
1275 1405 1402 1469 actione
1422 1399 1496 1466 vel¹
1517 1399 1663 1466 vindicta
1684 1403 1742 1466 irn-

320 1505 423 1582 petat,
453 1495 575 1563 directe
602 1498 654 1563 vel
685 1499 859 1583 indirecte,
889 1525 948 1590 per
974 1527 1009 1569 se
1036 1504 1087 1570 vel
1117 1527 1176 1591 per
1196 1502 1311 1585 alium,
1343 1498 1514 1566 verbovel
1534 1500 1641 1584 lacto,
1668 1525 1742 1566 eum

281 1595 371 1659 lovel
394 1617 466 1677 eos,
493 1619 514 1662 a
542 1597 659 1686 quibus
688 1598 860 1664 mulctatus
887 1604 1085 1688 punitusve²
1105 1604 1217 1687 fuerit,
1247 1603 1343 1689 quive
1363 1603 1397 1666 in
1416 1599 1545 1664 mulctis
1566 1621 1607 1664 ao
1628 1602 1743 1686 poenis

322 1695 500 1760 statuendis
528 1707 560 1762 et
586 1697 757 1783 exigendis
786 1701 952 1766 consilium
980 1713 1012 1769 et
1038 1725 1171 1791 operam
1193 1702 1350 1768 dederint.
1392 1699 1457 1781 Qui
1476 1699 1603 1781 fecerit,
1633 1699 1676 1764 ab
1704 1721 1743 1764 eo

321 1805 447 1860 centum
468 1796 577 1862 florini
598 1799 781 1883 exigantur,
802 1822 938 1885 quorum
960 1800 1128 1868 dimidium
1150 1803 1354 1868 universitati
1368 1810 1499 1867 noemae
1517 1819 1557 1862 ac
1571 1797 1743 1864 dimidium

322 1896 351 1959 ei
373 1895 426 1959 vel
447 1898 505 1978 eis,
528 1919 608 1984 quos
619 1897 803 1984 impedierit
825 1910 857 1964 et
878 1901 995 1988 quibus
1007 1899 1170 1984 molestus,
1191 1905 1238 1967 ita
1259 1911 1295 1966 ut
1315 1901 1436 1966 dictum
1458 1907 1517 1980 est,
1537 1898 1644 1982 buerit
1669 1920 1743 1984 per-

319 1993 474 2060 solvatur.
518 1996 598 2082 Ipsa
626 2008 732 2063 autem
759 2001 953 2066 universitas
982 2001 1175 2068 scholastica
1200 2001 1297 2067 debet
1317 1999 1404 2066 omni
1425 1996 1489 2062 fide
1510 2019 1550 2062 ac
1571 1997 1743 2084 diligentia

282 2102 313 2156 15
323 2115 443 2180 operae
464 2104 496 2159 et
515 2095 671 2182 praesidii
694 2099 743 2164 sui
764 2099 921 2164 adiuvare
947 2123 1072 2183 omnes,
1098 2101 1153 2186 qui
1179 2123 1240 2188 pro
1263 2099 1368 2165 officio
1390 2119 1448 2164 suo
1469 2096 1588 2162 delicta
1608 2098 1744 2185 punient

321 2203 354 2258 et
373 2216 495 2280 poenas
517 2197 655 2281 exigent.
698 2196 795 2279 Quod
817 2201 846 2264 si
866 2198 1010 2282 accidat,
1037 2213 1073 2265 ut
1103 2199 1217 2265 borum
1238 2222 1320 2264 unus
1341 2209 1398 2265 aut
1418 2197 1529 2283 plures
1550 2218 1675 2284 poenae
1696 2197 1743 2260 iu·

320 2293 427 2359 flictae
452 2303 509 2359 aut
536 2305 672 2360 exactae
698 2299 842 2379 nomine,
872 2299 941 2364 sive
968 2298 1106 2364 durante
1130 2301 1200 2365 sive
1228 2299 1319 2364 finito
1346 2298 1557 2384 magistratus
1582 2305 1743 2382 tempore,

320 2395 516 2480 impetantur
539 2406 597 2462 aut
617 2418 807 2483 quacunque
824 2399 950 2463 ratione
971 2421 1011 2464 ac
1028 2400 1083 2464 via
1105 2398 1319 2482 offendantur,
1341 2397 1535 2464 universitas
1556 2406 1668 2461 nostra
1688 2417 1744 2459 eos

319 2494 444 2558 fortiter
473 2494 646 2561 defendere
682 2506 714 2560 et
746 2497 977 2583 impetentibus
1004 2508 1035 2563 et
1064 2497 1299 2564 offendentibus
1327 2520 1362 2563 se
1389 2517 1569 2584 opponere,
1605 2494 1745 2581 denique

283 2602 438 2659 womnes
469 2617 509 2660 ac
536 2595 680 2682 singulos
708 2597 770 2661 hoc
800 2598 930 2662 nomine
955 2606 1042 2663 tutos
1069 2607 1101 2662 et
1126 2597 1274 2664 omnibus
1302 2594 1546 2664 difficultatibus
1568 2595 1746 2660 exbicatos

320 2702 489 2780 praestare
508 2693 613 2759 debet.

898 2816 1066 2868 Statutum
1084 2817 1166 2866 XXV.

620 2930 667 2978 DE
690 2929 873 2980 SUSPEGTIS
894 2931 939 2978 ET
961 2932 1008 2979 Da
1030 2931 1252 2980 Punds'florva
1271 2929 1439 2980 attonuit.

404 3043 632 3132 Unusquilibct
653 3046 779 3112 delatus
802 3045 843 3110 ad
864 3057 1038 3129 rectorem,
1069 3049 1287 3136 cuiuscunque
1309 3046 1418 3112 delicti
1438 3045 1583 3128 nomine,
1612 3043 1742 3110 indiciis

279 3144 421 3208 ttcertis
439 3145 714 3229 concurrentibus,
741 3145 838 3211 debet
859 3169 893 3212 se
913 3146 1057 3231 legitime
1079 3170 1230 3234 purgare.
1267 3145 1363 3228 Quod
1384 3147 1412 3210 si
1433 3167 1499 3210 non
1520 3145 1642 3227 fecerit,
1664 3153 1743 3208 tanr-

324 3265 421 3331 quam
441 3243 529 3310 illius
550 3247 715 3310 convictus
738 3247 900 3332 puniatur.
941 3245 1049 3311 Debet
1069 3250 1166 3312 etiam
1188 3247 1361 3334 complices
1381 3244 1501 3327 delicti,
1522 3266 1658 3330 quorum
1671 3266 1744 3308 oon-

324 3345 409 3408 scius
437 3354 501 3427 est,
532 3347 675 3431 exigenti
704 3347 822 3411 rectori
851 3345 1014 3429 indicare,
1045 3346 1143 3434 idque
1168 3358 1277 3412 rector
1305 3345 1365 3411 sub
1391 3345 1566 3411 iuramenti
1589 3342 1746 3430 religione

320 3443 483 3531 inquirere
505 3454 620 3532 potest

889 3580 1056 3631 Statutnm
1076 3581 1173 3633 xxv1.

277 3687 311 3744 30
652 3695 700 3742 DE
728 3695 853 3745 POENIS
879 3697 915 3743 m
937 3696 1104 3746 srs'rurls
1125 3697 1198 3746 Nori
1217 3694 1411 3746 EXPRESSIS.

403 3812 521 3876 Rector
553 3833 618 3875 una
646 3833 718 3876 cum
750 3809 978 3877 assessoribus·
991 3835 1050 3900 pro
1072 3811 1207 3878 arbitrio
1228 3834 1286 3877 suo
1307 3833 1419 3876 omnes
1441 3809 1664 3898 delinquentes
1687 3831 1743 3896 pu·

319 3912 390 3976 nire
418 3918 527 3996 potest
552 3912 584 3976 in
611 3912 652 3975 iis
679 3909 822 3992 delictis,
855 3932 991 3998 quorum
1024 3934 1131 3999 poena
1161 3913 1195 3976 in
1225 3912 1355 3976 statutis
1387 3909 1476 3976 nulla
1500 3918 1551 3976 est
1577 3929 1744 3995 expressa.

323 4009 449 4092 Quodsi
469 4032 529 4096 pro
549 4031 600 4093 re,
622 4033 777 4097 persona,
799 4008 879 4092 loco,
900 4018 1044 4098 tempore
1065 4021 1097 4076 et
1117 4013 1328 4096 quacunque³
1347 4011 1433 4075 iusta
1455 4009 1496 4074 de
1518 4031 1618 4075 causa
1639 4027 1744 4094 poena

321 4111 496 4175 constituta
518 4112 623 4198 impar
646 4133 717 4176 esse
737 4109 854 4174 delicto
876 4111 948 4175 visa
969 4111 1081 4194 firerit,
1102 4111 1178 4176 licet
1198 4111 1239 4175 de
1260 4112 1419 4176 sententia
1440 4108 1581 4196 plurium
1602 4129 1743 4174 assesso·

280 4219 395 4276 atrum
416 4211 537 4276 rectori
557 4209 646 4276 illam
668 4231 789 4297 augere
812 4219 843 4274 et
863 4211 946 4276 sonti
966 4211 1164 4296 graviorem,
1186 4211 1327 4275 carceris
1349 4210 1463 4292 etiam,
1486 4209 1663 4296 imponere

881 4379 1053 4432 statutum
1070 4381 1179 4432 XXVII.

318 4498 366 4544 DE
380 4481 667 4546 ΟΡΡΟΗΕΝΊῚΒΗΒ4
680 4497 719 4546 SE
731 4497 769 4544 IN
780 4495 1040 4544 IURISDIGTIONE
1054 4495 1264 4544 EKERGENDA
1281 4497 1352 4544 AU'I'
1370 4493 1743 4544 anmanvusssmrsmua

405 4610 596 4697 Quicunque
616 4614 735 4677 rectori
756 4620 813 4676 aut
834 4610 1052 4678 assessoribus
1072 4610 1159 4676 illius
1179 4613 1214 4675 in
1234 4609 1457 4677 iurisdictione
1479 4633 1540 4676 sua
1560 4608 1743 4676 exercenda

321 4723 377 4778 aut
398 4711 544 4778 sontibus
569 4734 691 4798 poenas
715 4711 891 4798 infligendo
915 4721 971 4777 aut
992 4709 1122 4776 easdem
1144 4709 1332 4796 exequendo
1358 4733 1429 4777 sese
1450 4711 1650 4798 opposuerit,
1671 4732 1742 4798 per·

281 4813 400 4879 toiurii
420 4811 483 4878 hoo
503 4813 576 4900 ipso
597 4811 682 4877 facto
702 4811 836 4877 crimine
856 4810 1027 4878 tenebitur.

397 5037 407 5086 1
428 5029 615 5087 Gesohrieben
632 5029 670 5084 ist
686 5037 718 5085 et.
832 5033 847 5083 2
865 5025 1052 5084 Geschrieben
1069 5023 1143 5078 steht
1155 5026 1271 5096 punita
1289 5026 1354 5080 iam.

391 5114 612 5172 asachneben
631 5114 667 5168 ist
682 5133 701 5169 a
717 5127 877 5184 memeque
1020 5107 1243 5166 illecebrieben
1259 5109 1297 5164 ist
1311 5109 1539 5180 coraponmb'deu.
