3788 6078
360 550 420 614 566
857 543 907 594 na
925 543 1110 608 theologicus
1126 545 1255 596 recurat.

359 727 596 795 canicularibus
617 727 893 794 extraordinarias
915 724 1156 813 disputaciones
1179 724 1350 792 duodecim
1370 725 1558 794 ordinariae
1581 726 1775 816 disputacio-

364 851 422 895 nes
442 852 502 917 per
523 829 696 914 magistros
720 827 902 892 antedictae
922 824 1085 892 facultatis
1100 825 1134 890 in
1146 825 1311 914 theologia
1323 825 1515 910 habeantur,
1538 827 1774 894 distribuendae

358 939 389 994 et
413 926 629 1016 disputandee
650 928 743 992 iuxta
763 927 919 992 materiae
940 935 972 991 et
997 926 1154 1012 temporis
1176 927 1439 1014 congruenciam.
1481 927 1522 992 In
1544 949 1687 1016 qnorum
1708 951 1774 1017 qua-

357 1027 438 1094 libet
463 1027 686 1114 disputacione
713 1027 943 1112 magistrorum
970 1022 1173 1089 baccalarius
1199 1023 1383 1112 theologiae
1409 1047 1551 1112 arguens
1572 1036 1605 1091 et
1626 1027 1775 1094 reducens

316 1138 332 1193 5
363 1128 443 1194 duos
463 1150 595 1214 grossos
614 1125 747 1192 habebit
767 1134 799 1190 et
819 1123 958 1190 famulus
979 1123 1201 1188 universitatis
1231 1147 1330 1190 rmum
1354 1147 1515 1212 grossum.
1557 1125 1603 1191 Et
1632 1129 1775 1215 quatinus

357 1227 536 1294 baccalarii
566 1227 601 1292 in
631 1223 909 1312 disputacionibus
943 1220 1213 1288 extraordinariis
1242 1219 1329 1310 [27¹³]
1365 1223 1598 1290 canicularium
1635 1227 1774 1314 frequen·

358 1329 462 1392 ciores
477 1328 618 1392 existant
640 1335 672 1390 et
693 1323 737 1389 ad
757 1322 960 1410 arguendum
981 1323 1014 1388 in
1037 1320 1159 1387 eisdem
1179 1324 1378 1410 paraciores,
1402 1323 1534 1390 cuilibet
1549 1326 1774 1412 magistrorum

357 1426 520 1492 facultatis
548 1427 672 1492 arcium
696 1447 778 1488 unus
806 1445 939 1508 grossus
968 1420 1177 1486 condonetur.
1230 1421 1274 1487 Et
1303 1424 1380 1512 quia
1404 1424 1438 1488 in
1469 1423 1543 1488 aliis
1574 1424 1776 1492 facultatibus

359 1526 458 1592 studii
484 1524 670 1616 Liptzensis
696 1521 905 1588 laudabiliter
929 1521 990 1587 brit
1019 1521 1243 1604 observatum,
1270 1532 1307 1586 ut
1333 1525 1483 1610 magistri
1511 1532 1543 1588 et
1571 1522 1723 1590 doctores
1747 1529 1775 1592 in

318 1637 349 1692 10
360 1626 432 1692 aliis
461 1623 670 1692 facultatibus
695 1620 910 1709 disputamri¹
932 1643 997 1686 non
1026 1619 1129 1686 solum
1150 1619 1278 1686 titulum
1302 1623 1500 1710 quaestionis
1523 1621 1582 1688 sed
1603 1633 1708 1690 totam
1727 1648 1775 1712 po

357 1727 511 1792 sicionem
533 1724 575 1791 ad
597 1725 706 1790 omnia
728 1722 935 1808 collegiorum
962 1719 1035 1786 loca
1062 1718 1191 1807 publice
1217 1721 1369 1786 intimare
1396 1730 1589 1808 procurent,
1612 1721 1655 1788 ob
1678 1723 1727 1806 id,
1745 1735 1776 1789 ut
1868 1743 1869 1750 ¹

357 1848 405 1908 ea,
428 1847 510 1913 quae
532 1828 565 1892 in
592 1822 757 1912 publicam
779 1819 1059 1886 exercitationem²
1079 1820 1226 1884 instituta
1254 1831 1302 1884 est
1329 1819 1528 1907 disputacio,
1558 1821 1692 1908 publico
1712 1823 1775 1890 loco
1868 1817 1869 1848 ³

356 1926 577 1991 universitatis
605 1920 786 1988 scolasticis
815 1919 1031 2000 insinuetur,³
1058 1917 1181 2004 placuit
1208 1918 1356 1985 facultati
1386 1919 1587 2006 theologicae
1607 1922 1775 2008 irrefraga-

357 2023 467 2090 biliter
492 2021 717 2111 praesentibus
744 2019 857 2084 statuit
864 2020 890 2100 ,⁴
916 2027 952 2082 ut
979 2017 1093 2082 similis
1129 2017 1345 2084 intimaoionis
1384 2019 1499 2086 medus
1526 2021 1561 2084 in
1590 2019 1773 2108 theologicis

320 2133 350 2188 15
363 2122 642 2212 disputaciouibus
664 2121 819 2207 insuper⁵
838 2118 966 2205 penitus
988 2116 1187 2198 observetur,
1215 2128 1251 2184 ut
1275 2129 1352 2206 pote
1374 2117 1460 2206 quod
1480 2119 1635 2205 magistri
1657 2131 1690 2186 et
1709 2121 1776 2186 bac·

359 2223 471 2288 calarii
500 2222 653 2308 deinceps
683 2217 848 2284 ordinarie
878 2227 910 2281 et
938 2214 1198 2281 extraordinarie
1226 2215 1424 2304 disputaturi
1451 2229 1551 2282 totam
1584 2221 1776 2306 posicionem

359 2345 431 2387 cum
454 2319 711 2388 conclusionibus
734 2327 765 2382 et
786 2315 987 2396 correlariis,
1010 2317 1100 2402 prius
1130 2325 1256 2382 mature
1276 2319 1435 2400 revisam,
1457 2316 1500 2383 ad
1523 2319 1634 2382 omnia
1656 2321 1776 2384 univer·

361 2423 466 2488 sitatis
489 2420 621 2509 publica
641 2418 729 2500 loca,
759 2416 881 2482 scilicet
907 2417 1095 2480 artistarum
1122 2425 1154 2479 et
1183 2417 1387 2498 iuristarum,
1415 2415 1536 2482 additis
1562 2416 1651 2500 loco,
1680 2418 1732 2484 die
1751 2431 1778 2484 et

359 2521 456 2602 horis,
471 2515 727 2606 pro[28⁵]curent
747 2515 900 2580 intimari.
932 2512 1060 2578 Placuit
1081 2515 1194 2598 eciam,
1217 2514 1303 2602 quod
1324 2514 1504 2597 doctorum,
1524 2515 1777 2583 baccalariornm

317 2629 395 2685 aret
416 2613 700 2706 [licentiatorum?]
724 2635 886 2680 sermones
909 2613 952 2679 ad
973 2612 1095 2678 clerum
1114 2613 1213 2680 fiendi
1236 2614 1408 2680 adomnia
1433 2615 1505 2680 loca
1531 2615 1666 2701 publica
1693 2639 1777 2705 prae

361 2720 460 2783 missa
481 2717 621 2782 debeant
641 2715 792 2781 intimari.

441 3021 497 3080 sm
522 3019 659 3078 scarae
685 3019 736 3077 so
763 3019 892 3090 nocta,
920 3019 1024 3078 aaran
1051 3019 1172 3096 sarrya
1200 3020 1304 3078 lasau
1334 3017 1366 3076 a
1392 3021 1450 3078 aa
1482 3019 1629 3079 urana.
1656 3021 1775 3086 noua
1868 2977 1869 3000 ³

359 3143 387 3184 c.
408 3142 437 3181 u.
463 3120 495 3180 0.
520 3117 708 3194 aaaflthrlich
730 3117 899 3194 mitqctlcilt
921 3119 967 3190 iat,
988 3121 1089 3178 steten
1109 3119 1156 3178 dic
1178 3119 1280 3178 beiden
1292 3120 1459 3196 folgenden
1481 3119 1681 3179 Formatars:

422 3293 448 3352 l.
475 3279 757 3346 Reverendissimo
780 3278 909 3345 domino
930 3289 962 3345 et
984 3281 1134 3368 principi,
1157 3279 1286 3344 domino
1308 3278 1366 3362 .N.,
1388 3281 1542 3368 episcopo
1566 3281 1723 3348 ecclesiae

317 3393 350 3450 25
485 3379 774 3465 Merseburgensis,
788 3378 983 3445 cancellario
1006 3379 1191 3444 academiae
1212 3379 1375 3465 Lipsicae,
1398 3379 1527 3446 domiuo
1549 3391 1662 3449 nostro

942 3479 1198 3544 clementissimo.

443 3609 723 3679 Reverendissime
745 3608 874 3676 domine
897 3625 928 3677 et
949 3611 1195 3678 clementissime
1216 3613 1381 3699 princeps.
1414 3612 1535 3678 Petunt
1556 3613 1620 3678 hoc
1640 3623 1778 3702 tempore

360 3715 446 3782 docti
468 3722 500 3777 et
519 3711 597 3776 boni
617 3711 681 3774 viri
701 3708 774 3794 duo,
803 3721 994 3798 potestatem
1022 3711 1085 3776 sibi
1107 3711 1241 3776 concedi
1269 3713 1303 3776 in
1332 3711 1505 3797 theologici
1535 3713 1636 3778 studii
1663 3715 1779 3803 profes·

363 3818 452 3881 sione
475 3809 564 3898 apud
590 3832 648 3875 nos
670 3807 876 3896 procedendi,
904 3821 939 3875 ut
960 3812 1154 3898 praecipuos
1175 3810 1314 3876 honores
1339 3832 1380 3875 ac
1406 3809 1534 3876 titulum
1560 3811 1705 3878 doctoris
1726 3834 1779 3900 pes

318 3912 635 4002 wopportunitatem
674 3909 848 3995 aliquando
890 3913 1043 3998 consequi
1084 3910 1189 3976 liceat.
1231 3910 1391 3990 Quoniam
1427 3920 1536 3976 autem
1575 3910 1637 3977 hoc
1674 3913 1725 3978 ins
1761 3935 1779 3976 a

360 4025 417 4080 tua
437 4009 707 4078 reverendissima
728 4007 898 4074 elementia
918 4010 1063 4076 obtinere
1083 4020 1195 4076 nostra
1216 4009 1385 4075 academia
1404 4011 1589 4094 consuevit,
1614 4033 1678 4077 nos
1701 4035 1779 4078 com·

361 4113 498 4178 muniter
519 4121 592 4175 tuae
614 4107 904 4174 reverendissimae
924 4109 1112 4176 clementiae
1134 4109 1366 4197 supplicamus,
1388 4120 1423 4174 ut
1443 4111 1539 4176 huius
1559 4112 1688 4197 negocii
1710 4133 1779 4176 exe-

360 4213 520 4277 cutionem
549 4208 705 4274 mandare
732 4217 764 4272 et
791 4217 866 4272 mae
902 4209 1192 4274 reverendissimae
1226 4207 1413 4274 clementiae
1440 4211 1530 4275 vices
1557 4208 1699 4297 benigne
1725 4209 1781 4276 hoc

360 4322 505 4399 tempore
526 4308 677 4394 delegare
698 4307 777 4372 velit
797 4307 970 4394 magnifico
989 4309 1075 4393 viro,
1097 4330 1210 4374 sacrae
1229 4307 1412 4394 theologiae
1432 4309 1566 4393 doctori,
1595 4307 1779 4376 Alexandro

319 4411 481 4492 35Alesio,
510 4408 628 4473 rectori
654 4405 869 4489 academiael
893 4431 953 4496 pro
976 4430 1014 4473 eo
1038 4417 1133 4494 atque
1160 4431 1275 4473 munus
1304 4408 1467 4494 peculiare
1495 4407 1685 4476 clementiae
1710 4419 1779 4476 tuse

361 4509 502 4598 postrdat
528 4517 560 4572 et
585 4505 744 4571 submisse
773 4529 867 4572 orare
896 4507 1037 4574 officium
1063 4507 1158 4574 nobis
1188 4507 1352 4574 incumbit
1392 4509 1431 4574 In
1458 4531 1522 4598 qno
1550 4519 1608 4576 tua
1636 4531 1777 4576 reveren·

450 4731 460 4782 1
480 4723 668 4783 Geschriehen
686 4724 723 4778 ist
740 4725 888 4796 diepam

444 4815 459 4866 2
478 4807 664 4866 Geschricben
683 4807 757 4864 steht
773 4811 944 4868 επνσίιαοίο.

444 4899 460 4950 3
479 4891 664 4950 Geschrieben
684 4892 757 4948 steht
774 4894 942 4950 insinuantia.

445 4975 609 5035 tOffeubar
627 4975 768 5032 euthalten
784 4977 829 5032 dis
846 4977 1087 5050 roraufgehenden
1107 4977 1205 5034 Worte
1221 4979 1300 5035 einen
1319 4978 1427 5034 Febler.

445 5070 462 5132 p
480 5063 560 5118 Etwa
578 5063 607 5115 in
617 5063 767 5133 flammam!

444 5155 460 5204 6
478 5145 573 5201 Durch
590 5145 664 5200 disse
681 5145 800 5219 Angabe
818 5147 885 5201 vird
902 5163 931 5202 es
947 5145 1077 5220 miglich,
1093 5145 1143 5202 das
1161 5145 1233 5202 Jahr
1248 5163 1284 5202 ru
1303 5145 1473 5218 bestimmm
1495 5149 1525 5206 in
1542 5147 1670 5206 rdcbem
1687 5147 1769 5204 dieser

363 5231 444 5289 Brief
456 5229 635 5303 geschrieben
652 5231 697 5286 ist.
732 5231 842 5288 Alesius
858 5248 915 5286 war
930 5233 1034 5289 Rector
1049 5231 1087 5286 im
1105 5229 1229 5288 Sommer
1248 5236 1320 5289 1555.
