<?xml version="1.0" encoding="UTF-8"?>
<!DOCTYPE html PUBLIC "-//W3C//DTD XHTML 1.0 Transitional//EN"
    "http://www.w3.org/TR/xhtml1/DTD/xhtml1-transitional.dtd">
<html xmlns="http://www.w3.org/1999/xhtml" xml:lang="en" lang="en">
 <head>
  <title>
</title>
<meta http-equiv="Content-Type" content="text/html;charset=utf-8" />
  <meta name='ocr-system' content='tesseract 3.04.00' />
  <meta name='ocr-capabilities' content='ocr_page ocr_carea ocr_par ocr_line ocrx_word'/>
</head>
<body>
  <div class='ocr_page' id='page_1' title='image "./diestatutenbche00leipgoog_0473.png"; bbox 0 0 3762 6074; ppageno 0'>
   <div class='ocr_carea' id='block_1_1' title="bbox 354 494 1287 562">
    <p class='ocr_par' dir='ltr' id='par_1_1' title="bbox 354 494 1287 562">
     <span class='ocr_line' id='line_1_1' title="bbox 354 494 1287 562; baseline -0.006 -10"><span class='ocrx_word' id='word_1_1' title='bbox 354 501 414 562; x_wconf 76' lang='lat'><strong>452</strong></span> <span class='ocrx_word' id='word_1_2' title='bbox 846 495 896 546; x_wconf 89' lang='lat' dir='ltr'><strong>Dio</strong></span> <span class='ocrx_word' id='word_1_3' title='bbox 919 494 1140 559; x_wconf 78' lang='lat' dir='ltr'><strong>philosophische</strong></span> <span class='ocrx_word' id='word_1_4' title='bbox 1159 497 1287 546; x_wconf 61' lang='lat' dir='ltr'><strong>Paenitet.</strong></span> 
     </span>
    </p>
   </div>
   <div class='ocr_carea' id='block_1_2' title="bbox 313 675 1783 1165">
    <p class='ocr_par' dir='ltr' id='par_1_2' title="bbox 313 675 1783 1165">
     <span class='ocr_line' id='line_1_2' title="bbox 354 675 1782 764; baseline -0.002 -21"><span class='ocrx_word' id='word_1_5' title='bbox 354 687 513 760; x_wconf 90' lang='lat' dir='ltr'><strong>octavam,</strong></span> <span class='ocrx_word' id='word_1_6' title='bbox 534 677 568 741; x_wconf 91' lang='lat' dir='ltr'><strong>in</strong></span> <span class='ocrx_word' id='word_1_7' title='bbox 590 686 713 742; x_wconf 77' lang='lat' dir='ltr'>aestate</span> <span class='ocrx_word' id='word_1_8' title='bbox 733 685 810 742; x_wconf 91' lang='lat' dir='ltr'><strong>ante</strong></span> <span class='ocrx_word' id='word_1_9' title='bbox 830 676 942 742; x_wconf 90' lang='lat' dir='ltr'><strong>horam</strong></span> <span class='ocrx_word' id='word_1_10' title='bbox 964 677 1168 763; x_wconf 87' lang='lat' dir='ltr'><strong>septimam.¹</strong></span> <span class='ocrx_word' id='word_1_11' title='bbox 1194 675 1337 740; x_wconf 81' lang='lat' dir='ltr'>Tenetur</span> <span class='ocrx_word' id='word_1_12' title='bbox 1359 677 1462 742; x_wconf 91' lang='lat' dir='ltr'><strong>eciam</strong></span> <span class='ocrx_word' id='word_1_13' title='bbox 1484 677 1659 764; x_wconf 88' lang='lat' dir='ltr'><strong>disputans</strong></span> <span class='ocrx_word' id='word_1_14' title='bbox 1685 698 1782 764; x_wconf 88' lang='lat' dir='ltr'><strong>qnae·</strong></span> 
     </span>
     <span class='ocr_line' id='line_1_3' title="bbox 356 773 1782 863; baseline -0.001 -21"><span class='ocrx_word' id='word_1_15' title='bbox 356 780 476 842; x_wconf 81' lang='lat' dir='ltr'><strong>stiones</strong></span> <span class='ocrx_word' id='word_1_16' title='bbox 498 776 713 863; x_wconf 87' lang='lat' dir='ltr'><strong>disputandas</strong></span> <span class='ocrx_word' id='word_1_17' title='bbox 736 773 814 859; x_wconf 89' lang='lat' dir='ltr'><strong>(non</strong></span> <span class='ocrx_word' id='word_1_18' title='bbox 842 774 1057 863; x_wconf 76' lang='lat' dir='ltr'><strong>sophismata)</strong></span> <span class='ocrx_word' id='word_1_19' title='bbox 1088 775 1217 862; x_wconf 91' lang='lat' dir='ltr'><strong>publice</strong></span> <span class='ocrx_word' id='word_1_20' title='bbox 1251 776 1401 840; x_wconf 88' lang='lat' dir='ltr'><strong>intimare</strong></span> <span class='ocrx_word' id='word_1_21' title='bbox 1429 776 1639 862; x_wconf 87' lang='lat' dir='ltr'><strong>praecedenti</strong></span> <span class='ocrx_word' id='word_1_22' title='bbox 1671 775 1722 840; x_wconf 90' lang='lat' dir='ltr'><strong>die</strong></span> <span class='ocrx_word' id='word_1_23' title='bbox 1749 778 1782 840; x_wconf 92' lang='lat' dir='ltr'><strong>in</strong></span> 
     </span>
     <span class='ocr_line' id='line_1_4' title="bbox 354 873 1781 962; baseline -0.001 -21"><span class='ocrx_word' id='word_1_24' title='bbox 354 877 461 943; x_wconf 88' lang='lat' dir='ltr'><strong>valvis</strong></span> <span class='ocrx_word' id='word_1_25' title='bbox 483 875 691 962; x_wconf 92' lang='lat' dir='ltr'><strong>collegiorum</strong></span> <span class='ocrx_word' id='word_1_26' title='bbox 713 877 797 940; x_wconf 90' lang='lat' dir='ltr'><strong>etin</strong></span> <span class='ocrx_word' id='word_1_27' title='bbox 817 875 917 941; x_wconf 90' lang='lat' dir='ltr'><strong>bursa</strong></span> <span class='ocrx_word' id='word_1_28' title='bbox 938 874 1102 941; x_wconf 77' lang='lat' dir='ltr'><strong>facultatis</strong></span> <span class='ocrx_word' id='word_1_29' title='bbox 1126 881 1223 960; x_wconf 89' lang='lat' dir='ltr'><strong>(quae</strong></span> <span class='ocrx_word' id='word_1_30' title='bbox 1245 883 1294 938; x_wconf 86' lang='lat' dir='ltr'><strong>est</strong></span> <span class='ocrx_word' id='word_1_31' title='bbox 1315 873 1430 940; x_wconf 88' lang='lat' dir='ltr'><strong>domus</strong></span> <span class='ocrx_word' id='word_1_32' title='bbox 1454 873 1681 962; x_wconf 87' lang='lat' dir='ltr'><strong>paedagogii).</strong></span> <span class='ocrx_word' id='word_1_33' title='bbox 1700 875 1781 939; x_wconf 89' lang='lat' dir='ltr'><strong>Item</strong></span> 
     </span>
     <span class='ocr_line' id='line_1_5' title="bbox 357 972 1782 1064; baseline -0.004 -22"><span class='ocrx_word' id='word_1_34' title='bbox 357 979 528 1064; x_wconf 91' lang='lat' dir='ltr'><strong>disputans</strong></span> <span class='ocrx_word' id='word_1_35' title='bbox 550 975 713 1040; x_wconf 91' lang='lat' dir='ltr'><strong>ordinarie</strong></span> <span class='ocrx_word' id='word_1_36' title='bbox 735 975 831 1040; x_wconf 89' lang='lat' dir='ltr'><strong>debet</strong></span> <span class='ocrx_word' id='word_1_37' title='bbox 852 974 975 1040; x_wconf 86' lang='lat' dir='ltr'><strong>decano</strong></span> <span class='ocrx_word' id='word_1_38' title='bbox 998 975 1202 1062; x_wconf 78' lang='lat' dir='ltr'><strong>quaestiones</strong></span> <span class='ocrx_word' id='word_1_39' title='bbox 1224 972 1439 1060; x_wconf 77' lang='lat' dir='ltr'><strong>disputandos</strong></span> <span class='ocrx_word' id='word_1_40' title='bbox 1461 983 1492 1037; x_wconf 91' lang='lat' dir='ltr'><strong>et</strong></span> <span class='ocrx_word' id='word_1_41' title='bbox 1512 974 1718 1060; x_wconf 77' lang='lat' dir='ltr'><strong>sophismata</strong></span> <span class='ocrx_word' id='word_1_42' title='bbox 1738 973 1782 1039; x_wconf 88' lang='lat' dir='ltr'><strong>ad</strong></span> 
     </span>
     <span class='ocr_line' id='line_1_6' title="bbox 313 1071 1783 1165; baseline -0.004 -23"><span class='ocrx_word' id='word_1_43' title='bbox 313 1089 329 1142; x_wconf 85' lang='lat'>5</span> <span class='ocrx_word' id='word_1_44' title='bbox 359 1087 506 1165; x_wconf 84' lang='lat' dir='ltr'><strong>quartam</strong></span> <span class='ocrx_word' id='word_1_45' title='bbox 526 1075 657 1156; x_wconf 89' lang='lat' dir='ltr'><strong>feriam,</strong></span> <span class='ocrx_word' id='word_1_46' title='bbox 686 1075 870 1139; x_wconf 88' lang='lat' dir='ltr'><strong>huiusmodi</strong></span> <span class='ocrx_word' id='word_1_47' title='bbox 902 1075 1158 1161; x_wconf 86' lang='lat' dir='ltr'><strong>disputacionem</strong></span> <span class='ocrx_word' id='word_1_48' title='bbox 1187 1071 1454 1159; x_wconf 77' lang='lat' dir='ltr'><strong>praecedentem,</strong></span> <span class='ocrx_word' id='word_1_49' title='bbox 1490 1085 1718 1161; x_wconf 86' lang='lat' dir='ltr'><strong>praesentare,</strong></span> <span class='ocrx_word' id='word_1_50' title='bbox 1748 1085 1783 1136; x_wconf 89' lang='lat' dir='ltr'><strong>ut</strong></span> 
     </span>
    </p>
   </div>
   <div class='ocr_carea' id='block_1_3' title="bbox 356 1169 1880 1260">
    <p class='ocr_par' dir='ltr' id='par_1_3' title="bbox 356 1169 1880 1260">
     <span class='ocr_line' id='line_1_7' title="bbox 356 1169 1880 1260; baseline -0.001 -19"><span class='ocrx_word' id='word_1_51' title='bbox 356 1177 516 1260; x_wconf 87' lang='lat' dir='ltr'><strong>decernat,</strong></span> <span class='ocrx_word' id='word_1_52' title='bbox 540 1198 583 1240; x_wconf 91' lang='lat' dir='ltr'><strong>an</strong></span> <span class='ocrx_word' id='word_1_53' title='bbox 595 1171 825 1238; x_wconf 80' lang='lat' dir='ltr'><strong>emendacione</strong></span> <span class='ocrx_word' id='word_1_54' title='bbox 847 1183 964 1259; x_wconf 86' lang='lat' dir='ltr'><strong>egeant</strong></span> <span class='ocrx_word' id='word_1_55' title='bbox 986 1185 1018 1237; x_wconf 89' lang='lat' dir='ltr'><strong>et</strong></span> <span class='ocrx_word' id='word_1_56' title='bbox 1040 1173 1082 1237; x_wconf 89' lang='lat' dir='ltr'><strong>sd</strong></span> <span class='ocrx_word' id='word_1_57' title='bbox 1097 1172 1328 1258; x_wconf 86' lang='lat' dir='ltr'><strong>disputandum</strong></span> <span class='ocrx_word' id='word_1_58' title='bbox 1345 1169 1473 1260; x_wconf 90' lang='lat' dir='ltr'><strong>publice</strong></span> <span class='ocrx_word' id='word_1_59' title='bbox 1490 1171 1633 1238; x_wconf 87' lang='lat' dir='ltr'><strong>debeant</strong></span> <span class='ocrx_word' id='word_1_60' title='bbox 1650 1171 1783 1237; x_wconf 84' lang='lat' dir='ltr'><strong>admitti</strong></span> <span class='ocrx_word' id='word_1_61' title='bbox 1879 1235 1880 1240; x_wconf 73' lang='grc'>,</span> 
     </span>
    </p>
   </div>
   <div class='ocr_carea' id='block_1_4' title="bbox 358 1349 1781 1514">
    <p class='ocr_par' dir='ltr' id='par_1_4' title="bbox 358 1349 1781 1514">
     <span class='ocr_line' id='line_1_8' title="bbox 358 1349 1781 1420; baseline -0.006 -11"><span class='ocrx_word' id='word_1_62' title='bbox 358 1349 387 1409; x_wconf 75' lang='lat' dir='ltr'><strong>il.</strong></span> <span class='ocrx_word' id='word_1_63' title='bbox 422 1359 541 1420; x_wconf 80' lang='lat' dir='ltr'>QUOTA</span> <span class='ocrx_word' id='word_1_64' title='bbox 567 1357 663 1405; x_wconf 80' lang='lat' dir='ltr'><strong>HOBA</strong></span> <span class='ocrx_word' id='word_1_65' title='bbox 691 1355 851 1403; x_wconf 78' lang='lat' dir='ltr'>DECANUS</span> <span class='ocrx_word' id='word_1_66' title='bbox 879 1355 1025 1404; x_wconf 74' lang='lat' dir='ltr'><strong>mosum</strong></span> <span class='ocrx_word' id='word_1_67' title='bbox 1045 1356 1163 1402; x_wconf 75' lang='lat' dir='ltr'><strong>bacar</strong></span> <span class='ocrx_word' id='word_1_68' title='bbox 1187 1355 1404 1404; x_wconf 73' lang='lat' dir='ltr'><strong>onnlnaltmn</strong></span> <span class='ocrx_word' id='word_1_69' title='bbox 1426 1354 1715 1404; x_wconf 73' lang='lat' dir='ltr'><strong>DrsPUTA&#39;rloffl</strong></span> <span class='ocrx_word' id='word_1_70' title='bbox 1734 1355 1781 1402; x_wconf 83' lang='grc' dir='ltr'><strong>ΕΤ</strong></span> 
     </span>
     <span class='ocr_line' id='line_1_9' title="bbox 691 1453 1450 1514; baseline 0.001 -11"><span class='ocrx_word' id='word_1_71' title='bbox 691 1455 788 1514; x_wconf 76' lang='lat' dir='ltr'><strong>QUOD</strong></span> <span class='ocrx_word' id='word_1_72' title='bbox 812 1455 976 1502; x_wconf 70' lang='lat' dir='ltr'><strong>malasar</strong></span> <span class='ocrx_word' id='word_1_73' title='bbox 996 1455 1187 1503; x_wconf 78' lang='lat' dir='ltr'>ARGUENDO</span> <span class='ocrx_word' id='word_1_74' title='bbox 1208 1455 1285 1502; x_wconf 82' lang='lat' dir='ltr'>SINT</span> <span class='ocrx_word' id='word_1_75' title='bbox 1308 1453 1450 1504; x_wconf 80' lang='lat' dir='ltr'>BREVES.</span> 
     </span>
    </p>
   </div>
   <div class='ocr_carea' id='block_1_5' title="bbox 310 1569 1783 2354">
    <p class='ocr_par' dir='ltr' id='par_1_5' title="bbox 440 1569 1783 1656">
     <span class='ocr_line' id='line_1_10' title="bbox 440 1569 1783 1656; baseline -0.002 -19"><span class='ocrx_word' id='word_1_76' title='bbox 440 1571 562 1654; x_wconf 87' lang='lat' dir='ltr'><strong>Placet,</strong></span> <span class='ocrx_word' id='word_1_77' title='bbox 582 1581 618 1636; x_wconf 89' lang='lat' dir='ltr'><strong>ut</strong></span> <span class='ocrx_word' id='word_1_78' title='bbox 639 1571 788 1656; x_wconf 82' lang='lat' dir='ltr'><strong>magistri</strong></span> <span class='ocrx_word' id='word_1_79' title='bbox 811 1571 982 1635; x_wconf 83' lang='lat' dir='ltr'><strong>visitantes</strong></span> <span class='ocrx_word' id='word_1_80' title='bbox 1004 1569 1262 1656; x_wconf 87' lang='lat' dir='ltr'><strong>disputacionem</strong></span> <span class='ocrx_word' id='word_1_81' title='bbox 1287 1569 1486 1635; x_wconf 85' lang='lat' dir='ltr'><strong>ordinariam</strong></span> <span class='ocrx_word' id='word_1_82' title='bbox 1514 1569 1548 1632; x_wconf 89' lang='lat' dir='ltr'><strong>in</strong></span> <span class='ocrx_word' id='word_1_83' title='bbox 1570 1570 1783 1656; x_wconf 89' lang='lat' dir='ltr'><strong>proponendo</strong></span> 
     </span>
    </p>

    <p class='ocr_par' dir='ltr' id='par_1_6' title="bbox 318 1667 1782 1760">
     <span class='ocr_line' id='line_1_11' title="bbox 318 1667 1782 1760; baseline -0.005 -20"><span class='ocrx_word' id='word_1_84' title='bbox 318 1684 389 1740; x_wconf 84' lang='lat' dir='ltr'><strong>toet</strong></span> <span class='ocrx_word' id='word_1_85' title='bbox 411 1671 577 1760; x_wconf 85' lang='lat' dir='ltr'><strong>arguendo</strong></span> <span class='ocrx_word' id='word_1_86' title='bbox 600 1673 665 1737; x_wconf 89' lang='lat' dir='ltr'><strong>sint</strong></span> <span class='ocrx_word' id='word_1_87' title='bbox 685 1669 811 1752; x_wconf 90' lang='lat' dir='ltr'><strong>breves,</strong></span> <span class='ocrx_word' id='word_1_88' title='bbox 832 1670 880 1734; x_wconf 90' lang='lat' dir='ltr'><strong>ita</strong></span> <span class='ocrx_word' id='word_1_89' title='bbox 902 1669 990 1758; x_wconf 92' lang='lat' dir='ltr'><strong>quod</strong></span> <span class='ocrx_word' id='word_1_90' title='bbox 1010 1668 1118 1734; x_wconf 91' lang='lat' dir='ltr'><strong>nullus</strong></span> <span class='ocrx_word' id='word_1_91' title='bbox 1139 1679 1270 1754; x_wconf 82' lang='lat' dir='ltr'><strong>practer</strong></span> <span class='ocrx_word' id='word_1_92' title='bbox 1294 1668 1451 1732; x_wconf 86' lang='lat' dir='ltr'><strong>decanum</strong></span> <span class='ocrx_word' id='word_1_93' title='bbox 1480 1667 1567 1732; x_wconf 89' lang='lat' dir='ltr'><strong>ultra</strong></span> <span class='ocrx_word' id='word_1_94' title='bbox 1595 1671 1662 1733; x_wconf 88' lang='lat' dir='ltr'><strong>tria</strong></span> <span class='ocrx_word' id='word_1_95' title='bbox 1689 1691 1782 1755; x_wconf 89' lang='lat' dir='ltr'><strong>argu-</strong></span> 
     </span>
    </p>

    <p class='ocr_par' dir='ltr' id='par_1_7' title="bbox 356 1767 1781 1856">
     <span class='ocr_line' id='line_1_12' title="bbox 356 1767 1781 1856; baseline -0.004 -18"><span class='ocrx_word' id='word_1_96' title='bbox 356 1783 465 1838; x_wconf 90' lang='lat' dir='ltr'><strong>menta</strong></span> <span class='ocrx_word' id='word_1_97' title='bbox 486 1770 529 1834; x_wconf 90' lang='lat' dir='ltr'><strong>ad</strong></span> <span class='ocrx_word' id='word_1_98' title='bbox 550 1771 725 1835; x_wconf 85' lang='lat' dir='ltr'><strong>maximum</strong></span> <span class='ocrx_word' id='word_1_99' title='bbox 748 1779 911 1856; x_wconf 88' lang='lat' dir='ltr'><strong>proponat</strong></span> <span class='ocrx_word' id='word_1_100' title='bbox 928 1778 959 1833; x_wconf 92' lang='lat' dir='ltr'><strong>et</strong></span> <span class='ocrx_word' id='word_1_101' title='bbox 980 1767 1044 1833; x_wconf 91' lang='lat' dir='ltr'><strong>duo</strong></span> <span class='ocrx_word' id='word_1_102' title='bbox 1065 1767 1219 1850; x_wconf 81' lang='lat' dir='ltr'><strong>deducat3</strong></span> <span class='ocrx_word' id='word_1_103' title='bbox 1243 1770 1271 1832; x_wconf 92' lang='lat' dir='ltr'><strong>si</strong></span> <span class='ocrx_word' id='word_1_104' title='bbox 1294 1777 1402 1832; x_wconf 91' lang='lat' dir='ltr'><strong>autem</strong></span> <span class='ocrx_word' id='word_1_105' title='bbox 1424 1790 1489 1832; x_wconf 88' lang='lat' dir='ltr'><strong>non</strong></span> <span class='ocrx_word' id='word_1_106' title='bbox 1508 1781 1684 1855; x_wconf 89' lang='lat' dir='ltr'><strong>proponat,</strong></span> <span class='ocrx_word' id='word_1_107' title='bbox 1706 1781 1781 1834; x_wconf 84' lang='lat' dir='ltr'><strong>tunc</strong></span> 
     </span>
    </p>

    <p class='ocr_par' dir='ltr' id='par_1_8' title="bbox 357 1866 1782 1958">
     <span class='ocr_line' id='line_1_13' title="bbox 357 1866 1782 1958; baseline -0.002 -22"><span class='ocrx_word' id='word_1_108' title='bbox 357 1872 443 1937; x_wconf 89' lang='lat' dir='ltr'><strong>ultra</strong></span> <span class='ocrx_word' id='word_1_109' title='bbox 463 1879 601 1958; x_wconf 89' lang='lat' dir='ltr'><strong>quatuor</strong></span> <span class='ocrx_word' id='word_1_110' title='bbox 621 1866 816 1933; x_wconf 89' lang='lat' dir='ltr'><strong>baccalariis</strong></span> <span class='ocrx_word' id='word_1_111' title='bbox 839 1869 1080 1955; x_wconf 87' lang='lat' dir='ltr'><strong>quaestionistis</strong></span> <span class='ocrx_word' id='word_1_112' title='bbox 1100 1890 1165 1933; x_wconf 91' lang='lat' dir='ltr'><strong>uon</strong></span> <span class='ocrx_word' id='word_1_113' title='bbox 1186 1866 1334 1936; x_wconf 85' lang='lat' dir='ltr'><strong>deducat.</strong></span> <span class='ocrx_word' id='word_1_114' title='bbox 1377 1866 1533 1932; x_wconf 88' lang='lat' dir='ltr'><strong>Decanns</strong></span> <span class='ocrx_word' id='word_1_115' title='bbox 1551 1890 1631 1933; x_wconf 89' lang='lat' dir='ltr'><strong>vero</strong></span> <span class='ocrx_word' id='word_1_116' title='bbox 1649 1891 1722 1933; x_wconf 89' lang='lat' dir='ltr'><strong>cum</strong></span> <span class='ocrx_word' id='word_1_117' title='bbox 1741 1871 1782 1933; x_wconf 87' lang='lat' dir='ltr'><strong>sit</strong></span> 
     </span>
    </p>

    <p class='ocr_par' dir='ltr' id='par_1_9' title="bbox 357 1965 1781 2056">
     <span class='ocr_line' id='line_1_14' title="bbox 357 1965 1781 2056; baseline -0.002 -21"><span class='ocrx_word' id='word_1_118' title='bbox 357 1971 405 2036; x_wconf 92' lang='lat' dir='ltr'><strong>ibi</strong></span> <span class='ocrx_word' id='word_1_119' title='bbox 425 1980 462 2034; x_wconf 91' lang='lat' dir='ltr'><strong>ut</strong></span> <span class='ocrx_word' id='word_1_120' title='bbox 478 1977 577 2056; x_wconf 90' lang='lat' dir='ltr'><strong>eaput</strong></span> <span class='ocrx_word' id='word_1_121' title='bbox 600 1966 790 2055; x_wconf 89' lang='lat' dir='ltr'><strong>principale,</strong></span> <span class='ocrx_word' id='word_1_122' title='bbox 825 1977 987 2054; x_wconf 89' lang='lat' dir='ltr'><strong>proponat</strong></span> <span class='ocrx_word' id='word_1_123' title='bbox 1015 1977 1047 2032; x_wconf 91' lang='lat' dir='ltr'><strong>et</strong></span> <span class='ocrx_word' id='word_1_124' title='bbox 1069 1965 1243 2032; x_wconf 89' lang='lat' dir='ltr'><strong>secundum</strong></span> <span class='ocrx_word' id='word_1_125' title='bbox 1269 1965 1425 2054; x_wconf 91' lang='lat' dir='ltr'><strong>placitum</strong></span> <span class='ocrx_word' id='word_1_126' title='bbox 1455 1965 1612 2050; x_wconf 88' lang='lat' dir='ltr'><strong>deducat,</strong></span> <span class='ocrx_word' id='word_1_127' title='bbox 1644 1978 1677 2032; x_wconf 91' lang='lat' dir='ltr'><strong>et</strong></span> <span class='ocrx_word' id='word_1_128' title='bbox 1704 1979 1781 2032; x_wconf 87' lang='lat' dir='ltr'><strong>tem·</strong></span> 
     </span>
    </p>

    <p class='ocr_par' dir='ltr' id='par_1_10' title="bbox 310 2066 1781 2160">
     <span class='ocr_line' id='line_1_15' title="bbox 310 2066 1781 2160; baseline -0.003 -24"><span class='ocrx_word' id='word_1_129' title='bbox 310 2155 311 2160; x_wconf 12' lang='lat'>¹</span> <span class='ocrx_word' id='word_1_130' title='bbox 358 2093 438 2158; x_wconf 89' lang='lat' dir='ltr'><strong>pore</strong></span> <span class='ocrx_word' id='word_1_131' title='bbox 461 2070 540 2134; x_wconf 89' lang='lat' dir='ltr'><strong>satis</strong></span> <span class='ocrx_word' id='word_1_132' title='bbox 565 2078 691 2133; x_wconf 91' lang='lat' dir='ltr'><strong>maturo</strong></span> <span class='ocrx_word' id='word_1_133' title='bbox 714 2070 795 2133; x_wconf 86' lang='lat' dir='ltr'><strong>assit</strong></span> <span class='ocrx_word' id='word_1_134' title='bbox 813 2067 999 2154; x_wconf 89' lang='lat' dir='ltr'><strong>incipiendo</strong></span> <span class='ocrx_word' id='word_1_135' title='bbox 1026 2075 1101 2130; x_wconf 90' lang='lat' dir='ltr'><strong>ante</strong></span> <span class='ocrx_word' id='word_1_136' title='bbox 1126 2066 1241 2131; x_wconf 90' lang='lat' dir='ltr'><strong>horam</strong></span> <span class='ocrx_word' id='word_1_137' title='bbox 1267 2068 1440 2152; x_wconf 89' lang='lat' dir='ltr'><strong>septimam</strong></span> <span class='ocrx_word' id='word_1_138' title='bbox 1468 2067 1503 2131; x_wconf 92' lang='lat' dir='ltr'><strong>in</strong></span> <span class='ocrx_word' id='word_1_139' title='bbox 1523 2076 1667 2151; x_wconf 83' lang='lat' dir='ltr'><strong>aestate,</strong></span> <span class='ocrx_word' id='word_1_140' title='bbox 1699 2077 1781 2132; x_wconf 84' lang='lat' dir='ltr'><strong>octa-</strong></span> 
     </span>
    </p>

    <p class='ocr_par' dir='ltr' id='par_1_11' title="bbox 318 2164 1781 2354">
     <span class='ocr_line' id='line_1_16' title="bbox 318 2164 1781 2252; baseline -0.003 -17"><span class='ocrx_word' id='word_1_141' title='bbox 318 2181 348 2235; x_wconf 87' lang='lat'><strong>15</strong></span> <span class='ocrx_word' id='word_1_142' title='bbox 357 2192 432 2235; x_wconf 92' lang='lat' dir='ltr'><strong>vam</strong></span> <span class='ocrx_word' id='word_1_143' title='bbox 453 2171 487 2234; x_wconf 91' lang='lat' dir='ltr'><strong>in</strong></span> <span class='ocrx_word' id='word_1_144' title='bbox 508 2168 612 2233; x_wconf 90' lang='lat' dir='ltr'><strong>bieme</strong></span> <span class='ocrx_word' id='word_1_145' title='bbox 634 2166 865 2252; x_wconf 87' lang='lat' dir='ltr'><strong>argumentari,</strong></span> <span class='ocrx_word' id='word_1_146' title='bbox 887 2175 923 2230; x_wconf 92' lang='lat' dir='ltr'><strong>ut</strong></span> <span class='ocrx_word' id='word_1_147' title='bbox 945 2168 1047 2231; x_wconf 88' lang='lat' dir='ltr'><strong>eciam</strong></span> <span class='ocrx_word' id='word_1_148' title='bbox 1068 2164 1125 2229; x_wconf 86' lang='lat' dir='ltr'><strong>alii</strong></span> <span class='ocrx_word' id='word_1_149' title='bbox 1147 2165 1295 2250; x_wconf 85' lang='lat' dir='ltr'><strong>magistri</strong></span> <span class='ocrx_word' id='word_1_150' title='bbox 1315 2165 1421 2230; x_wconf 90' lang='lat' dir='ltr'><strong>locum</strong></span> <span class='ocrx_word' id='word_1_151' title='bbox 1449 2165 1612 2252; x_wconf 86' lang='lat' dir='ltr'><strong>arguendi</strong></span> <span class='ocrx_word' id='word_1_152' title='bbox 1633 2165 1781 2231; x_wconf 81' lang='lat' dir='ltr'><strong>habeant.</strong></span> 
     </span>
     <span class='ocr_line' id='line_1_17' title="bbox 356 2263 1403 2354; baseline -0.005 -20"><span class='ocrx_word' id='word_1_153' title='bbox 356 2269 445 2334; x_wconf 91' lang='lat' dir='ltr'><strong>Idem</strong></span> <span class='ocrx_word' id='word_1_154' title='bbox 467 2267 658 2354; x_wconf 85' lang='lat' dir='ltr'><strong>intelligitur</strong></span> <span class='ocrx_word' id='word_1_155' title='bbox 679 2265 720 2330; x_wconf 89' lang='lat' dir='ltr'><strong>de</strong></span> <span class='ocrx_word' id='word_1_156' title='bbox 743 2263 839 2331; x_wconf 88' lang='lat' dir='ltr'><strong>modo</strong></span> <span class='ocrx_word' id='word_1_157' title='bbox 867 2265 1025 2352; x_wconf 88' lang='lat' dir='ltr'><strong>arguendi</strong></span> <span class='ocrx_word' id='word_1_158' title='bbox 1043 2287 1106 2348; x_wconf 92' lang='lat' dir='ltr'><strong>quo</strong></span> <span class='ocrx_word' id='word_1_159' title='bbox 1129 2264 1172 2328; x_wconf 91' lang='lat' dir='ltr'><strong>ad</strong></span> <span class='ocrx_word' id='word_1_160' title='bbox 1193 2263 1403 2330; x_wconf 88' lang='lat' dir='ltr'><strong>baccalarios.</strong></span> 
     </span>
    </p>
   </div>
   <div class='ocr_carea' id='block_1_6' title="bbox 358 2476 1781 2631">
    <p class='ocr_par' dir='ltr' id='par_1_12' title="bbox 358 2476 1781 2631">
     <span class='ocr_line' id='line_1_18' title="bbox 358 2476 1781 2546; baseline -0.001 -12"><span class='ocrx_word' id='word_1_161' title='bbox 358 2476 387 2535; x_wconf 85' lang='lat'><strong>7.</strong></span> <span class='ocrx_word' id='word_1_162' title='bbox 407 2485 582 2546; x_wconf 76' lang='lat' dir='ltr'><strong>QUALITER</strong></span> <span class='ocrx_word' id='word_1_163' title='bbox 603 2485 642 2532; x_wconf 88' lang='lat' dir='ltr'><strong>sa</strong></span> <span class='ocrx_word' id='word_1_164' title='bbox 663 2484 799 2530; x_wconf 77' lang='lat' dir='ltr'><strong>nassas</strong></span> <span class='ocrx_word' id='word_1_165' title='bbox 822 2481 960 2529; x_wconf 76' lang='lat' dir='ltr'><strong>nascar</strong></span> <span class='ocrx_word' id='word_1_166' title='bbox 978 2481 1163 2546; x_wconf 77' lang='lat' dir='ltr'><strong>usmarus,</strong></span> <span class='ocrx_word' id='word_1_167' title='bbox 1185 2481 1242 2530; x_wconf 84' lang='lat' dir='ltr'><strong>our</strong></span> <span class='ocrx_word' id='word_1_168' title='bbox 1264 2480 1475 2530; x_wconf 79' lang='lat' dir='ltr'><strong>msrursmo</strong></span> <span class='ocrx_word' id='word_1_169' title='bbox 1497 2481 1690 2532; x_wconf 79' lang='lat' dir='ltr'><strong>oanmsam</strong></span> <span class='ocrx_word' id='word_1_170' title='bbox 1711 2483 1781 2544; x_wconf 81' lang='lat' dir='ltr'><strong>Quo</strong></span> 
     </span>
     <span class='ocr_line' id='line_1_19' title="bbox 548 2579 1592 2631; baseline 0 -1"><span class='ocrx_word' id='word_1_171' title='bbox 548 2585 594 2631; x_wconf 80' lang='lat' dir='ltr'><strong>sn</strong></span> <span class='ocrx_word' id='word_1_172' title='bbox 618 2583 708 2631; x_wconf 76' lang='lat' dir='ltr'><strong>suan</strong></span> <span class='ocrx_word' id='word_1_173' title='bbox 729 2581 918 2629; x_wconf 78' lang='lat' dir='ltr'><strong>sassronan</strong></span> <span class='ocrx_word' id='word_1_174' title='bbox 939 2580 1197 2629; x_wconf 79' lang='lat' dir='ltr'><strong>conrnnrroms</strong></span> <span class='ocrx_word' id='word_1_175' title='bbox 1220 2580 1421 2628; x_wconf 76' lang='lat' dir='ltr'><strong>consuram</strong></span> <span class='ocrx_word' id='word_1_176' title='bbox 1442 2579 1592 2630; x_wconf 71' lang='lat' dir='ltr'><strong>omnes.</strong></span> 
     </span>
    </p>
   </div>
   <div class='ocr_carea' id='block_1_7' title="bbox 315 2729 1784 3195">
    <p class='ocr_par' dir='ltr' id='par_1_13' title="bbox 315 2729 1784 3195">
     <span class='ocr_line' id='line_1_20' title="bbox 441 2729 1782 2818; baseline -0.001 -22"><span class='ocrx_word' id='word_1_177' title='bbox 441 2731 573 2814; x_wconf 82' lang='lat' dir='ltr'><strong>Placet,</strong></span> <span class='ocrx_word' id='word_1_178' title='bbox 604 2729 690 2818; x_wconf 91' lang='lat' dir='ltr'><strong>quod</strong></span> <span class='ocrx_word' id='word_1_179' title='bbox 722 2729 802 2794; x_wconf 92' lang='lat' dir='ltr'><strong>nulli</strong></span> <span class='ocrx_word' id='word_1_180' title='bbox 831 2731 1060 2815; x_wconf 87' lang='lat' dir='ltr'><strong>magistrorum</strong></span> <span class='ocrx_word' id='word_1_181' title='bbox 1091 2729 1269 2816; x_wconf 88' lang='lat' dir='ltr'><strong>disputatio</strong></span> <span class='ocrx_word' id='word_1_182' title='bbox 1290 2729 1458 2794; x_wconf 90' lang='lat' dir='ltr'><strong>ordinaria</strong></span> <span class='ocrx_word' id='word_1_183' title='bbox 1480 2752 1541 2816; x_wconf 93' lang='lat' dir='ltr'><strong>pro</strong></span> <span class='ocrx_word' id='word_1_184' title='bbox 1563 2730 1782 2817; x_wconf 89' lang='lat' dir='ltr'><strong>complecione</strong></span> 
     </span>
     <span class='ocr_line' id='line_1_21' title="bbox 315 2828 1784 2920; baseline -0.004 -22"><span class='ocrx_word' id='word_1_185' title='bbox 315 2828 444 2920; x_wconf 76' lang='lat'>20[12·]</span> <span class='ocrx_word' id='word_1_186' title='bbox 469 2833 518 2896; x_wconf 90' lang='lat' dir='ltr'><strong>sui</strong></span> <span class='ocrx_word' id='word_1_187' title='bbox 539 2831 660 2897; x_wconf 90' lang='lat' dir='ltr'><strong>biennii</strong></span> <span class='ocrx_word' id='word_1_188' title='bbox 681 2851 737 2893; x_wconf 87' lang='lat' dir='ltr'><strong>seu</strong></span> <span class='ocrx_word' id='word_1_189' title='bbox 758 2831 923 2913; x_wconf 85' lang='lat' dir='ltr'><strong>ingressus</strong></span> <span class='ocrx_word' id='word_1_190' title='bbox 944 2829 1110 2893; x_wconf 85' lang='lat' dir='ltr'><strong>facultatis</strong></span> <span class='ocrx_word' id='word_1_191' title='bbox 1133 2838 1350 2914; x_wconf 87' lang='lat' dir='ltr'><strong>computetur,</strong></span> <span class='ocrx_word' id='word_1_192' title='bbox 1377 2830 1441 2892; x_wconf 90' lang='lat' dir='ltr'><strong>nisi</strong></span> <span class='ocrx_word' id='word_1_193' title='bbox 1470 2851 1544 2893; x_wconf 91' lang='lat' dir='ltr'><strong>cum</strong></span> <span class='ocrx_word' id='word_1_194' title='bbox 1563 2829 1703 2894; x_wconf 90' lang='lat' dir='ltr'><strong>tabardo</strong></span> <span class='ocrx_word' id='word_1_195' title='bbox 1726 2853 1784 2894; x_wconf 87' lang='lat' dir='ltr'><strong>sen</strong></span> 
     </span>
     <span class='ocr_line' id='line_1_22' title="bbox 358 2927 1783 3017; baseline -0.003 -20"><span class='ocrx_word' id='word_1_196' title='bbox 358 2931 472 2997; x_wconf 89' lang='lat' dir='ltr'><strong>habitu</strong></span> <span class='ocrx_word' id='word_1_197' title='bbox 504 2929 687 3016; x_wconf 87' lang='lat' dir='ltr'><strong>magistrali</strong></span> <span class='ocrx_word' id='word_1_198' title='bbox 716 2951 788 2992; x_wconf 92' lang='lat' dir='ltr'><strong>cum</strong></span> <span class='ocrx_word' id='word_1_199' title='bbox 819 2931 916 2992; x_wconf 88' lang='lat' dir='ltr'><strong>mitra</strong></span> <span class='ocrx_word' id='word_1_200' title='bbox 947 2929 981 2992; x_wconf 93' lang='lat' dir='ltr'><strong>in</strong></span> <span class='ocrx_word' id='word_1_201' title='bbox 1015 2951 1147 2993; x_wconf 90' lang='lat' dir='ltr'><strong>scamno</strong></span> <span class='ocrx_word' id='word_1_202' title='bbox 1183 2927 1321 3013; x_wconf 92' lang='lat' dir='ltr'><strong>oblongo</strong></span> <span class='ocrx_word' id='word_1_203' title='bbox 1354 2929 1587 3014; x_wconf 84' lang='lat' dir='ltr'><strong>magistrorum</strong></span> <span class='ocrx_word' id='word_1_204' title='bbox 1614 2941 1783 3017; x_wconf 83' lang='lat' dir='ltr'><strong>appareat,</strong></span> 
     </span>
     <span class='ocr_line' id='line_1_23' title="bbox 357 3026 1784 3115; baseline -0.003 -19"><span class='ocrx_word' id='word_1_205' title='bbox 357 3030 506 3096; x_wconf 90' lang='lat' dir='ltr'><strong>adminus</strong></span> <span class='ocrx_word' id='word_1_206' title='bbox 528 3052 586 3115; x_wconf 89' lang='lat' dir='ltr'><strong>per</strong></span> <span class='ocrx_word' id='word_1_207' title='bbox 614 3028 728 3093; x_wconf 90' lang='lat' dir='ltr'><strong>horam</strong></span> <span class='ocrx_word' id='word_1_208' title='bbox 755 3030 872 3104; x_wconf 88' lang='lat' dir='ltr'><strong>(eciam</strong></span> <span class='ocrx_word' id='word_1_209' title='bbox 902 3028 930 3092; x_wconf 93' lang='lat' dir='ltr'><strong>si</strong></span> <span class='ocrx_word' id='word_1_210' title='bbox 955 3027 1060 3092; x_wconf 89' lang='lat' dir='ltr'><strong>locum</strong></span> <span class='ocrx_word' id='word_1_211' title='bbox 1088 3026 1248 3114; x_wconf 88' lang='lat' dir='ltr'><strong>arguendi</strong></span> <span class='ocrx_word' id='word_1_212' title='bbox 1274 3026 1395 3092; x_wconf 88' lang='lat' dir='ltr'><strong>habere</strong></span> <span class='ocrx_word' id='word_1_213' title='bbox 1420 3049 1486 3090; x_wconf 89' lang='lat' dir='ltr'><strong>non</strong></span> <span class='ocrx_word' id='word_1_214' title='bbox 1513 3029 1634 3113; x_wconf 91' lang='lat' dir='ltr'><strong>possit)</strong></span> <span class='ocrx_word' id='word_1_215' title='bbox 1663 3027 1784 3093; x_wconf 88' lang='lat' dir='ltr'><strong>ibidem</strong></span> 
     </span>
     <span class='ocr_line' id='line_1_24' title="bbox 356 3129 525 3195; baseline -0.012 0"><span class='ocrx_word' id='word_1_216' title='bbox 356 3129 525 3195; x_wconf 89' lang='lat' dir='ltr'><strong>manendo.</strong></span> 
     </span>
    </p>
   </div>
   <div class='ocr_carea' id='block_1_8' title="bbox 316 3302 1700 3461">
    <p class='ocr_par' dir='ltr' id='par_1_14' title="bbox 316 3302 1700 3461">
     <span class='ocr_line' id='line_1_25' title="bbox 443 3302 1700 3372; baseline -0.004 -8"><span class='ocrx_word' id='word_1_217' title='bbox 443 3302 472 3364; x_wconf 86' lang='lat'><strong>8.</strong></span> <span class='ocrx_word' id='word_1_218' title='bbox 502 3312 597 3372; x_wconf 79' lang='lat' dir='ltr'><strong>quor</strong></span> <span class='ocrx_word' id='word_1_219' title='bbox 626 3312 670 3358; x_wconf 82' lang='lat' dir='ltr'><strong>er</strong></span> <span class='ocrx_word' id='word_1_220' title='bbox 694 3311 753 3371; x_wconf 79' lang='lat' dir='ltr'><strong>our</strong></span> <span class='ocrx_word' id='word_1_221' title='bbox 775 3309 939 3356; x_wconf 76' lang='lat' dir='ltr'><strong>nncrsrru</strong></span> <span class='ocrx_word' id='word_1_222' title='bbox 960 3309 1145 3357; x_wconf 72' lang='lat' dir='ltr'><strong>aserenan</strong></span> <span class='ocrx_word' id='word_1_223' title='bbox 1167 3309 1364 3358; x_wconf 74' lang='lat' dir='ltr'><strong>procurrant</strong></span> <span class='ocrx_word' id='word_1_224' title='bbox 1384 3309 1420 3356; x_wconf 79' lang='lat' dir='ltr'><strong>nr</strong></span> <span class='ocrx_word' id='word_1_225' title='bbox 1441 3309 1700 3359; x_wconf 78' lang='lat' dir='ltr'><strong>nrsrurssuoas</strong></span> 
     </span>
     <span class='ocr_line' id='line_1_26' title="bbox 316 3406 1306 3461; baseline -0.006 0"><span class='ocrx_word' id='word_1_226' title='bbox 316 3406 349 3461; x_wconf 82' lang='lat'><strong>25</strong></span> <span class='ocrx_word' id='word_1_227' title='bbox 835 3409 1025 3456; x_wconf 68' lang='lat' dir='ltr'><strong>osmanni</strong></span> <span class='ocrx_word' id='word_1_228' title='bbox 1046 3407 1306 3456; x_wconf 80' lang='lat' dir='ltr'><strong>naorsraoaun.</strong></span> 
     </span>
    </p>
   </div>
   <div class='ocr_carea' id='block_1_9' title="bbox 317 3523 1787 5000">
    <p class='ocr_par' dir='ltr' id='par_1_15' title="bbox 358 3523 1787 3908">
     <span class='ocr_line' id='line_1_27' title="bbox 442 3523 1784 3612; baseline 0.001 -21"><span class='ocrx_word' id='word_1_229' title='bbox 442 3527 582 3607; x_wconf 88' lang='lat' dir='ltr'><strong>Placuit,</strong></span> <span class='ocrx_word' id='word_1_230' title='bbox 606 3524 693 3612; x_wconf 90' lang='lat' dir='ltr'><strong>quod</strong></span> <span class='ocrx_word' id='word_1_231' title='bbox 715 3523 825 3588; x_wconf 90' lang='lat' dir='ltr'><strong>decem</strong></span> <span class='ocrx_word' id='word_1_232' title='bbox 849 3525 991 3587; x_wconf 83' lang='lat' dir='ltr'><strong>seniores</strong></span> <span class='ocrx_word' id='word_1_233' title='bbox 1013 3525 1160 3611; x_wconf 87' lang='lat' dir='ltr'><strong>magistri</strong></span> <span class='ocrx_word' id='word_1_234' title='bbox 1186 3547 1255 3588; x_wconf 90' lang='lat' dir='ltr'><strong>cum</strong></span> <span class='ocrx_word' id='word_1_235' title='bbox 1279 3523 1402 3588; x_wconf 90' lang='lat' dir='ltr'><strong>decano</strong></span> <span class='ocrx_word' id='word_1_236' title='bbox 1431 3524 1464 3587; x_wconf 92' lang='lat' dir='ltr'><strong>in</strong></span> <span class='ocrx_word' id='word_1_237' title='bbox 1483 3523 1710 3610; x_wconf 89' lang='lat' dir='ltr'><strong>disputacione</strong></span> <span class='ocrx_word' id='word_1_238' title='bbox 1732 3551 1784 3592; x_wconf 92' lang='lat' dir='ltr'><strong>or·</strong></span> 
     </span>
     <span class='ocr_line' id='line_1_28' title="bbox 359 3621 1785 3712; baseline -0.002 -19"><span class='ocrx_word' id='word_1_239' title='bbox 359 3628 487 3693; x_wconf 88' lang='lat' dir='ltr'><strong>dinaria</strong></span> <span class='ocrx_word' id='word_1_240' title='bbox 518 3633 704 3712; x_wconf 87' lang='lat' dir='ltr'><strong>praesentes</strong></span> <span class='ocrx_word' id='word_1_241' title='bbox 738 3634 769 3686; x_wconf 88' lang='lat' dir='ltr'><strong>et</strong></span> <span class='ocrx_word' id='word_1_242' title='bbox 797 3625 831 3686; x_wconf 92' lang='lat' dir='ltr'><strong>in</strong></span> <span class='ocrx_word' id='word_1_243' title='bbox 859 3622 973 3687; x_wconf 89' lang='lat' dir='ltr'><strong>ordine</strong></span> <span class='ocrx_word' id='word_1_244' title='bbox 1003 3644 1061 3686; x_wconf 91' lang='lat' dir='ltr'><strong>suo</strong></span> <span class='ocrx_word' id='word_1_245' title='bbox 1084 3633 1274 3708; x_wconf 87' lang='lat' dir='ltr'><strong>arguentes,</strong></span> <span class='ocrx_word' id='word_1_246' title='bbox 1306 3633 1373 3686; x_wconf 88' lang='lat' dir='ltr'><strong>tarn</strong></span> <span class='ocrx_word' id='word_1_247' title='bbox 1397 3621 1452 3686; x_wconf 92' lang='lat' dir='ltr'><strong>diu</strong></span> <span class='ocrx_word' id='word_1_248' title='bbox 1474 3621 1519 3686; x_wconf 94' lang='lat' dir='ltr'><strong>ibi</strong></span> <span class='ocrx_word' id='word_1_249' title='bbox 1544 3637 1785 3710; x_wconf 85' lang='lat' dir='ltr'><strong>permanentes,</strong></span> 
     </span>
     <span class='ocr_line' id='line_1_29' title="bbox 358 3721 1786 3816; baseline -0.001 -24"><span class='ocrx_word' id='word_1_250' title='bbox 358 3727 443 3814; x_wconf 92' lang='lat' dir='ltr'><strong>quod</strong></span> <span class='ocrx_word' id='word_1_251' title='bbox 466 3723 664 3812; x_wconf 90' lang='lat' dir='ltr'><strong>praecedens</strong></span> <span class='ocrx_word' id='word_1_252' title='bbox 685 3733 717 3785; x_wconf 90' lang='lat' dir='ltr'><strong>et</strong></span> <span class='ocrx_word' id='word_1_253' title='bbox 738 3743 875 3810; x_wconf 88' lang='lat' dir='ltr'><strong>sequens</strong></span> <span class='ocrx_word' id='word_1_254' title='bbox 898 3721 1066 3816; x_wconf 76' lang='lat' dir='ltr'><strong>arguebat,</strong></span> <span class='ocrx_word' id='word_1_255' title='bbox 1088 3724 1115 3786; x_wconf 92' lang='lat' dir='ltr'><strong>si</strong></span> <span class='ocrx_word' id='word_1_256' title='bbox 1137 3723 1250 3788; x_wconf 89' lang='lat' dir='ltr'><strong>saltem</strong></span> <span class='ocrx_word' id='word_1_257' title='bbox 1271 3721 1520 3809; x_wconf 88' lang='lat' dir='ltr'><strong>praecedentem</strong></span> <span class='ocrx_word' id='word_1_258' title='bbox 1542 3733 1575 3786; x_wconf 89' lang='lat' dir='ltr'><strong>et</strong></span> <span class='ocrx_word' id='word_1_259' title='bbox 1598 3737 1786 3812; x_wconf 88' lang='lat' dir='ltr'><strong>sequentem</strong></span> 
     </span>
     <span class='ocr_line' id='line_1_30' title="bbox 358 3820 1787 3908; baseline 0 -18"><span class='ocrx_word' id='word_1_260' title='bbox 358 3826 531 3890; x_wconf 87' lang='lat' dir='ltr'><strong>habuerint</strong></span> <span class='ocrx_word' id='word_1_261' title='bbox 551 3821 648 3900; x_wconf 90' lang='lat' dir='ltr'><strong>(alias</strong></span> <span class='ocrx_word' id='word_1_262' title='bbox 669 3831 734 3884; x_wconf 86' lang='lat' dir='ltr'><strong>tam</strong></span> <span class='ocrx_word' id='word_1_263' title='bbox 758 3821 814 3885; x_wconf 89' lang='lat' dir='ltr'><strong>diu</strong></span> <span class='ocrx_word' id='word_1_264' title='bbox 836 3820 987 3904; x_wconf 88' lang='lat' dir='ltr'><strong>sedeant,</strong></span> <span class='ocrx_word' id='word_1_265' title='bbox 1018 3821 1105 3907; x_wconf 90' lang='lat' dir='ltr'><strong>qnod</strong></span> <span class='ocrx_word' id='word_1_266' title='bbox 1132 3821 1196 3886; x_wconf 91' lang='lat' dir='ltr'><strong>duo</strong></span> <span class='ocrx_word' id='word_1_267' title='bbox 1225 3823 1373 3908; x_wconf 85' lang='lat' dir='ltr'><strong>magistri</strong></span> <span class='ocrx_word' id='word_1_268' title='bbox 1395 3832 1551 3906; x_wconf 88' lang='lat' dir='ltr'><strong>arguant,</strong></span> <span class='ocrx_word' id='word_1_269' title='bbox 1591 3825 1620 3887; x_wconf 88' lang='lat' dir='ltr'><strong>si</strong></span> <span class='ocrx_word' id='word_1_270' title='bbox 1646 3825 1692 3889; x_wconf 92' lang='lat' dir='ltr'><strong>ibi</strong></span> <span class='ocrx_word' id='word_1_271' title='bbox 1719 3827 1787 3890; x_wconf 87' lang='lat' dir='ltr'><strong>sint</strong></span> 
     </span>
    </p>

    <p class='ocr_par' dir='ltr' id='par_1_16' title="bbox 317 3918 1785 5000">
     <span class='ocr_line' id='line_1_31' title="bbox 318 3918 1784 4011; baseline -0.002 -20"><span class='ocrx_word' id='word_1_272' title='bbox 318 3926 507 4010; x_wconf 78' lang='lat' dir='ltr'><strong>aomagistn&#39;</strong></span> <span class='ocrx_word' id='word_1_273' title='bbox 529 3943 665 4006; x_wconf 87' lang='lat' dir='ltr'><strong>arguere</strong></span> <span class='ocrx_word' id='word_1_274' title='bbox 688 3918 830 3984; x_wconf 88' lang='lat' dir='ltr'><strong>volentes</strong></span> <span class='ocrx_word' id='word_1_275' title='bbox 852 3919 1010 3984; x_wconf 86' lang='lat' dir='ltr'><strong>stlocum</strong></span> <span class='ocrx_word' id='word_1_276' title='bbox 1032 3920 1190 4008; x_wconf 87' lang='lat' dir='ltr'><strong>arguendi</strong></span> <span class='ocrx_word' id='word_1_277' title='bbox 1212 3919 1333 3984; x_wconf 88' lang='lat' dir='ltr'><strong>babere</strong></span> <span class='ocrx_word' id='word_1_278' title='bbox 1360 3930 1511 4008; x_wconf 90' lang='lat' dir='ltr'><strong>possunt)</strong></span> <span class='ocrx_word' id='word_1_279' title='bbox 1541 3921 1665 3988; x_wconf 89' lang='lat' dir='ltr'><strong>habeat</strong></span> <span class='ocrx_word' id='word_1_280' title='bbox 1691 3925 1784 4011; x_wconf 92' lang='lat' dir='ltr'><strong>quili-</strong></span> 
     </span>
     <span class='ocr_line' id='line_1_32' title="bbox 359 4020 1785 4110; baseline -0.001 -22"><span class='ocrx_word' id='word_1_281' title='bbox 359 4025 414 4089; x_wconf 88' lang='lat' dir='ltr'><strong>bet</strong></span> <span class='ocrx_word' id='word_1_282' title='bbox 435 4045 533 4087; x_wconf 90' lang='lat' dir='ltr'><strong>unum</strong></span> <span class='ocrx_word' id='word_1_283' title='bbox 555 4043 704 4108; x_wconf 88' lang='lat' dir='ltr'><strong>grossum</strong></span> <span class='ocrx_word' id='word_1_284' title='bbox 726 4043 855 4102; x_wconf 89' lang='lat' dir='ltr'><strong>novum,</strong></span> <span class='ocrx_word' id='word_1_285' title='bbox 878 4043 973 4106; x_wconf 91' lang='lat' dir='ltr'><strong>quem</strong></span> <span class='ocrx_word' id='word_1_286' title='bbox 1006 4020 1147 4084; x_wconf 90' lang='lat' dir='ltr'><strong>decanus</strong></span> <span class='ocrx_word' id='word_1_287' title='bbox 1179 4020 1301 4084; x_wconf 90' lang='lat' dir='ltr'><strong>eisdem</strong></span> <span class='ocrx_word' id='word_1_288' title='bbox 1328 4043 1405 4084; x_wconf 86' lang='lat' dir='ltr'><strong>mox</strong></span> <span class='ocrx_word' id='word_1_289' title='bbox 1432 4023 1465 4084; x_wconf 92' lang='lat' dir='ltr'><strong>in</strong></span> <span class='ocrx_word' id='word_1_290' title='bbox 1495 4021 1610 4085; x_wconf 89' lang='lat' dir='ltr'><strong>eadem</strong></span> <span class='ocrx_word' id='word_1_291' title='bbox 1640 4022 1785 4110; x_wconf 87' lang='lat' dir='ltr'><strong>disputa-</strong></span> 
     </span>
     <span class='ocr_line' id='line_1_33' title="bbox 361 4118 1785 4209; baseline -0.001 -21"><span class='ocrx_word' id='word_1_292' title='bbox 361 4125 448 4188; x_wconf 89' lang='lat' dir='ltr'><strong>tione</strong></span> <span class='ocrx_word' id='word_1_293' title='bbox 469 4145 527 4208; x_wconf 90' lang='lat' dir='ltr'><strong>per</strong></span> <span class='ocrx_word' id='word_1_294' title='bbox 548 4120 704 4186; x_wconf 90' lang='lat' dir='ltr'><strong>famulum</strong></span> <span class='ocrx_word' id='word_1_295' title='bbox 725 4120 946 4185; x_wconf 87' lang='lat' dir='ltr'><strong>universitatis</strong></span> <span class='ocrx_word' id='word_1_296' title='bbox 969 4118 1199 4206; x_wconf 87' lang='lat' dir='ltr'><strong>praesentabit.</strong></span> <span class='ocrx_word' id='word_1_297' title='bbox 1241 4119 1287 4184; x_wconf 91' lang='lat' dir='ltr'><strong>Ut</strong></span> <span class='ocrx_word' id='word_1_298' title='bbox 1303 4142 1380 4206; x_wconf 87' lang='lat' dir='ltr'><strong>ergo</strong></span> <span class='ocrx_word' id='word_1_299' title='bbox 1404 4121 1535 4204; x_wconf 89' lang='lat' dir='ltr'><strong>sciatur,</strong></span> <span class='ocrx_word' id='word_1_300' title='bbox 1556 4123 1614 4208; x_wconf 87' lang='lat' dir='ltr'><strong>qui</strong></span> <span class='ocrx_word' id='word_1_301' title='bbox 1636 4123 1785 4209; x_wconf 86' lang='lat' dir='ltr'><strong>magistri</strong></span> 
     </span>
     <span class='ocr_line' id='line_1_34' title="bbox 364 4217 1785 4309; baseline 0.001 -25"><span class='ocrx_word' id='word_1_302' title='bbox 364 4230 552 4309; x_wconf 87' lang='lat' dir='ltr'><strong>praesentes</strong></span> <span class='ocrx_word' id='word_1_303' title='bbox 573 4220 703 4300; x_wconf 88' lang='lat' dir='ltr'><strong>fuerint,</strong></span> <span class='ocrx_word' id='word_1_304' title='bbox 725 4217 867 4282; x_wconf 89' lang='lat' dir='ltr'><strong>famulus</strong></span> <span class='ocrx_word' id='word_1_305' title='bbox 889 4219 1128 4301; x_wconf 87' lang='lat' dir='ltr'><strong>universitatis,</strong></span> <span class='ocrx_word' id='word_1_306' title='bbox 1161 4219 1215 4304; x_wconf 90' lang='lat' dir='ltr'><strong>qui</strong></span> <span class='ocrx_word' id='word_1_307' title='bbox 1245 4241 1305 4304; x_wconf 89' lang='lat' dir='ltr'><strong>pro</strong></span> <span class='ocrx_word' id='word_1_308' title='bbox 1331 4230 1407 4284; x_wconf 90' lang='lat' dir='ltr'><strong>tunc</strong></span> <span class='ocrx_word' id='word_1_309' title='bbox 1432 4243 1475 4284; x_wconf 82' lang='lat' dir='ltr'><strong>ex</strong></span> <span class='ocrx_word' id='word_1_310' title='bbox 1497 4220 1604 4286; x_wconf 88' lang='lat' dir='ltr'><strong>officio</strong></span> <span class='ocrx_word' id='word_1_311' title='bbox 1627 4243 1785 4309; x_wconf 88' lang='lat' dir='ltr'><strong>praesens</strong></span> 
     </span>
     <span class='ocr_line' id='line_1_35' title="bbox 360 4317 1783 4407; baseline -0.001 -21"><span class='ocrx_word' id='word_1_312' title='bbox 360 4322 466 4400; x_wconf 91' lang='lat' dir='ltr'><strong>fuerit,</strong></span> <span class='ocrx_word' id='word_1_313' title='bbox 490 4342 598 4384; x_wconf 90' lang='lat' dir='ltr'><strong>omnes</strong></span> <span class='ocrx_word' id='word_1_314' title='bbox 620 4330 652 4383; x_wconf 91' lang='lat' dir='ltr'><strong>et</strong></span> <span class='ocrx_word' id='word_1_315' title='bbox 674 4317 819 4404; x_wconf 88' lang='lat' dir='ltr'><strong>singulos</strong></span> <span class='ocrx_word' id='word_1_316' title='bbox 840 4320 1014 4404; x_wconf 86' lang='lat' dir='ltr'><strong>magistros</strong></span> <span class='ocrx_word' id='word_1_317' title='bbox 1036 4327 1224 4404; x_wconf 87' lang='lat' dir='ltr'><strong>praesentes</strong></span> <span class='ocrx_word' id='word_1_318' title='bbox 1245 4319 1278 4381; x_wconf 92' lang='lat' dir='ltr'><strong>in</strong></span> <span class='ocrx_word' id='word_1_319' title='bbox 1301 4317 1435 4404; x_wconf 85' lang='lat' dir='ltr'><strong>singulis</strong></span> <span class='ocrx_word' id='word_1_320' title='bbox 1463 4318 1653 4385; x_wconf 87' lang='lat' dir='ltr'><strong>huiusmodi</strong></span> <span class='ocrx_word' id='word_1_321' title='bbox 1674 4321 1783 4407; x_wconf 89' lang='lat' dir='ltr'><strong>dispu-</strong></span> 
     </span>
     <span class='ocr_line' id='line_1_36' title="bbox 319 4415 1785 4501; baseline -0.001 -15"><span class='ocrx_word' id='word_1_322' title='bbox 319 4416 543 4486; x_wconf 68' lang='lat' dir='ltr'><strong>scissionibus</strong></span> <span class='ocrx_word' id='word_1_323' title='bbox 565 4417 703 4482; x_wconf 88' lang='lat' dir='ltr'><strong>fideliter</strong></span> <span class='ocrx_word' id='word_1_324' title='bbox 726 4415 912 4481; x_wconf 91' lang='lat' dir='ltr'><strong>conscribat</strong></span> <span class='ocrx_word' id='word_1_325' title='bbox 930 4415 973 4482; x_wconf 88' lang='lat' dir='ltr'><strong>ad</strong></span> <span class='ocrx_word' id='word_1_326' title='bbox 995 4417 1170 4501; x_wconf 86' lang='lat' dir='ltr'><strong>registrum</strong></span> <span class='ocrx_word' id='word_1_327' title='bbox 1196 4426 1229 4481; x_wconf 89' lang='lat' dir='ltr'><strong>et</strong></span> <span class='ocrx_word' id='word_1_328' title='bbox 1254 4416 1377 4482; x_wconf 88' lang='lat' dir='ltr'><strong>decano</strong></span> <span class='ocrx_word' id='word_1_329' title='bbox 1408 4417 1574 4483; x_wconf 83' lang='lat' dir='ltr'><strong>facultatis</strong></span> <span class='ocrx_word' id='word_1_330' title='bbox 1603 4423 1728 4484; x_wconf 89' lang='lat' dir='ltr'><strong>arcium</strong></span> <span class='ocrx_word' id='word_1_331' title='bbox 1751 4422 1785 4484; x_wconf 91' lang='lat' dir='ltr'><strong>in</strong></span> 
     </span>
     <span class='ocr_line' id='line_1_37' title="bbox 364 4516 1784 4604; baseline -0.001 -20"><span class='ocrx_word' id='word_1_332' title='bbox 364 4520 495 4604; x_wconf 85' lang='lat' dir='ltr'><strong>scriptis</strong></span> <span class='ocrx_word' id='word_1_333' title='bbox 519 4516 627 4580; x_wconf 90' lang='lat' dir='ltr'><strong>debito</strong></span> <span class='ocrx_word' id='word_1_334' title='bbox 646 4527 792 4601; x_wconf 91' lang='lat' dir='ltr'><strong>tempore</strong></span> <span class='ocrx_word' id='word_1_335' title='bbox 815 4527 1008 4601; x_wconf 86' lang='lat' dir='ltr'><strong>praesentet,</strong></span> <span class='ocrx_word' id='word_1_336' title='bbox 1028 4527 1063 4578; x_wconf 89' lang='lat' dir='ltr'><strong>ut</strong></span> <span class='ocrx_word' id='word_1_337' title='bbox 1086 4517 1133 4578; x_wconf 91' lang='lat' dir='ltr'><strong>sic</strong></span> <span class='ocrx_word' id='word_1_338' title='bbox 1155 4516 1232 4580; x_wconf 83' lang='lat' dir='ltr'><strong>sciri</strong></span> <span class='ocrx_word' id='word_1_339' title='bbox 1243 4517 1348 4602; x_wconf 92' lang='lat' dir='ltr'><strong>possit</strong></span> <span class='ocrx_word' id='word_1_340' title='bbox 1363 4516 1539 4602; x_wconf 89' lang='lat' dir='ltr'><strong>diligencia</strong></span> <span class='ocrx_word' id='word_1_341' title='bbox 1551 4521 1784 4604; x_wconf 80' lang='lat' dir='ltr'><strong>magistronrm</strong></span> 
     </span>
     <span class='ocr_line' id='line_1_38' title="bbox 360 4612 1783 4700; baseline -0.001 -17"><span class='ocrx_word' id='word_1_342' title='bbox 360 4617 530 4683; x_wconf 89' lang='lat' dir='ltr'><strong>consilium</strong></span> <span class='ocrx_word' id='word_1_343' title='bbox 551 4615 715 4679; x_wconf 86' lang='lat' dir='ltr'><strong>facultatis</strong></span> <span class='ocrx_word' id='word_1_344' title='bbox 736 4637 793 4679; x_wconf 91' lang='lat' dir='ltr'><strong>suo</strong></span> <span class='ocrx_word' id='word_1_345' title='bbox 814 4627 958 4700; x_wconf 88' lang='lat' dir='ltr'><strong>tempore</strong></span> <span class='ocrx_word' id='word_1_346' title='bbox 979 4615 1102 4677; x_wconf 90' lang='lat' dir='ltr'><strong>intrare</strong></span> <span class='ocrx_word' id='word_1_347' title='bbox 1123 4612 1312 4680; x_wconf 82' lang='lat' dir='ltr'><strong>volcacium.</strong></span> <span class='ocrx_word' id='word_1_348' title='bbox 1354 4615 1462 4680; x_wconf 88' lang='lat' dir='ltr'><strong>Debet</strong></span> <span class='ocrx_word' id='word_1_349' title='bbox 1491 4618 1595 4682; x_wconf 88' lang='lat' dir='ltr'><strong>eciam</strong></span> <span class='ocrx_word' id='word_1_350' title='bbox 1622 4618 1708 4682; x_wconf 88' lang='lat' dir='ltr'><strong>idem</strong></span> <span class='ocrx_word' id='word_1_351' title='bbox 1737 4619 1783 4682; x_wconf 88' lang='lat' dir='ltr'><strong>fa-</strong></span> 
     </span>
     <span class='ocr_line' id='line_1_39' title="bbox 363 4711 1783 4798; baseline -0.001 -16"><span class='ocrx_word' id='word_1_352' title='bbox 363 4716 467 4782; x_wconf 88' lang='lat' dir='ltr'><strong>mulus</strong></span> <span class='ocrx_word' id='word_1_353' title='bbox 490 4715 711 4778; x_wconf 86' lang='lat' dir='ltr'><strong>universitatis</strong></span> <span class='ocrx_word' id='word_1_354' title='bbox 735 4715 928 4798; x_wconf 88' lang='lat' dir='ltr'><strong>consignare</strong></span> <span class='ocrx_word' id='word_1_355' title='bbox 950 4712 1122 4797; x_wconf 90' lang='lat' dir='ltr'><strong>diligenter</strong></span> <span class='ocrx_word' id='word_1_356' title='bbox 1144 4711 1346 4780; x_wconf 85' lang='lat' dir='ltr'><strong>baccalarios</strong></span> <span class='ocrx_word' id='word_1_357' title='bbox 1376 4724 1408 4779; x_wconf 88' lang='lat' dir='ltr'><strong>et</strong></span> <span class='ocrx_word' id='word_1_358' title='bbox 1434 4715 1600 4781; x_wconf 87' lang='lat' dir='ltr'><strong>studentes</strong></span> <span class='ocrx_word' id='word_1_359' title='bbox 1622 4717 1783 4782; x_wconf 82' lang='lat' dir='ltr'><strong>ordinarie</strong></span> 
     </span>
     <span class='ocr_line' id='line_1_40' title="bbox 360 4811 1783 4903; baseline 0 -23"><span class='ocrx_word' id='word_1_360' title='bbox 360 4812 609 4901; x_wconf 88' lang='lat' dir='ltr'><strong>respondentes,</strong></span> <span class='ocrx_word' id='word_1_361' title='bbox 640 4823 675 4874; x_wconf 91' lang='lat' dir='ltr'><strong>ut</strong></span> <span class='ocrx_word' id='word_1_362' title='bbox 704 4813 751 4876; x_wconf 91' lang='lat' dir='ltr'><strong>sic</strong></span> <span class='ocrx_word' id='word_1_363' title='bbox 782 4823 927 4898; x_wconf 88' lang='lat' dir='ltr'><strong>tempore</strong></span> <span class='ocrx_word' id='word_1_364' title='bbox 956 4811 1212 4898; x_wconf 90' lang='lat' dir='ltr'><strong>dispensacionis</strong></span> <span class='ocrx_word' id='word_1_365' title='bbox 1245 4811 1286 4877; x_wconf 89' lang='lat' dir='ltr'><strong>de</strong></span> <span class='ocrx_word' id='word_1_366' title='bbox 1308 4835 1417 4878; x_wconf 89' lang='lat' dir='ltr'><strong>eorum</strong></span> <span class='ocrx_word' id='word_1_367' title='bbox 1439 4815 1703 4901; x_wconf 86' lang='lat' dir='ltr'><strong>responsionibus</strong></span> <span class='ocrx_word' id='word_1_368' title='bbox 1725 4839 1783 4903; x_wconf 89' lang='lat' dir='ltr'><strong>per</strong></span> 
     </span>
     <span class='ocr_line' id='line_1_41' title="bbox 317 4910 1781 5000; baseline 0 -20"><span class='ocrx_word' id='word_1_369' title='bbox 317 4927 352 4980; x_wconf 77' lang='lat' dir='ltr'><strong>to</strong></span> <span class='ocrx_word' id='word_1_370' title='bbox 362 4912 549 4980; x_wconf 91' lang='lat' dir='ltr'><strong>huiusmodi</strong></span> <span class='ocrx_word' id='word_1_371' title='bbox 571 4913 771 4996; x_wconf 86' lang='lat' dir='ltr'><strong>signaturam</strong></span> <span class='ocrx_word' id='word_1_372' title='bbox 795 4923 943 4976; x_wconf 89' lang='lat' dir='ltr'><strong>constare</strong></span> <span class='ocrx_word' id='word_1_373' title='bbox 964 4913 1089 4998; x_wconf 86' lang='lat' dir='ltr'><strong>poterit</strong></span> <span class='ocrx_word' id='word_1_374' title='bbox 1131 4910 1177 4977; x_wconf 86' lang='lat' dir='ltr'><strong>Et</strong></span> <span class='ocrx_word' id='word_1_375' title='bbox 1197 4925 1233 4976; x_wconf 91' lang='lat' dir='ltr'><strong>ut</strong></span> <span class='ocrx_word' id='word_1_376' title='bbox 1252 4912 1442 5000; x_wconf 82' lang='lat' dir='ltr'><strong>exequendo</strong></span> <span class='ocrx_word' id='word_1_377' title='bbox 1464 4914 1609 4980; x_wconf 86' lang='lat' dir='ltr'><strong>officium</strong></span> <span class='ocrx_word' id='word_1_378' title='bbox 1629 4939 1721 4982; x_wconf 87' lang='lat' dir='ltr'><strong>snum</strong></span> <span class='ocrx_word' id='word_1_379' title='bbox 1741 4915 1781 4980; x_wconf 90' lang='lat' dir='ltr'><strong>ad</strong></span> 
     </span>
    </p>
   </div>
   <div class='ocr_carea' id='block_1_10' title="bbox 443 5157 1658 5230">
    <p class='ocr_par' dir='ltr' id='par_1_17' title="bbox 443 5157 1658 5230">
     <span class='ocr_line' id='line_1_42' title="bbox 443 5157 1658 5230; baseline 0.005 -16"><span class='ocrx_word' id='word_1_380' title='bbox 443 5165 452 5214; x_wconf 87' lang='lat' dir='ltr'><strong>l</strong></span> <span class='ocrx_word' id='word_1_381' title='bbox 478 5160 531 5214; x_wconf 86' lang='lat' dir='ltr'><strong>Am</strong></span> <span class='ocrx_word' id='word_1_382' title='bbox 551 5157 649 5212; x_wconf 87' lang='lat' dir='ltr'><strong>Raude</strong></span> <span class='ocrx_word' id='word_1_383' title='bbox 666 5159 800 5212; x_wconf 79' lang='lat' dir='ltr'><strong>Additum</strong></span> <span class='ocrx_word' id='word_1_384' title='bbox 818 5168 857 5214; x_wconf 84' lang='lat' dir='ltr'><strong>est</strong></span> <span class='ocrx_word' id='word_1_385' title='bbox 874 5161 918 5226; x_wconf 75' lang='lat' dir='ltr'><strong>,ia</strong></span> <span class='ocrx_word' id='word_1_386' title='bbox 933 5161 1078 5230; x_wconf 68' lang='lat' dir='ltr'><strong>praeripio</strong></span> <span class='ocrx_word' id='word_1_387' title='bbox 1096 5161 1227 5214; x_wconf 71' lang='lat' dir='ltr'><strong>torosam</strong></span> <span class='ocrx_word' id='word_1_388' title='bbox 1247 5159 1290 5214; x_wconf 78' lang='lat' dir='ltr'><strong>rel</strong></span> <span class='ocrx_word' id='word_1_389' title='bbox 1307 5161 1400 5215; x_wconf 81' lang='lat' dir='ltr'><strong>cs&#39;rea“</strong></span> <span class='ocrx_word' id='word_1_390' title='bbox 1421 5167 1485 5218; x_wconf 77' lang='lat'>1522</span> <span class='ocrx_word' id='word_1_391' title='bbox 1503 5163 1553 5216; x_wconf 76' lang='lat' dir='ltr'><strong>aab</strong></span> <span class='ocrx_word' id='word_1_392' title='bbox 1570 5165 1658 5220; x_wconf 73' lang='lat' dir='ltr'><strong>Matr.</strong></span> 
     </span>
    </p>
   </div>
   <div class='ocr_carea' id='block_1_11' title="bbox 0 0 1887 6068">
    <p class='ocr_par' dir='ltr' id='par_1_18' title="bbox 0 0 1887 6068">
     <span class='ocr_line' id='line_1_43' title="bbox 0 0 1887 6068; baseline 0 0"><span class='ocrx_word' id='word_1_393' title='bbox 0 0 1887 6068; x_wconf 95' lang='lat' dir='ltr'><strong> </strong></span> 
     </span>
    </p>
   </div>
  </div>
 </body>
</html>
