3762 6074
312 459 372 522 502
812 457 861 508 Die
880 455 1098 520 pbilosophischa
1116 457 1242 506 Facultit.

353 679 381 738 9.
403 691 565 740 marosas
585 691 750 739 tractarat
770 693 935 740 §abactas
957 689 1268 738 uxraaounrutaffl
1290 689 1488 738 DISPUTARE
1511 689 1697 738 usnemun

414 792 520 840 [aaut
543 791 634 840 SUUM
656 791 825 839 BIENNlUM
846 792 940 838 ANTE
962 788 1209 838 aueurmonan
1231 790 1352 838 EORUM
1376 791 1422 838 AD
1444 789 1635 838 cosummat

914 889 1139 938 cacabatus.

397 1003 523 1071 Placuit
545 1015 690 1070 etvetus
711 1017 759 1070 est
780 1017 950 1087 statutum,
973 1003 1061 1090 quod
1083 1002 1219 1088 quilibet
1248 1011 1416 1090 promotus
1438 1007 1472 1070 in
1493 1006 1689 1090 magistrum
1707 1011 1735 1066 et

271 1113 287 1166 5
318 1104 481 1191 complens
516 1128 609 1170 suum
641 1105 803 1170 biennium
838 1129 896 1193 per
923 1105 1092 1170 lectionem
1121 1103 1283 1190 publicam
1310 1104 1345 1168 in
1371 1103 1497 1168 artibus
1528 1102 1735 1184 ordinariam,

314 1205 508 1270 exercicium
540 1205 672 1291 aliquod
700 1229 756 1270 seu
784 1203 945 1292 publicam
973 1204 1241 1290 resumptionem,
1271 1213 1302 1266 et
1326 1203 1439 1267 volens
1470 1212 1546 1290 post
1573 1202 1735 1267 biennium

316 1303 409 1367 iuxta
431 1305 626 1369 serenissimi
657 1307 759 1368 nostri
788 1305 948 1392 principis
976 1303 1067 1368 ducis
1089 1301 1224 1390 Georgii
1247 1301 1484 1367 ordinationem
1506 1302 1550 1367 ad
1572 1301 1735 1367 consilium

230 1405 236 1414 “
316 1401 478 1466 facultatis
499 1405 616 1470 artium
640 1407 775 1485 assumi,
797 1413 945 1468 teneatur
967 1403 1053 1468 ultra
1074 1401 1243 1490 praedicta
1265 1401 1350 1465 infra
1372 1405 1511 1486 primum
1541 1424 1662 1466 annum
1691 1402 1735 1464 sui

317 1503 496 1588 magisterii
527 1507 626 1568 octies
656 1503 916 1568 extraordinarie
947 1503 1150 1588 disputasse,
1183 1499 1280 1565 simili
1314 1499 1409 1568 modo
1443 1501 1530 1564 infra
1563 1499 1735 1566 secundum

274 1611 434 1666 toannum
457 1605 573 1684 octies3
598 1613 629 1668 et
651 1605 697 1668 ita
718 1603 861 1667 sedecies
883 1601 1144 1668 extraordinarie
1167 1600 1348 1686 disputabit
1371 1601 1456 1664 infra
1479 1600 1648 1664 biennium
1669 1611 1737 1686 post

316 1723 408 1766 suum
442 1703 675 1788 magisterium.
736 1701 772 1766 Si
801 1725 879 1767 vero
911 1703 996 1766 infra
1032 1702 1170 1788 primum
1203 1721 1323 1764 annum
1355 1699 1525 1786 disputare
1559 1697 1737 1784 neglexerit

315 1802 431 1883 octies,
454 1803 540 1866 infra
558 1801 733 1866 secundum
757 1825 875 1866 annum
897 1822 1091 1886 recuperare
1114 1801 1233 1887 poterit
1258 1798 1440 1886 neglectas,
1462 1797 1608 1862 sedecies
1631 1797 1737 1885 dispu-

314 1900 423 1983 tando,
440 1901 525 1986 quod
548 1899 685 1965 facultas
706 1902 849 1986 gratiose
869 1898 1041 1964 tollerabit
1083 1899 1127 1964 ut
1147 1911 1321 1986 antequam
1343 1909 1390 1964 tot
1410 1897 1650 1984 disputationes
1672 1919 1737 1984 per-

314 2001 443 2080 fecerit,
466 2011 501 2064 ut
523 2002 738 2087 praemissum
768 2012 834 2080 est,
855 2021 1059 2086 nequaquam
1081 1998 1124 2063 ad
1155 1998 1323 2064 consilium
1352 1997 1517 2062 facultatis
1547 2007 1737 2061 assumatur.

275 2109 305 2164 ts
316 2098 424 2164 Debet
446 2101 544 2164 ctiam
566 2099 735 2186 disputare
757 2099 937 2184 diligenter,
958 2097 1109 2161 videlicet
1134 2097 1293 2184 capiendo
1322 2097 1404 2162 duas
1434 2094 1660 2161 conclusiones
1688 2118 1739 2160 seu

313 2199 520 2287 quaestiones
541 2207 573 2262 et
595 2197 658 2263 duo
681 2197 898 2284 sophismata,
922 2198 955 2260 in
980 2195 1087 2280 aliquo
1108 2195 1333 2278 lectoriorum,
1356 2219 1428 2261 cum
1459 2197 1666 2260 intimatione
1687 2218 1739 2281 pu·

313 2299 409 2380 blica,
431 2297 474 2364 ad
496 2297 632 2362 alteram
655 2297 824 2362 dimidiam
846 2296 967 2362 horam.
1010 2295 1053 2361 Et
1075 2295 1162 2382 quod
1183 2295 1368 2361 huiusmodi
1389 2297 1634 2382 disputationes
1658 2317 1738 2360 com-

299 2399 464 2484 pleverit,
488 2396 649 2462 tenebitur
671 2395 779 2461 dicere
806 2395 866 2460 sub
896 2419 952 2461 suo
979 2397 1183 2462 iuramento¹
1213 2407 1360 2483 tempore
1388 2395 1587 2480 receptionis
1610 2395 1681 2458 eius
1700 2392 1739 2458 ad

314 2496 482 2564 consilium
513 2496 688 2562 facultatis.

270 2690 303 2746 20
327 2689 375 2747 10.
393 2674 532 2766 [Bina]
554 2695 680 2755 quinus
699 2695 801 2742 sorus
820 2695 985 2743 naorsrar
1007 2695 1315 2743 uxranounrasum
1339 2693 1522 2742 susannae
1545 2693 1740 2742 corneum.

398 2811 525 2876 Placuit
552 2810 670 2875 illustri
699 2811 839 2898 principi
868 2809 942 2874 duci
968 2809 1111 2896 Georgia
1144 2813 1179 2876 in
1208 2835 1267 2876 sua
1294 2811 1473 2876 novissima
1500 2811 1741 2890 reformatione,

317 2913 498 3000 quicunque
520 2911 749 2996 magistrorum
772 2908 1031 2974 extraordinarie
1055 2909 1164 2996 legere
1186 2911 1235 2974 vel
1264 2933 1429 2974 resumere
1460 2908 1572 2974 debito
1600 2921 1742 2995 tempore

317 3012 472 3092 voluerit,
498 3034 563 3075 non
586 3007 704 3073 debeat
732 3008 916 3095 prohiberi,
944 3018 980 3073 ut
1009 3011 1056 3073 sic
1083 3012 1232 3096 magistri
1262 3012 1296 3074 in
1326 3008 1453 3073 actibus
1483 3008 1688 3074 scholasticis
1709 3029 1741 3070 ae

315 3132 468 3176 exercere
489 3110 633 3191 valeant,
658 3111 719 3174 isto
742 3120 851 3174 tamen
872 3108 1062 3190 observato,
1085 3110 1172 3197 quod
1199 3111 1232 3174 in
1260 3108 1376 3194 hyeme
1398 3129 1494 3172 mane
1515 3109 1631 3194 quinta
1652 3117 1742 3172 sexta

271 3213 460 3296 25septima,
484 3219 558 3296 post
580 3208 754 3296 prandium
775 3207 947 3274 undecima
975 3219 1006 3271 et
1027 3219 1145 3294 quartu
1165 3208 1254 3274 horis
1282 3207 1467 3274 huiusmodi
1493 3219 1586 3272 actus
1616 3206 1737 3272 schola·

311 3311 410 3375 sucos
431 3308 624 3374 resumendo
642 3317 698 3372 aut
713 3307 852 3392 legendo
868 3307 1051 3388 observant,
1073 3309 1107 3372 in
1129 3319 1252 3374 aestate
1273 3317 1389 3395 quarta
1412 3309 1525 3394 quinta
1547 3315 1645 3370 sexta
1667 3316 1737 3370 ante

314 3410 497 3498 prandium,
520 3417 595 3495 post
610 3431 687 3472 vero
702 3407 874 3493 prandium
896 3406 1023 3470 decima
1035 3408 1208 3472 undecima
1224 3417 1256 3472 et
1271 3417 1388 3495 quarta
1409 3407 1506 3472 horis.
1540 3405 1611 3471 Sub
1631 3405 1735 3470 lectio·

311 3509 406 3575 nibus
429 3531 507 3572 vero
529 3507 704 3572 ordinariis
727 3516 758 3570 et
781 3505 1069 3592 principalioribus
1089 3530 1183 3572 nemo
1212 3506 1320 3593 legere
1342 3505 1394 3570 vel
1423 3527 1589 3570 resumere
1612 3504 1737 3592 publice

314 3607 411 3673 debet
429 3609 493 3673 nisi
513 3631 573 3694 pro
589 3605 720 3670 sallario
736 3603 920 3669 auditorum
935 3607 968 3668 in
984 3605 1096 3670 eadem
1116 3609 1261 3688 materia,
1284 3609 1316 3670 in
1339 3629 1403 3694 qua
1422 3604 1582 3670 ordinarii
1604 3604 1737 3670 lectores

271 3708 427 3794 3⁰legunt
448 3717 505 3772 aut
528 3705 636 3792 legere
659 3715 904 3769 consueverunt.

317 3913 360 3972 ll.
382 3923 429 3970 DE
452 3921 716 3970 EXERCENTIBUS
737 3920 920 3968 usurarius
943 3921 988 3968 ET
1011 3921 1221 3987 exaccione,
1244 3923 1379 3971 PRIMUM
1399 3923 1447 3968 DE
1468 3921 1738 3969 DISTBIBUTIONE

771 4021 1032 4070 uxuuctctoaun
1055 4023 1122 4068 PER
1144 4021 1291 4069 SORTEM.

397 4137 443 4201 Ut
464 4139 568 4222 magis
590 4159 657 4222 pax
680 4145 712 4200 et
739 4135 913 4201 concordia
932 4139 1016 4201 inter
1037 4139 1213 4222 magistros
1235 4138 1393 4219 iuniores,
1416 4159 1480 4202 non
1502 4133 1663 4200 habentes
1683 4157 1737 4222 pro

313 4247 458 4324 tempore
481 4235 621 4322 aliquam
641 4234 827 4315 lectionem,
848 4235 1049 4319 observetur,
1073 4237 1211 4324 placuit,
1233 4248 1268 4300 ut
1290 4238 1453 4301 exercicia
1474 4258 1534 4323 per
1556 4245 1688 4318 sortem,
1709 4243 1740 4298 ut

271 4347 304 4402 35
315 4335 479 4424 quondam
494 4334 657 4415 lectiones,
673 4333 918 4418 distribuantur,
931 4340 979 4400 ita
993 4335 1080 4425 quod
1096 4345 1219 4400 tantum
1240 4335 1303 4400 duo
1326 4347 1357 4400 ct
1378 4358 1443 4399 non
1465 4334 1575 4422 plures
1595 4334 1739 4420 magistri

315 4436 357 4502 ad
378 4459 478 4500 unum
501 4435 695 4497 exercicium
720 4457 780 4520 pro
802 4435 908 4520 gradu
929 4435 1170 4500 baccalariatus
1192 4435 1406 4499 admittantur
1428 4444 1460 4497 et
1480 4457 1562 4498 unus
1582 4434 1740 4500 duntaxat

315 4559 375 4622 pro
396 4533 502 4621 gradu
528 4533 723 4618 magisterii,
746 4531 875 4620 dempto
897 4535 1058 4600 exercicio
1079 4537 1197 4598 veteris
1227 4537 1323 4618 artis,
1353 4534 1440 4622 quod
1468 4542 1517 4597 est
1546 4534 1738 4598 exercicium

315 4635 357 4700 ad
372 4633 511 4722 gradum
532 4629 770 4697 haccalariatus
793 4635 968 4718 pertinens,
989 4633 1031 4698 ad
1054 4632 1140 4720 quod
1163 4633 1266 4698 solum
1287 4657 1368 4698 unus
1391 4635 1625 4718 magistrorum
1648 4633 1739 4698 debet

316 4735 474 4823 deputari,
499 4729 643 4818 eoquod
666 4731 807 4796 decanus
830 4755 889 4819 pro
911 4742 1059 4819 tempore
1088 4735 1231 4797 existens
1253 4731 1332 4798 illud
1357 4755 1510 4797 exercere
1530 4744 1688 4815 teneatur,
1710 4741 1738 4796 et

403 4975 413 5023 l
434 4969 488 5022 Am
507 4967 615 5022 Raude:
636 4973 739 5036 tanpm
758 4974 796 5020 eat
812 4969 981 5021 moderatum
998 4970 1105 5022 &mato
1120 4967 1364 5037 sacamentum.
1392 4966 1458 5023 Uud
1475 4966 1621 5022 danmtcr:
1640 4967 1737 5030 Qatnu

316 5055 409 5108 ‹Hehm
431 5053 545 5105 debeant
557 5053 627 5119 ficri
651 5053 851 5120 ‹lisputationas
874 5052 1117 5106 extraordinariae
1137 5071 1193 5122 pro
1215 5050 1394 5122 completione
1414 5052 1532 5120 biennii,
1550 5053 1614 5106 nida
1631 5054 1661 5105 ia
1677 5071 1736 5106 con

317 5139 391 5192 clueo
409 5140 458 5191 aab
475 5139 609 5192 &conatu
628 5137 744 5190 Ioannis
762 5137 849 5206 Mate,
864 5156 937 5193 anuo
958 5142 1029 5194 1522.
