3788 6078
354 465 415 532 580
871 461 923 512 Die
942 457 1094 524 jort-esem
1115 457 1244 508 Μαικία.

379 697 467 745 POST
492 695 634 744 EXAIIEN
654 693 843 742 uncturus
866 691 1094 741 succensam
1116 689 1326 739 subactum
1348 687 1562 752 castrum,
1584 687 1679 748 Quas

677 793 870 840 STIPULATA
894 793 988 840 MANU
1011 791 1236 840 nuculeum
1257 789 1382 836 Dusae.

401 946 458 992 vu.
483 927 594 992 Primo
614 925 700 1014 quod
722 935 843 990 statuta
866 925 1031 991 facultatis
1053 924 1210 990 iuridicae
1231 921 1367 986 firmiter
1387 920 1467 986 velit
1490 920 1679 986 observare.

436 1028 516 1092 Item
539 1024 626 1112 quod
651 1025 837 1090 doctoribus
858 1023 1005 1089 eiusdem
1024 1023 1189 1088 facultatis
1211 1029 1242 1084 et
1264 1021 1457 1107 praesertim
1470 1021 1775 1086 suisexaminatori·

310 1139 327 1192 5
357 1127 415 1191 bus
429 1127 571 1191 inlicitis
593 1136 624 1189 et
646 1124 788 1189 honestis
808 1122 886 1188 velit
908 1123 1041 1188 obedire
1061 1133 1094 1187 et
1115 1121 1237 1188 eisdem
1257 1121 1472 1184 reverentiam
1494 1131 1526 1185 et
1548 1121 1706 1185 honorem
1726 1143 1775 1184 ex-

353 1225 464 1292 hibere
484 1223 688 1310 condignum.

442 1326 522 1390 Item
545 1322 633 1410 quod
653 1321 789 1387 eandem
810 1321 995 1386 facultatem
1018 1320 1110 1404 velit,
1139 1319 1181 1386 ad
1210 1341 1431 1408 quemcunque
1460 1329 1580 1385 statum
1604 1320 1775 1401 devenerit,

358 1423 495 1489 fideliter
517 1445 717 1511 promovere.

436 1524 515 1589 Item
538 1521 624 1609 quod
647 1530 723 1608 post
745 1522 980 1607 promotionem
1001 1541 1092 1582 suam
1112 1518 1145 1580 in
1166 1514 1420 1582 baccalariatum
1442 1517 1520 1583 velit
1551 1531 1640 1584 stare
1663 1523 1697 1586 in
1717 1522 1774 1584 ista

315 1634 346 1690 10
357 1623 566 1688 universitate
587 1643 647 1708 per
668 1621 834 1684 biennium
858 1631 889 1683 et
916 1619 1024 1704 legere
1055 1625 1202 1704 quartum
1230 1614 1438 1682 decretalium
1465 1631 1521 1683 aut
1550 1631 1659 1684 certos
1682 1617 1776 1683 libros

354 1722 602 1803 institutionum,
622 1719 673 1784 vel
697 1717 822 1806 aliquid
844 1717 1056 1805 aequivalens
1078 1713 1254 1780 secundum
1276 1712 1474 1782 voluntatem
1504 1717 1691 1798 doctorum,
1720 1719 1776 1782 nisi

357 1844 453 1908 super
477 1819 526 1886 bis
550 1831 605 1884 aut
626 1819 733 1904 aliquo
753 1818 1007 1904 praemissorum
1030 1839 1103 1880 cum
1124 1837 1161 1879 eo
1184 1815 1282 1878 fiterit
1304 1813 1555 1902 dispensatum.¹

596 2015 632 2106 [S
667 2014 724 2106 tu]
747 2035 794 2081 nn
817 2033 916 2081 nono
939 2032 1168 2080 nrseuueanor
1191 2031 1262 2080 curt
1284 2031 1530 2081 cresconiano.

440 2188 511 2236 vm.
535 2168 679 2250 Placuit,
712 2166 798 2256 quod
825 2177 938 2254 petens
969 2166 1072 2252 recipi
1103 2164 1146 2230 ad
1168 2164 1335 2230 licenciam
1359 2174 1505 2254 tempore
1526 2165 1776 2252 dispensationis

317 2269 464 2336 ttsolvat
485 2279 557 2334 octo
578 2267 688 2332 floren.
711 2269 744 2332 in
768 2291 847 2333 auro
868 2289 927 2354 pro
950 2264 1129 2330 defectibus
1159 2264 1244 2346 suis,
1271 2264 1355 2328 inter
1380 2263 1529 2329 doctores
1560 2265 1690 2352 collegii
1711 2279 1777 2330 actu

356 2378 504 2455 regentes
527 2365 706 2455 aequaliter
728 2365 938 2448 dividendos,
967 2365 1030 2428 nisi
1061 2387 1095 2427 se
1126 2365 1219 2427 iuxta
1245 2373 1370 2427 statuta
1399 2362 1614 2451 complevisse
1637 2365 1777 2432 docuerit

356 2467 541 2548 evidenter3
565 2467 665 2530 etita
686 2487 746 2552 per
767 2469 936 2553 antiquum
956 2487 1080 2530 morem
1102 2487 1166 2529 non
1188 2461 1391 2548 gravabitur,
1422 2485 1485 2550 quo
1514 2463 1668 2529 videlicet
1691 2488 1776 2550 coge·

357 2567 453 2632 batur
476 2567 649 2652 unicuique
672 2563 840 2629 doctorum
863 2562 991 2650 collegii
1014 2563 1139 2628 solvere
1159 2585 1257 2628 unum
1278 2561 1389 2628 floren.
1411 2583 1455 2629 re.

440 2783 599 2831 STATUTA
621 2781 863 2830 LICENCIANDIS
886 2781 1049 2850 Tauroni:
1069 2780 1353 2829 DISPENSA'I'IONIS
1375 2781 1420 2828 ΕΤ
1442 2782 1534 2830 ANTE
1555 2784 1702 2832 anuas

315 2873 349 2930 20
827 2880 991 2929 naucum
1016 2881 1061 2928 ΕΤ
1082 2879 1311 2930 PUBLICANDA.

440 3034 486 3082 1x.
508 3015 747 3082 Licenciandue
769 3015 802 3078 in
823 3014 894 3078 iure
916 3013 1012 3079 debet
1033 3037 1104 3080 esse
1124 3015 1301 3101 inscriptus
1322 3013 1512 3080 matriculae
1533 3015 1631 3080 huius
1654 3019 1776 3082 univer·

359 3117 476 3198 sitatis,
501 3126 533 3179 et
544 3125 713 3204 promotus
736 3136 756 3178 a
776 3113 914 3199 collegio
937 3112 1106 3178 doctorum
1127 3112 1169 3178 ad
1190 3113 1327 3200 gradum
1343 3111 1583 3180 baccalariatus
1604 3117 1639 3180 in
1660 3118 1777 3182 iurein

358 3213 469 3300 aliqua
490 3217 701 3280 universitate
724 3211 923 3300 approbata,
946 3223 978 3276 et
999 3212 1164 3278 audivisse
1184 3213 1336 3278 lectiones
1358 3213 1392 3276 in
1413 3215 1483 3278 iure
1501 3226 1577 3301 post
1598 3214 1776 3280 huiuamodi

358 3314 497 3400 gradum
519 3313 757 3378 baccalariatus
779 3335 799 3376 a
821 3309 1008 3376 doctoribus
1031 3311 1207 3378 sallariatis
1229 3335 1288 3400 per
1309 3311 1390 3376 duos
1412 3335 1515 3378 annos
1535 3317 1716 3380 continuos.

315 3421 349 3478 25
441 3437 473 3478 x.
494 3413 577 3480 ltem
599 3410 694 3477 debet
716 3435 787 3476 esse
809 3411 912 3475 bonae
934 3411 1058 3492 famae,
1088 3413 1205 3498 integri
1238 3421 1358 3494 status,
1388 3411 1543 3478 honestae
1565 3417 1777 3480 conversatr'o·

357 3513 408 3578 nis
430 3524 462 3578 et
484 3512 524 3577 de
545 3510 689 3598 legitimo
709 3511 913 3574 matrimonio
935 3521 1037 3576 natus.

442 3631 489 3676 xl.
511 3613 602 3694 Item,
624 3619 797 3697 antequam
820 3608 1009 3674 admittatur
1032 3609 1074 3674 ad
1097 3631 1244 3692 examen,
1267 3610 1370 3696 primo
1393 3609 1491 3677 debet
1512 3609 1640 3700 aliquid
1662 3611 1775 3702 legisse

359 3713 392 3777 in
412 3712 553 3794 decreto,
576 3719 657 3797 puta
678 3732 776 3774 unam
798 3729 930 3772 caueam
952 3709 1004 3774 vel
1026 3708 1118 3791 duas,
1149 3718 1205 3774 aut
1226 3708 1348 3795 aliquot
1368 3709 1592 3776 distinctiones
1614 3713 1649 3776 in
1671 3713 1776 3776 eodem
1870 3769 1871 3787 ,

361 3810 413 3877 vel
436 3833 533 3876 unam
555 3805 753 3896 lellllgem,
777 3809 860 3872 siin
883 3807 971 3872 civili
993 3807 1045 3874 vel
1066 3820 1202 3896 utroque
1222 3811 1301 3893 iure,
1323 3833 1419 3874 unam
1442 3808 1608 3896 publicam
1630 3823 1663 3876 et
1684 3812 1777 3877 solen·

316 3923 434 3978 aunem
457 3910 680 3996 repetitionem
691 3909 713 3972 ².

441 4008 570 4074 Deinde
592 4007 683 4073 addit
703 4007 852 4074 dominus
885 4005 1089 4072 ordinarius:
1131 4007 1246 4090 „Licet
1268 4018 1391 4091 autem,
1416 4007 1546 4076 domine
1572 4011 1776 4092 licenciande,

357 4132 423 4175 non
445 4110 642 4194 ignoremus,
664 4130 763 4173 unum
786 4105 965 4171 alterumve
988 4129 1029 4170 ex
1051 4105 1102 4171 lris
1125 4107 1330 4194 praestandis
1352 4108 1500 4192 deficere,
1521 4122 1631 4176 tamen
1645 4117 1775 4192 veniam,
1869 4169 1870 4173 ,

359 4231 457 4296 quam
479 4209 612 4294 petiisti,
634 4230 699 4272 non
720 4206 928 4292 denegamus,
951 4205 1009 4270 sed
1031 4228 1129 4292 super
1149 4205 1210 4288 his,
1232 4228 1315 4293 quae
1333 4207 1393 4274 tibi
1414 4209 1522 4274 adhuc
1550 4209 1666 4276 deesse
1695 4211 1775 4275 vide

357 4310 486 4389 bantur,
509 4306 663 4389 breviter,
685 4317 827 4372 attamen
846 4304 955 4370 valide
977 4315 1074 4390 atque
1095 4304 1247 4390 legitime,
1269 4317 1301 4370 te
1322 4305 1581 4394 dispensamus.“

316 4419 349 4475 ³5
440 4423 501 4472 ΧΠ.
522 4407 685 4471 Examine
707 4417 838 4492 aperto,
867 4415 1040 4492 antequam
1069 4403 1288 4470 licenciandus
1310 4407 1529 4492 examinetur,
1567 4407 1666 4474 debet
1686 4409 1775 4498 depo·

357 4529 434 4572 nere
457 4503 546 4592 apud
569 4503 718 4571 doctores
738 4523 785 4570 xx
808 4504 920 4570 floren.
942 4505 976 4568 in
995 4527 1073 4570 auro
1096 4513 1152 4569 aut
1173 4504 1398 4592 aequivalens,
1426 4507 1459 4570 in
1487 4505 1645 4574 alterutro
1666 4512 1775 4574 iurium

364 4855 370 4869 ι
446 4769 622 4868 [Βίοωοὴ
640 4769 690 4824 hat
707 4767 835 4824 Hommel
853 4785 891 4824 an
907 4768 962 4824 den
980 4769 1062 4824 Rand
1080 4767 1275 4841 geschrieben:
1294 4771 1405 4826 Dextra
1421 4773 1512 4829 datie.
1547 4773 1659 4830 Deinde
1675 4781 1775 4829 <recu

357 4874 387 4908 m
404 4871 512 4994 '⁸03⁸th
527 4857 624 4996 dileben
644 4937 760 4994 Worten
778 4939 870 4992 steclrt
889 4937 1013 4993 offeubar
1029 4935 1073 4992 ein
1092 4936 1205 5010 Febler3
1223 4939 1296 4995 denn
1314 4957 1344 4995 so
1361 4939 1452 5012 geben
1468 4940 1508 4998 sis
1520 4942 1622 5000 keinen
1632 4943 1774 5015 gebdrigen

355 5022 439 5163 Ηὸἰιιιιὲιο
463 5025 518 5078 und
540 5023 632 5078 hinter
655 5029 769 5092 utroqw
791 5024 852 5076 iure
869 5021 935 5076 vird
962 5020 1088 5077 tiberdIes
1113 5024 1238 5080 vermisst
1254 5025 1312 5079 uult
1324 5029 1487 5096 promoueri
1503 5027 1570 5082 oder
1588 5035 1673 5086 etwas
1691 5029 1774 5085 sete

375 5125 390 5162 c
439 5148 447 5163 .
