3758 6072
853 501 903 556 Dis
920 503 1138 572 philosophialis
1150 503 1277 558 reulus

549 725 597 790 20.
620 739 789 790 pascuum
811 741 1025 792 ursmarus
1044 739 1219 802 Quamrna
1237 739 1392 788 nuruum
1412 730 1561 788 ananan.

431 855 596 922 Peccunia
621 857 784 924 facultatis
811 881 1015 947 nequaquam
1038 855 1235 943 dilapidetur
1259 855 1319 920 sed
1344 877 1404 944 pro
1433 853 1527 920 libris
1554 852 1692 920 emendis
1708 851 1763 917 vel

352 954 504 1020 censibus
526 957 754 1043 comparandis
775 969 806 1024 et
826 981 885 1048 pro
908 958 1158 1025 conservacione
1184 955 1411 1043 disputationis
1432 953 1618 1020 ordinariae
1638 976 1675 1018 ac
1694 951 1764 1018 aliis

353 1053 450 1119 studii
472 1063 504 1120 et
525 1064 706 1122 structurae
724 1059 917 1124 necessariis
938 1056 1075 1123 fideliter
1095 1063 1304 1122 conservetur
1325 1063 1357 1120 et
1377 1053 1590 1140 dispensetur.
1614 1051 1658 1116 Et
1676 1051 1764 1118 dme-

310 1162 327 1218 ⁵
353 1163 421 1220 tero
441 1152 521 1220 nulli
540 1163 683 1222 mutuum
705 1156 798 1222 detur
820 1159 883 1224 nisi
905 1155 947 1224 de
968 1179 1127 1224 consensu
1147 1166 1180 1220 et
1198 1154 1363 1222 voluntate
1383 1155 1486 1220 tocius
1507 1152 1677 1218 facultatis.

396 1327 446 1388 21.
467 1337 514 1386 Du
535 1337 709 1388 rosatum
730 1341 954 1391 marmanum
976 1339 1172 1390 surrosms
1192 1337 1456 1388 monueramus
1475 1337 1544 1385 Pan
1564 1331 1725 1385 Ducam

995 1439 1133 1489 nnuma

435 1551 557 1636 Placet,
579 1554 666 1642 quod
687 1555 730 1622 ad
749 1553 926 1622 tollendum
948 1557 1150 1622 conlimiones
1172 1563 1205 1620 et
1227 1553 1387 1641 obloquia,
1408 1571 1492 1638 qnae
1512 1549 1672 1616 interdum
1691 1545 1770 1613 flunt

355 1661 490 1742 propter
510 1651 787 1720 inadvertenciam
817 1655 1023 1738 decanorum,
1050 1676 1115 1720 non
1137 1653 1317 1742 sigillentur
1338 1673 1441 1738 neque
1463 1650 1580 1716 dentur
1602 1671 1661 1738 per
1678 1647 1769 1713 deca-

314 1763 346 1820 1⁰
355 1775 432 1819 num
464 1752 592 1840 aliquae
619 1751 747 1820 litterae
776 1755 1007 1822 testimoniales
1036 1756 1105 1820 sive
1136 1753 1377 1838 recogniciones
1406 1749 1506 1816 alicui
1534 1749 1771 1838 suppositorum

355 1852 397 1921 ab
418 1853 628 1918 universitate
649 1853 822 1938 recedenti,
848 1858 911 1922 nisi
937 1857 1027 1942 prius
1054 1853 1135 1920 tales
1161 1875 1219 1940 per
1241 1851 1366 1940 aliquos
1389 1848 1419 1938 [4
1428 1848 1454 1938 ⁸]
1479 1851 1623 1916 seniores
1643 1845 1770 1912 faculm

354 1953 397 2018 tis
417 1961 554 2040 quatuor
574 1953 746 2018 nacionum
767 1954 886 2020 fuerint
905 1956 996 2020 visae
1021 1963 1053 2020 et
1073 1951 1284 2042 approbatae,
1307 1949 1366 2018 sub
1392 1972 1498 2039 poena
1519 1947 1695 2014 arbitraria
1715 1968 1772 2034 per

356 2051 545 2118 facialtatem
567 2051 671 2118 eidem
693 2063 768 2139 post
787 2053 931 2120 fimctum
953 2053 1093 2119 officium
1115 2049 1279 2118 dictanda.

503 2221 551 2284 22.
572 2235 730 2284 DECANUS
754 2237 916 2286 TENETUB
936 2237 1081 2286 manum
1101 2234 1386 2285 ntsruusulom
1405 2231 1633 2282 oromatum

318 2359 348 2416 1⁵
441 2349 595 2416 Decanus
617 2359 743 2418 tenetur
761 2355 917 2418 interesse
938 2352 1154 2439 disputacioni
1175 2349 1359 2417 ordinariae
1380 2349 1609 2436 magistrorum
1631 2357 1663 2413 et
1682 2370 1774 2434 argn-

359 2472 423 2532 ere,
451 2450 591 2536 demptis
620 2453 692 2517 istis
714 2451 1000 2539 disputacionibus,
1030 2471 1112 2537 quae
1134 2449 1194 2516 sub
1224 2448 1428 2515 examinibus
1454 2447 1774 2514 baccalariandorum

358 2549 449 2631 fluunt,
476 2548 536 2614 sub
565 2573 671 2636 poena
698 2562 835 2637 quatuor
859 2571 1056 2638 grossorum,
1084 2574 1163 2638 quos
1186 2549 1289 2616 solvet
1310 2548 1459 2614 facultati
1480 2550 1604 2614 tociens
1625 2549 1775 2634 quociens

358 2647 477 2714 absens
504 2647 614 2732 buerit,
644 2650 703 2716 sub
732 2673 790 2716 suo
817 2652 1023 2734 iurament0,¹
1048 2651 1112 2716 nisi
1137 2673 1178 2716 ex
1202 2650 1387 2714 necessaria
1414 2669 1610 2714 causacum
1632 2669 1702 2712 esse
1721 2645 1775 2710 ab

359 2755 482 2812 sentem
500 2757 672 2834 oporteret,
696 2748 737 2815 de
757 2773 822 2839 qua
843 2771 941 2815 eausa
962 2773 1039 2816 suus
1060 2769 1227 2816 successor
1244 2757 1276 2815 et
1292 2756 1531 2835 computatores
1551 2747 1620 2812 eius
1644 2748 1677 2812 in
1694 2769 1775 2811 oom-

317 2853 439 2933 wputo
461 2868 656 2934 cognoscere
680 2847 808 2916 debent
837 2849 918 2916 Item
936 2847 1054 2914 absens
1076 2848 1217 2916 decanus
1238 2847 1334 2914 debet
1354 2849 1443 2912 vices
1465 2869 1541 2912 snas
1562 2845 1657 2911 alteri
1678 2847 1775 2931 magi·

360 2955 499 3011 atrorum
522 2945 562 3012 de
584 2947 718 3014 consilio
739 2947 902 3014 facultatis
924 2949 1132 3032 committere,
1159 2972 1200 3015 ne
1222 2948 1333 3034 aliqua
1360 2945 1563 3034 negligencia
1584 2947 1619 3011 in
1640 2945 1696 3012 tali
1714 2945 1776 3011 dis

361 3048 534 3133 putacione
554 3049 589 3112 in
611 3048 830 3114 confusionem
849 3047 1011 3114 factrltatis
1032 3059 1166 3137 propter
1185 3050 1254 3114 eius
1276 3047 1462 3114 absenciam
1483 3047 1707 3112 committatur.

360 3251 409 3314 23·
441 3261 599 3314 DECANU!
620 3263 808 3314 mraanssa
830 3265 946 3314 Danau
968 3263 1214 3314 Dlsruramom
1243 3261 1454 3312 canutam
1482 3259 1777 3314 ascensurorum

442 3395 580 3479 Placuit,
603 3397 689 3484 quod
709 3397 850 3466 decanus
871 3401 905 3466 in
926 3397 1070 3486 qualibet
1091 3397 1317 3486 disputacione
1337 3393 1504 3462 ordinaria
1525 3393 1779 3463 baccalariorum

319 3503 418 3562 itaut
438 3493 654 3562 vicedecanus
676 3499 719 3564 sit
741 3521 895 3586 praesens
920 3499 964 3563 ad
992 3497 1186 3563 insolencias
1212 3494 1469 3562 baccalariorum
1497 3506 1530 3560 et
1556 3498 1725 3578 sociorum,
1753 3495 1781 3560 si

362 3617 445 3684 quae
465 3595 595 3678 fierent,
627 3597 894 3685 compescendas,
924 3620 985 3687 pro
1016 3597 1106 3662 cuius
1140 3595 1377 3684 inquietacione
1409 3603 1441 3660 et
1471 3594 1585 3662 labore
1615 3591 1730 3662 babeat
1761 3612 1780 3658 a

360 3693 515 3761 facultate
538 3694 619 3760 duos
644 3717 785 3782 grossos,
815 3695 891 3762 dum
915 3707 1023 3764 tamen
1044 3695 1209 3784 praesidet
1230 3693 1273 3760 ad
1296 3717 1394 3760 unam
1415 3694 1538 3779 boram,
1559 3695 1625 3762 nisi
1645 3695 1780 3762 neumai-

361 3802 413 3858 tas
435 3792 524 3858 aliud
543 3793 765 3881 postulaverit,
787 3819 844 3862 cur
865 3805 1014 3884 oporteat
1035 3795 1161 3862 diucius
1182 3813 1380 3882 permanere.

469 3997 518 4060 24.
548 4011 596 4060 nn
617 4011 730 4061 amaus
751 4011 964 4063 racunrarrs
986 4011 1031 4062 nr
1054 4011 1229 4074 Quintana
1248 4009 1406 4062 nacarus
1427 4009 1529 4061 amca
1550 4011 1617 4062 aos
1637 4009 1675 4060 sa

320 4099 356 4156 30
914 4113 1051 4164 mnan
1073 4113 1222 4161 naemu.

444 4224 597 4290 Decanus
624 4224 685 4291 sub
712 4245 816 4314 poena
836 4227 948 4293 decem
975 4227 1171 4295 florenorum
1196 4229 1238 4292 sit
1266 4227 1416 4292 astrictus
1444 4225 1487 4290 ad
1512 4225 1783 4312 praesentandum

364 4324 574 4390 effectualiter
595 4348 705 4391 omnes
725 4326 827 4393 libros
848 4326 1021 4412 facultatis,
1049 4351 1069 4392 a
1098 4327 1347 4413 praedecessore
1375 4322 1439 4390 sibi
1464 4335 1699 4411 praesentatos,
1727 4347 1784 4390 sno

364 4425 544 4490 successori
565 4447 602 4490 eo
624 4434 780 4512 tempore,
810 4449 873 4514 quo
894 4427 972 4494 fecit
992 4428 1157 4493 racionem
1184 4425 1225 4490 de
1246 4425 1407 4514 perceptis
1435 4446 1477 4489 ex
1498 4433 1592 4511 parte
1613 4420 1785 4490 facultatis.

362 4521 444 4590 Item
466 4522 563 4588 debet
582 4524 668 4590 idem
688 4524 829 4590 decanus
850 4548 921 4592 esse
942 4527 1104 4608 astrictus,
1131 4525 1218 4612 quod
1238 4523 1317 4590 nulli
1339 4521 1486 4590 comodat
1506 4517 1647 4612 aliquem
1667 4519 1785 4590 librum

322 4632 355 4689 35
365 4633 420 4688 aut
447 4619 565 4706 libros,
594 4625 657 4690 nisi
685 4624 760 4690 talis
788 4623 842 4690 det
872 4627 938 4713 ipsi
969 4625 1091 4690 decano
1122 4625 1380 4711 recognicionem
1409 4622 1450 4689 de
1479 4633 1628 4711 recepto,
1657 4625 1691 4688 in
1720 4643 1785 4710 qua

364 4723 487 4810 obliget
508 4745 542 4788 se
568 4723 611 4788 ad
631 4722 830 4790 reddendum
851 4727 949 4792 istum
969 4725 1023 4792 vel
1043 4725 1123 4790 istos
1144 4734 1219 4790 ante
1244 4733 1430 4812 computum
1452 4746 1555 4808 suum,
1586 4745 1677 4813 quem
1698 4730 1785 4788 tene

364 4834 417 4889 tur
442 4824 551 4888 facere
576 4845 662 4888 novo
690 4820 829 4908 decano;
859 4823 919 4891 sub
949 4826 1051 4913 priori
1080 4847 1199 4913 poena,
1233 4833 1290 4890 aut
1319 4823 1464 4889 obtineat
1490 4825 1595 4890 tocius
1624 4819 1785 4887 facultatis

365 4923 573 4990 voluntatem.

453 5177 463 5227 1
483 5171 538 5229 Am
555 5171 667 5230 Raude:
695 5172 764 5230 Vide
783 5177 847 5230 1520
864 5175 899 5230 dc
915 5175 1074 5231 iuramento.
