3788 6078
637 495 687 547 Dia
705 495 823 548 statutae
842 510 902 547 rom
920 496 1003 548 «lubre
1024 495 1095 548 1513.
1516 497 1577 562 617

239 687 270 750 1.
291 679 359 746 Nee
378 677 582 768 recipiendus
601 689 660 762 est,
682 680 871 768 priusquam
895 688 1027 761 constet,
1049 702 1120 744 enm
1143 675 1331 744 matriculae
1353 675 1573 742 universitatis

159 791 289 847 noemae
309 781 502 869 Lypsiensis
523 781 713 868 inscriptum
736 803 807 846 esse
830 789 862 846 et
882 781 1044 866 integrum
1066 779 1210 868 precium
1231 774 1442 858 inscribendi,
1464 774 1576 842 decem

160 880 284 947 scilicet
304 903 447 968 grossos,
469 882 588 948 rectori
612 880 819 970 persolvisse.

242 1003 270 1064 3.
293 997 423 1064 Deinde
443 997 572 1086 publice
591 1001 624 1064 in
647 997 764 1064 scholis
787 997 1003 1063 determinare
1032 997 1129 1063 debet
1159 997 1381 1084 quaestionem
1402 991 1576 1059 medicina·

157 1096 236 1180 lem,
271 1097 383 1164 favore
410 1108 441 1163 et
470 1120 627 1163 consensu
660 1098 757 1164 totius
788 1097 950 1163 facultatis
978 1097 1139 1178 medicae,
1183 1094 1345 1184 adquam
1368 1091 1617 1180 respondebit⁵

157 1195 344 1263 doctoribus
365 1206 396 1262 et
417 1195 565 1263 omnibus
583 1196 656 1262 aliis
676 1197 855 1262 medicinae
877 1197 1079 1263 scholaribus
1101 1217 1237 1282 arguere
1258 1192 1450 1260 volentibus.

241 1321 267 1382 4.
287 1311 395 1380 Debet
411 1325 581 1402 praeterea
600 1315 787 1401 promittere
809 1314 913 1381 eidem
936 1314 1058 1382 damno
1079 1323 1111 1379 et
1126 1314 1185 1378 toti
1203 1310 1359 1392 facultati,
1381 1308 1476 1397 quod,
1493 1329 1575 1374 eom-

157 1411 247 1501 pleta
268 1435 327 1478 sua
348 1415 573 1501 responsione,
606 1413 779 1478 inmediate
801 1413 880 1479 velit
901 1423 1010 1504 petere
1039 1413 1298 1499 adsumptionem
1318 1409 1360 1475 ad
1382 1405 1577 1473 facultatem.

158 1511 308 1580 Habetur
329 1519 436 1579 autem
457 1511 532 1578 talis
548 1512 680 1600 publica
701 1515 871 1601 responsio
893 1514 963 1580 loco
986 1514 1155 1580 examinis.

239 1638 266 1698 5.
287 1630 411 1696 Doctor
432 1639 598 1719 promotus
620 1631 654 1696 in
674 1629 738 1696 alia
758 1633 968 1698 universitate
989 1631 1080 1697 dabit
1101 1627 1230 1696 famulis
1251 1626 1472 1693 universitatis
1494 1634 1572 1692 tem·
1586 1633 1618 1690 10

155 1753 237 1818 pore
267 1752 345 1796 suae
376 1731 608 1819 assumptionis
640 1729 683 1797 ad
713 1730 899 1797 facultatem
930 1730 1110 1796 medicinae
1145 1728 1225 1796 duos
1258 1728 1397 1794 florenos
1425 1746 1577 1792 reneuses

155 1853 188 1896 m
212 1852 303 1896 auro.

239 1952 266 2013 o.
297 1943 411 2010 Nullus
446 1945 486 2011 de
514 1956 642 2012 caetero
670 1947 845 2033 recipiatur
875 1946 988 2014 doctor
1016 1945 1095 2013 alibi
1122 1955 1287 2035 promotus
1318 1944 1362 2010 ad
1390 1942 1576 2009 facultatem

154 2047 240 2113 banc
261 2055 407 2112 nostram
430 2043 601 2126 medicam,
621 2046 684 2110 nisi
705 2047 739 2111 in
760 2045 833 2111 aliis
851 2046 1117 2113 universitatibus
1132 2044 1313 2112 celebribus
1327 2067 1386 2131 per
1403 2043 1576 2108 triennium

154 2147 254 2212 fuerit
275 2155 307 2210 et
327 2143 449 2210 ibidem
472 2143 618 2211 doctores
640 2144 820 2211 medicinae
842 2145 1013 2233 diligenter
1034 2148 1068 2211 in
1086 2143 1277 2212 lectionibus
1293 2143 1454 2210 audiverit
1468 2141 1572 2208 etboc
1588 2148 1617 2206 tt

155 2271 215 2313 suo
237 2247 417 2312 iuramento
439 2255 534 2310 antea
556 2243 805 2311 confirmaverit.

239 2369 266 2426 7.
286 2361 401 2428 Nullus
423 2359 546 2443 doctor,
568 2360 657 2449 apud
677 2359 814 2427 alienam
838 2361 1038 2430 academiam
1050 2372 1228 2450 promotus,
1244 2364 1278 2426 in
1291 2358 1487 2426 solemnibus
1498 2359 1575 2424 aeti·

90 2490 94 2502 ·
153 2461 216 2528 bus
237 2471 268 2528 et
289 2459 428 2550 publicis
451 2459 558 2526 locum
579 2457 699 2526 babeat
717 2462 801 2526 iuter
823 2460 1003 2528 medicinae
1023 2462 1170 2528 doctores
1194 2461 1288 2527 huius
1311 2457 1425 2542 studii,
1447 2460 1511 2523 nisi
1535 2458 1577 2522 sit

153 2561 346 2650 adsumptus
367 2559 410 2626 ad
429 2557 613 2625 facultatem
634 2561 814 2628 medicinae
836 2561 1012 2628 secuudum
1035 2572 1157 2628 statuta
1178 2559 1331 2642 eiusdem,
1353 2580 1457 2648 neque
1470 2557 1576 2623 cathe-

154 2663 248 2730 dram
271 2658 467 2727 doctoralem
487 2657 645 2724 ascendat
663 2659 799 2747 legendo
822 2671 854 2727 et
875 2660 1071 2750 disputando
1092 2663 1127 2726 in
1137 2660 1306 2727 medicinis
1327 2659 1391 2724 uisi
1414 2665 1618 2724 consensum

153 2761 271 2828 decani
293 2770 325 2826 et
345 2759 514 2824 doctorum
534 2759 633 2824 totius
654 2759 829 2826 facultatis.

237 2883 267 2945 8.
288 2875 441 2942 Attamen
461 2873 527 2957 illi,
559 2877 614 2962 qui
643 2884 797 2942 externus
823 2877 957 2944 advenit
977 2901 1082 2967 neque
1109 2877 1173 2944 buc
1199 2875 1393 2964 adsumptus
1417 2883 1475 2956 eet,
1498 2872 1577 2940 alibi

153 2985 302 3064 promoto
330 2973 465 3057 doctori,
486 2996 551 3040 non
582 2973 678 3040 debet
708 2977 835 3062 negari,
852 2978 886 3041 in
918 2977 1058 3064 publicis
1088 2975 1382 3065 disputationibus,
1424 2984 1577 3062 tanquam

154 3075 290 3162 hospiti,
312 3073 443 3140 ultimus
464 3073 564 3140 locus.

237 3199 265 3259 9.
288 3191 399 3280 Neque
422 3213 500 3257 vere
522 3190 693 3278 quisquam
714 3188 793 3256 alibi
814 3201 1048 3278 promotorum,
1075 3193 1152 3258 lieet
1173 3193 1220 3258 ita
1241 3190 1434 3278 adsumptus
1458 3189 1509 3272 sit,
1531 3187 1617 3253 ad25

150 3292 338 3360 facultatem
357 3289 420 3356 buc
441 3289 617 3376 recipiatur
639 3299 671 3353 et
692 3289 861 3356 consilium
882 3291 1001 3380 ipsius,
1032 3291 1097 3356 nisi
1118 3293 1151 3356 iu
1171 3291 1234 3358 bac
1256 3289 1465 3355 universitate
1487 3285 1574 3352 bien·

149 3394 241 3459 nium
262 3387 399 3478 legendo
421 3389 561 3475 aliquem
581 3387 741 3453 medicum
762 3398 837 3476 post
864 3393 914 3456 sui
935 3390 1198 3479 adsumptionem
1227 3388 1456 3477 compleverit,
1484 3388 1576 3454 iuxta

150 3499 274 3558 statuta
294 3491 328 3556 in
350 3512 422 3555 eam
444 3498 573 3575 partem
594 3487 707 3552 edita.¹

239 3613 285 3675 10.
308 3601 423 3694 [Blae]
447 3603 593 3686 Quilibet
604 3604 824 3670 adsumendus
837 3604 882 3671 ad
892 3604 1078 3672 facultatem
1101 3606 1290 3688 medicinae,
1313 3604 1391 3671 alibi
1406 3615 1575 3694 promotus

149 3719 306 3795 tanquam
328 3705 441 3772 doctor
461 3701 657 3786 medicinae,
687 3713 762 3769 ante
790 3707 838 3770 sui
868 3704 1130 3792 adsumptionem
1159 3705 1319 3773 tenebitur
1340 3707 1458 3788 iurare,
1480 3705 1566 3794 quod
1579 3713 1613 3770 30

148 3805 229 3872 velit
251 3826 428 3892 procurare
446 3804 568 3870 bonum
588 3801 752 3868 facultatis
775 3804 920 3870 medicae
940 3805 1039 3870 studii
1059 3805 1154 3874 huius
1181 3807 1391 3894 Lypsiensis,
1419 3814 1574 3894 quantum

147 3907 183 3972 in
204 3907 277 3992 ipso
293 3913 364 3988 est,
395 3902 438 3968 ad
465 3924 697 3991 quemeumque
724 3911 843 3968 statum
865 3907 1067 3990 pervenerit,
1097 3915 1130 3972 et
1149 3906 1236 3993 quod
1260 3906 1335 3972 velit
1358 3927 1489 3972 servare
1509 3914 1573 3969 sta·

149 4015 219 4070 tuta
240 4015 272 4069 et
290 4002 479 4084 statuenda,
518 4023 600 4090 quae
630 4011 704 4066 sunt
734 4011 765 4066 et
794 4013 887 4069 erunt
909 4025 969 4090 pro
991 4003 1077 4071 bono
1099 4005 1263 4071 facultatis
1286 4004 1432 4072 eiusdem
1453 4026 1570 4092 appro-

149 4105 229 4170 bata
249 4102 302 4168 vel
324 4100 550 4191 approbanda.

235 4225 282 4285 11.
311 4219 393 4284 ltem
419 4217 542 4284 iurabit
568 4216 654 4284 idem
681 4215 793 4282 doctor
815 4217 892 4284 alibi
924 4229 1092 4306 promotus
1121 4219 1340 4286 adsumendus
1361 4219 1404 4286 ad
1425 4227 1613 4284 nostram³5

145 4318 335 4386 facultatem
356 4317 546 4400 medicinae,
568 4316 679 4403 digitis
700 4317 868 4404 evaugelio
889 4319 1060 4406 impositis,
1083 4321 1143 4387 sub
1165 4321 1228 4387 bac
1249 4320 1395 4407 sequenti
1415 4315 1570 4384 formula:

743 4549 980 4600 mamurtini.

231 4699 325 4785 „Ego
353 4699 402 4764 ll.
429 4700 502 4764 iuro
530 4696 624 4763 vobis
651 4698 775 4765 decano
807 4698 987 4788 vestrisque
1020 4701 1261 4768 successoribus
1294 4701 1510 4768 obedientiam
1538 4707 1570 4766 et

143 4799 362 4865 reverentiam
382 4799 416 4863 in
436 4797 533 4863 licitis
554 4807 585 4863 et
607 4796 762 4881 honestis,
784 4808 816 4864 et
837 4820 966 4864 servare
991 4808 1111 4866 statuta
1136 4811 1167 4866 et
1196 4800 1367 4868 statuenda
1389 4824 1448 4887 pro
1470 4822 1568 4888 posse

144 4897 251 4966 meo.“
1578 4909 1612 4965 ω

235 5167 244 5216 l
268 5161 456 5221 (lecebrieben
472 5167 574 5222 cadim.
