3762 6074
526 461 614 510 Vierts
634 461 902 526 Statutanradaction,
923 479 974 514 von
997 464 1168 516 laea-1522.
1499 469 1559 536 485

138 679 182 744 16.
213 693 379 742 mererer
400 694 434 741 m
458 694 614 742 aalma:
635 696 758 744 Monuit
778 695 1146 744 BAGGALARIANDOBUM
1168 697 1355 748 TENENTUR
1376 699 1558 750 Ravennae:

489 795 610 844 EORUM
629 795 802 845 EXCESSUS
821 795 888 844 VEL
911 795 1217 846 mensurationem&

770 915 831 978 νει.
853 915 885 976 v,
903 915 927 965 a.

219 1025 366 1108 Quilibet
385 1028 615 1112 magistrorum
638 1027 680 1093 de
700 1029 835 1094 consilio
860 1027 1044 1112 facultatis,
1074 1051 1134 1117 per
1162 1029 1320 1096 decanum
1350 1033 1383 1096 in
1412 1032 1563 1098 examine

135 1150 261 1192 morum
276 1127 461 1214 requisitus,
479 1137 606 1192 tenetur
618 1128 767 1195 revelare
781 1149 936 1194 excessus
949 1127 1107 1193 notabiles
1123 1138 1155 1194 et
1174 1130 1425 1196 insufficiencias
1446 1131 1561 1196 bacca-
1588 1139 1606 1194 5

135 1225 370 1308 laniandorum
394 1228 421 1290 si
441 1226 505 1291 sibi
527 1238 693 1312 constant,
716 1229 776 1294 sub
798 1251 858 1294 suo
879 1229 1071 1310 iuramento,
1092 1229 1148 1315 qui
1169 1228 1221 1294 vel
1241 1251 1325 1316 quae
1345 1231 1379 1295 in
1401 1231 1560 1296 confusio·

136 1347 211 1390 nem
231 1325 397 1392 facultatis
419 1349 556 1412 vergere
585 1338 728 1414 possent.

145 1579 190 1640 17.
218 1593 267 1640 ns:
289 1592 471 1658 causaue,
493 1575 597 1663 quod
624 1575 711 1664 legi
737 1574 859 1642 debet
879 1576 920 1641 in
941 1577 1129 1642 examine
1149 1599 1297 1642 morum
1319 1577 1564 1664 magistris¹

224 1723 370 1805 Quilibet
385 1727 614 1811 magistrorum
628 1725 669 1789 dc
682 1725 817 1791 consilio
837 1724 1002 1790 facultatis
1023 1725 1057 1790 in
1078 1727 1228 1791 examine
1249 1749 1374 1794 morum
1396 1728 1566 1814 promittat

136 1823 179 1888 ad
201 1847 316 1889 manus
345 1824 460 1890 decani
493 1823 534 1890 de
555 1825 689 1890 celando
712 1825 904 1912 magistrum
926 1823 977 1890 vel
999 1826 1190 1911 magistros,
1212 1824 1355 1914 aliquem
1382 1825 1559 1891 baccalari·
1576 1835 1606 1892 lo

136 1922 256 1988 andum
286 1921 337 1988 vcl
366 1922 638 1988 baccalariandos
668 1924 897 2011 impedientem
918 1923 970 1988 vel
994 1925 1208 2011 impedientes
1233 1936 1291 1990 aut
1316 1925 1455 2013 aliquid,
1476 1924 1563 2014 quod

135 2045 274 2108 vergere
297 2025 404 2111 possit
425 2025 459 2088 in
481 2024 700 2089 confusionem
726 2023 904 2104 facultatis,
927 2033 1039 2088 eontra
1069 2023 1208 2112 aliquem
1236 2047 1277 2089 ex
1305 2025 1352 2089 eis
1379 2035 1563 2091 moventem

137 2121 190 2186 vel
212 2132 397 2207 moventes,
421 2122 482 2188 sub
509 2121 618 2190 debito
640 2123 788 2210 praestiti
809 2124 993 2188 iuramenti.
1033 2123 1079 2191 Et
1103 2123 1190 2191 idem
1216 2126 1318 2190 faciat
1343 2121 1487 2190 decanus
1512 2147 1561 2192 ee·

136 2223 223 2288 niori
252 2221 427 2288 facultatis.

182 2473 228 2536 18.
251 2467 402 2559 [Blaob]
425 2469 742 2558 Subsequencia
761 2470 942 2560 legenda
964 2482 1058 2537 sunt
1079 2470 1431 2537 baccalariandis
1452 2471 1521 2538 ad·
1576 2481 1608 2538 15

233 2570 375 2636 missis
398 2581 583 2659 tempore
604 2572 967 2660 praesentacionis
994 2594 1129 2638 corum
1150 2570 1200 2636 ad
1220 2570 1473 2638 facultatem.

223 2719 317 2806 „Ego
345 2720 393 2785 ‚tt
422 2722 492 2786 iuro
520 2719 614 2786 vobis
649 2721 772 2788 decano
800 2730 833 2788 et
858 2721 977 2786 vestris
1013 2720 1256 2787 successoribus
1284 2721 1506 2786 reverenciam
1536 2731 1568 2787 et

136 2818 362 2885 obedienciam
384 2819 417 2884 in
438 2819 537 2885 licitis
558 2830 590 2884 ct
611 2819 765 2903 honestis,
788 2831 820 2886 et
841 2843 973 2886 servare
996 2829 1116 2886 statuta
1139 2829 1170 2885 et
1192 2819 1364 2885 statuenda
1383 2843 1444 2907 pro
1468 2843 1566 2907 posse

139 2927 172 2984 et
194 2941 301 3002 nosse,
323 2927 356 2982 et
375 2941 552 3006 procurare
573 2918 695 2985 bonum
716 2919 888 2986 facultatis.

222 3018 341 3102 „Item²
362 3019 451 3101 iuro,
475 3017 561 3104 quod
581 3019 667 3083 infra
688 3020 883 3105 quindenam
904 3018 1001 3084 velim
1030 3018 1155 3086 solvere
1183 3018 1331 3085 facultati
1353 3042 1452 3084 unum
1474 3018 1610 3084 flore-20

136 3141 214 3184 num
236 3139 405 3182 senensem
432 3116 484 3182 vel
511 3117 720 3204 aequivalens
743 3141 815 3183 cum
837 3117 972 3184 dimidio
1001 3117 1123 3184 floreno
1147 3118 1308 3206 proliaco
1331 3119 1565 3200 univcrsitatis,

136 3217 189 3283 vel
211 3215 358 3283 obtinere
381 3218 450 3282 eius
471 3216 659 3282 dilationem
681 3217 733 3282 vel
755 3217 975 3284 dimissionem
996 3217 1039 3282 ab
1060 3217 1198 3284 eadem.³

220 3318 341 3400 „Item,
363 3316 450 3402 quod
470 3327 617 3402 tempore
644 3315 926 3382 determinacionis
953 3340 1045 3383 meac
1072 3317 1159 3383 dabo
1186 3315 1316 3383 famulis
1343 3317 1566 3382 universitatis

137 3428 279 3503 quatuor
300 3439 441 3502 moesos.

220 3517 324 3600 „ltem
343 3517 424 3598 iuro,
447 3513 535 3602 quod
554 3516 653 3580 istum
674 3513 812 3600 gradum
836 3515 870 3579 in
890 3513 979 3580 nulla
999 3517 1212 3582 universitate
1234 3537 1407 3582 resumam.
1571 3525 1605 3582 25

220 3616 323 3700 „Item
345 3616 427 3697 iuro,
448 3611 535 3700 quod
556 3615 590 3678 in
610 3615 675 3679 ista
696 3615 928 3680 universitate4
951 3612 1141 3702 [secundum
1165 3611 1362 3702 conclusum]
1387 3615 1481 3681 stabo
1505 3637 1565 3703 per

138 3717 220 3782 duos
257 3737 359 3780 annos
393 3713 548 3800 legendo,
586 3711 783 3801 disputando
820 3713 873 3779 vel
914 3713 1064 3781 adminus
1097 3715 1237 3805 aliquem
1270 3715 1500 3800 magistrorum
1532 3716 1567 3781 in

137 3817 277 3883 lectione
296 3815 348 3880 vel
370 3815 530 3880 exercicio
552 3813 729 3893 audiendo,
750 3815 813 3878 nisi
834 3835 893 3901 per
913 3814 1101 3882 facultatem
1122 3837 1219 3904 snper
1239 3815 1302 3880 boc
1322 3835 1449 3880 mecum
1468 3814 1568 3882 fuerit

139 3917 381 4004 dispensatum.

222 4015 326 4098 „Item
333 4063 342 4096 ,
365 4012 452 4102 quod
478 4013 599 4078 bonum
626 4011 722 4078 huius
752 4013 973 4078 universitatis
998 4022 1030 4079 et
1049 4013 1212 4080 facultatis
1234 4015 1369 4096 arcium,
1391 4012 1434 4079 ad
1456 4025 1610 4102 quem-30

140 4136 269 4202 cunque
292 4122 410 4179 statum
432 4111 604 4196 devenero,
625 4111 724 4177 velim
745 4134 929 4198 procurare.

222 4214 336 4297 „Item,
359 4212 446 4301 quod
467 4235 533 4279 non
553 4212 649 4278 velim
672 4211 888 4278 determinare
908 4213 973 4277 nisi
993 4212 1105 4278 habito
1128 4213 1283 4298 signeto.“

229 4467 240 4518 1
260 4462 315 4518 Am
333 4461 440 4530 Raude,
457 4459 532 4516 roth:
556 4459 672 4530 ἱερείων
689 4467 791 4513 anano
808 4461 955 4530 mapistra’a

228 4547 316 4602 2Am
334 4546 432 4602 Raude
451 4547 489 4600 ist
505 4543 698 4616 geschrieben:
723 4543 790 4598 Non
810 4543 931 4614 bocar,
956 4543 1028 4600 doch
1045 4543 1117 4600 vobi
1143 4548 1199 4598 erst
1220 4545 1319 4614 spiiter.
1353 4545 1438 4599 Einer
1456 4541 1569 4598 ffihern

141 4632 204 4688 Zeit
220 4629 351 4686 scheinen
376 4629 571 4701 amngchbren
595 4627 641 4682 die
662 4625 725 4682 roth
746 4626 960 4698 gesehriebenen
978 4630 1088 4684 Worte:
1116 4629 1168 4683 toc
1184 4628 1251 4682 oica
1268 4647 1334 4683 noco
1355 4627 1517 4696 declarem,
1539 4645 1572 4682 ne

140 4718 269 4774 incidant
284 4717 315 4770 io
326 4716 491 4786 portariam,
508 4731 543 4770 au
559 4714 650 4770 denen
667 4711 788 4767 schvara
808 4711 993 4784 binaugefir'gt
1007 4713 1055 4768 ist:
1072 4717 1108 4768 Et
1123 4714 1151 4768 ai
1166 4713 1229 4783 queis
1241 4714 1380 4784 posinna
1395 4718 1435 4768 ast
1450 4711 1569 4768 dilacio
1639 4719 1642 4726 “

141 4820 208 4870 nan,
221 4807 301 4872 pensi
313 4800 505 4870 praesmdibua
522 4797 663 4868 moqistrs's
680 4798 714 4851 dc
730 4795 848 4852 consilio
858 4797 1019 4868 facultatis.

230 4889 246 4940 3
266 4883 321 4938 Dis
339 4883 437 4938 Worte
455 4900 512 4954 pro
529 4883 601 4951 fisco
623 4881 696 4935 ania
720 4898 745 4936 u.
765 4899 786 4934 s.
804 4899 835 4935 w.
854 4881 915 4936 sind
932 4885 1027 4953 spatas
1044 4879 1264 4954 ausgestrichen,
1283 4881 1339 4936 und
1357 4897 1402 4935 am
1419 4879 1517 4936 Rande
1533 4879 1571 4935 ist

141 4968 324 5042 geschricben
345 4985 401 5022 non
419 4967 533 5037 laynam.

227 5059 243 5108 l
266 5053 321 5107 Am
339 5051 437 5106 Raude
454 5049 557 5106 rechts:
581 5050 708 5104 aldium
730 5057 770 5104 est
792 5049 904 5119 alfonsid
925 5050 1078 5105 {memento
1099 5055 1171 5106 1520.
1211 5049 1279 5104 Dies
1295 5045 1404 5103 beaiebt
1420 5045 1480 5102 sich
1497 5045 1569 5103 wohl

140 5138 195 5196 auf
209 5138 316 5193 dicam
336 5136 436 5192 Raude
453 5135 526 5192 links
542 5133 634 5190 hintes
649 5135 826 5190 novamne
843 5133 1024 5206 eingefugteu
1044 5135 1141 5192 Worte
1159 5135 1306 5195 aarum
1325 5131 1489 5188 concham.
