3718 6076
319 445 380 509 474
815 449 866 498 nte
882 449 1100 514 philosophante
1116 449 1242 500 Facultit.

320 624 427 690 dinem
449 634 481 692 et
501 628 698 714 paucitatem
720 629 1004 716 negligenciamm,
1026 629 1208 696 defectuum
1228 652 1268 694 ac
1290 649 1475 711 causarum,
1497 629 1622 714 siquos
1641 625 1742 708 habet,

320 725 470 810 magistri
491 726 604 792 videre
624 729 764 814 possint,
791 751 833 794 an
855 733 897 795 sit
919 753 1027 794 secum
1054 731 1169 794 merito
1197 727 1462 816 dispensandum.
1504 726 1672 814 Reputant
1692 749 1741 790 au·

319 833 384 889 tem
415 827 579 911 magistri,
610 825 786 910 legitimum
817 828 1082 916 impedimentum
1118 828 1187 894 fore
1216 827 1438 892 infirmitatem
1469 835 1526 892 aut
1558 825 1740 892 absenciam

319 921 383 987 loci
405 945 446 988 ex
466 923 656 990 racionabili
675 949 774 990 causa
794 927 845 994 vel
864 927 986 1017 aliquid
1007 925 1096 992 aliud
1117 949 1176 1014 per
1197 925 1384 992 facultatem
1406 924 1669 1014 approbandum.

278 1097 294 1151 5
398 1097 428 1158 6.
456 1107 551 1167 Quor
573 1109 766 1159 anemonas
786 1112 832 1159 nr
854 1111 1040 1160 sxnamrm
1063 1112 1132 1159 uus
1154 1109 1234 1158 vroa
1256 1109 1386 1158 suarna
1408 1082 1488 1170 oms
1509 1109 1666 1158 roramr

809 1211 877 1259 rao
899 1211 1018 1259 aranu
1042 1210 1253 1258 uamsrnnn.

932 1299 999 1392 ιιι(
1010 1329 1084 1388 xm,
1102 1327 1126 1380 s.

404 1437 549 1518 Quilibet
571 1440 707 1506 audiens
728 1441 829 1507 libros
850 1442 892 1507 ad
914 1441 1052 1528 gradum
1072 1443 1253 1528 magisterii
1274 1440 1377 1506 solum
1399 1440 1514 1505 audire
1543 1438 1645 1504 debet
1671 1438 1744 1502 duas

321 1537 474 1604 lectiones
495 1540 529 1601 in
550 1537 602 1602 die
624 1539 664 1604 de
685 1540 778 1606 libris
800 1542 842 1606 ad
863 1541 1002 1628 gradum
1025 1541 1256 1628 spectantibus,
1281 1563 1427 1606 necnon
1448 1541 1544 1626 plura
1567 1561 1667 1626 quam
1687 1536 1745 1601 dno

282 1644 314 1700 to
324 1639 487 1701 exercitia.
531 1637 576 1702 Et
597 1663 660 1704 non
688 1651 794 1726 potest
820 1640 961 1726 aliquam
982 1641 1097 1706 audire
1124 1640 1295 1705 lectionem
1317 1662 1377 1726 pro
1400 1640 1503 1703 tercia
1523 1639 1587 1702 nisi
1610 1635 1745 1701 rethori-

320 1757 441 1818 corum,
470 1759 553 1823 quae
580 1747 629 1801 est
655 1761 849 1804 concurrens
878 1763 950 1804 cum
978 1739 1060 1805 aliis.
1101 1739 1136 1804 Si
1165 1761 1242 1803 vero
1272 1759 1364 1802 secus
1392 1737 1521 1820 fecerit,
1549 1747 1632 1801 tunc
1665 1733 1742 1800 tales

320 1832 397 1898 libri
433 1857 490 1900 seu
513 1838 674 1902 exercicia
695 1849 808 1904 contra
836 1849 990 1906 statutum
1024 1839 1126 1905 auditi
1160 1859 1225 1902 non
1257 1847 1332 1902 sunt
1363 1836 1425 1903 sibi
1458 1833 1673 1922 computandi
1706 1831 1745 1898 ad

319 1933 469 2018 gradum.

627 2061 656 2120 7.
676 2071 723 2118 ns
746 2069 893 2122 srsucm
913 2071 1229 2121 raouovssnoaun
1250 2071 1287 2118 m
1309 2069 1437 2119 suasts.

282 2189 311 2246 ιι
925 2191 984 2254 vgr.
1003 2191 1078 2256 xm,
1096 2190 1138 2242 aa

402 2301 516 2367 Nullus
541 2303 731 2370 admittatur
752 2303 795 2369 ad
820 2313 1016 2390 temptamen
1037 2303 1089 2370 vel
1119 2325 1258 2368 examen
1284 2325 1345 2390 pro
1371 2299 1477 2386 gradu
1504 2299 1687 2386 magisterii
1714 2299 1744 2361 in

321 2400 454 2483 artibus,
482 2404 546 2468 nisi
566 2405 601 2468 in
623 2401 766 2488 collegiis
789 2412 844 2467 aut
869 2403 978 2468 bursis
999 2426 1020 2468 a
1041 2402 1194 2470 facultate
1223 2399 1414 2488 approbatis
1444 2401 1598 2466 continue
1626 2398 1744 2463 steterit

321 2498 432 2586 ibique
453 2502 487 2565 in
510 2500 686 2566 scolasticis
709 2501 835 2568 actibus
857 2501 1066 2584 latinizando,
1089 2500 1267 2588 arguendo,
1289 2499 1487 2588 disputando
1506 2509 1538 2564 et
1554 2496 1743 2586 opponendo

321 2596 513 2684 diligencius
532 2601 566 2664 in
587 2599 699 2666 ordine
722 2624 778 2666 suo
801 2603 852 2666 se¹
873 2602 1101 2666 exercitaverit
1121 2611 1291 2688 ceteraque
1311 2598 1439 2686 collegii
1461 2609 1518 2664 aut
1538 2599 1661 2664 bursae
1679 2598 1744 2661 iura

280 2704 358 2761 wat
379 2720 475 2764 verus
498 2697 673 2786 inquilinus
694 2721 753 2786 per
777 2721 811 2764 se
835 2701 989 2782 tenuerit3
1017 2700 1082 2764 nisi
1101 2698 1187 2766 filius
1209 2699 1351 2766 civitatis
1372 2697 1470 2764 fuerit
1489 2696 1543 2762 vel
1565 2697 1650 2764 alias
1671 2695 1744 2762 adeo

322 2795 516 2862 habundans
535 2797 587 2862 vel
607 2797 770 2882 notabilis,
792 2798 879 2887 quod
900 2797 1029 2864 domum
1050 2799 1218 2886 propriam
1238 2810 1349 2864 tenere
1370 2806 1402 2864 et
1420 2819 1583 2886 expensas
1600 2796 1743 2886 proprias

321 2915 387 2960 una
417 2917 489 2962 cum
518 2898 674 2983 magistro
703 2897 755 2962 vel
784 2897 993 2970 informatore
1021 2899 1157 2984 poterit²
1188 2897 1309 2964 habere
1337 2898 1455 2984 gratis,
1486 2896 1527 2962 de
1559 2920 1624 2985 quo
1654 2895 1743 2962 fidem

320 2994 469 3060 facultati
498 2995 557 3060 sub
587 3019 645 3062 suo
673 2997 853 3062 iuramento
881 3019 941 3083 per
969 2996 1050 3062 duos
1078 2999 1166 3062 viros
1192 2995 1349 3084 ydoneos,
1378 2995 1494 3084 quibus
1523 2996 1585 3062 hoc
1615 3003 1742 3072 constat,

323 3096 391 3160 sive
413 3117 471 3182 pcr
493 3093 559 3160 alia
578 3094 739 3182 legittima
758 3095 951 3162 documenta
971 3097 1080 3164 facere
1100 3105 1257 3161 teneatur.

278 3269 311 3325 25
343 3265 373 3329 8·
395 3278 442 3325 DE
464 3278 781 3329 RECOGNITIONIBUS
801 3281 911 3328 SUPER
933 3279 1092 3344 ararem,
1119 3278 1415 3328 RESPONSIONIBUS
1437 3280 1483 3328 ΕΤ
1505 3279 1598 3328 ALIIS
1620 3275 1743 3328 HABEN-

561 3378 618 3427 ms
641 3377 876 3440 TEMPOREQUE
898 3378 1184 3426 DISPENSA'PIONIS
1207 3377 1506 3426 Paassaarartms.

936 3497 996 3560 vgs.
1016 3496 1092 3560 x111,
1108 3497 1133 3548 s.

405 3610 520 3680 Nullus
542 3611 669 3676 admitti
691 3611 787 3678 debet
813 3611 857 3676 ad
883 3619 1082 3696 temptamen
1103 3608 1156 3676 vel
1184 3632 1321 3676 examen
1349 3633 1410 3698 pro
1439 3609 1546 3697 gradu
1571 3606 1744 3698 magisterii

321 3716 354 3778 in
375 3711 510 3792 artibus,
538 3711 604 3774 nisi
623 3721 768 3797 tempore
789 3711 1047 3797 dispensacionis
1073 3711 1108 3775 in
1131 3708 1262 3774 scedula
1290 3731 1422 3777 suorum
1449 3720 1580 3776 actuum
1607 3708 1743 3796 recogni·
1837 3784 1838 3808 ,

279 3815 447 3879 accionem
470 3811 519 3874 sui
542 3812 778 3892 conventoris³‚
807 3832 880 3874 cum
902 3832 964 3896 quo
986 3809 1038 3874 vel
1064 3807 1180 3897 quibus
1204 3811 1330 3874 steterit
1354 3818 1387 3874 et
1407 3811 1480 3876 iura
1501 3809 1651 3876 bursalia
1670 3810 1744 3874 fece-

320 3912 373 3992 rit,
401 3919 481 3995 puta
509 3907 716 3995 disputandO,
747 3908 925 3994 arguendo,
956 3907 1195 3996 respondendo,
1226 3910 1402 3974 serotinam
1424 3908 1682 3995 disputacionem
1702 3907 1742 3970 in·

321 4007 515 4096 gradiendo,
554 4007 748 4072 latinitatem
787 4008 964 4090 servando,
1002 4010 1228 4094 consignatam
1262 4007 1426 4073 exhibeat.
1471 4006 1579 4089 Quam
1619 4010 1649 4074 si
1686 4026 1743 4071 non

322 4105 504 4173 exhibuerit
527 4109 637 4194 sicque
658 4106 878 4174 verisimiliter
904 4117 1018 4172 contra
1045 4131 1118 4172 eum
1147 4108 1311 4194 praesumi
1339 4109 1473 4194 poterit,
1500 4106 1588 4194 quod
1613 4109 1648 4174 in
1673 4103 1744 4171 locis

322 4205 408 4295 [leb]
432 4207 624 4293 approbatis
646 4209 796 4272 continue
818 4229 882 4272 non
904 4207 1029 4271 steterit
1055 4229 1115 4272 nec
1144 4210 1216 4272 iura
1243 4206 1390 4272 bursalia
1417 4209 1452 4272 in
1481 4205 1604 4273 eisdem
1631 4205 1743 4282 feeerit

281 4305 368 4373 35ad
397 4317 593 4392 temptamen
615 4305 667 4370 vel
692 4329 830 4371 examen
857 4308 921 4370 ista
944 4307 1015 4370 vioe
1035 4328 1100 4370 non
1122 4306 1322 4372 admittatur.
1363 4307 1402 4371 In
1423 4305 1601 4396 eademque
1622 4301 1744 4373 scedula

322 4407 480 4472 contineri
508 4405 627 4470 debent
657 4409 890 4493 magistrorum
915 4406 1056 4488 nomina,
1085 4405 1203 4492 quibus
1232 4416 1299 4471 tam
1324 4406 1489 4473 ordinarie
1517 4429 1618 4496 quam
1647 4413 1743 4472 extra·

324 4505 487 4574 ordinarie
507 4505 727 4592 respondebit,
750 4505 811 4571 sub
832 4527 938 4593 poena
958 4503 1192 4592 impedicionis.

407 4703 581 4847 llleieiaedlddh
606 4787 668 4842 sind
692 4784 815 4842 mehrera
831 4787 930 4843 Worte
954 4784 1135 4857 ausgefallen,
1161 4785 1212 4842 wie
1236 4785 1285 4840 der
1301 4784 1450 4858 Vergleich
1473 4785 1524 4840 mit
1547 4785 1603 4842 dcn
1625 4779 1743 4841 Parsllel·

326 4875 424 4930 stellen
442 4875 567 4942 beweist,
587 4871 720 4926 nsmltch:
745 4873 789 4926 cel
805 4879 972 4943 paupertate
993 4879 1125 4940 pravatus
1141 4871 1285 4925 saciando
1302 4870 1392 4924 alfaei
1409 4871 1543 4939 mapsam
1558 4871 1605 4924 cel
1625 4870 1694 4926 alibi
1706 4881 1743 4920 ee·

321 4979 422 5031 pascae
440 4961 470 5012 in
488 4967 546 5014 toto
562 4958 607 5012 vel
618 4975 676 5026 pro
694 4957 835 5012 cadistoa
847 4957 954 5027 poterit
968 4955 1067 5009 tabae
1083 4956 1179 5025 qratia
1215 4955 1276 5010 Das
1293 4955 1375 5024 Auge
1392 4954 1440 5010 des
1458 4952 1622 5011 Schreibers
1639 4955 1700 5010 inte
1714 4945 1744 5001 fib

323 5062 378 5098 von
392 5044 498 5114 poterit
513 5060 549 5096 au
562 5041 673 5113 poterit.
1289 5081 1292 5090 .

407 5133 422 5183 3
440 5126 478 5180 Es
495 5125 565 5181 fehlt
580 5124 624 5198 oct
638 5131 835 5179 concentonem.
865 5123 929 5195 Vgl.
949 5121 1020 5178 oben
1040 5121 1067 5179 S.
1086 5127 1127 5191 21,
1147 5128 1176 5180 ts
1193 5139 1221 5178 u.
1238 5139 1275 5176 au
1290 5125 1348 5190 466,
1369 5126 1407 5178 15.
