3794 6066
348 356 388 422 '18
826 358 877 408 Dis
893 357 1013 410 Suetus
1030 371 1093 409 scm
1109 357 1193 409 anrs
1213 363 1283 420 15⁴8,

347 547 380 604 et
399 558 421 603 a
440 539 561 626 prioris
582 538 746 606 semestris
766 545 892 604 rectore
914 539 1074 626 exigetur.
1110 538 1170 606 Sin
1188 547 1358 606 accusatus
1376 537 1475 606 fuemt
1494 539 1663 605 convictu
1683 538 1767 606 intre

347 647 476 726 tempus
499 660 600 726 supra
619 638 796 720 definitum,
817 647 894 704 tunc
915 637 1055 705 deinde¹
1076 647 1183 706 rector
1203 641 1324 728 prioris
1343 640 1508 706 semestris
1527 661 1601 704 enm
1619 638 1766 705 consilia·

262 792 274 815 ,
349 737 408 802 riis
429 738 497 802 suis
516 738 727 826 pronuncciet
740 739 762 821 ²,
781 735 971 804 electionem
990 739 1109 803 factem
1128 739 1255 804 irritam
1270 760 1352 822 esse,
1374 749 1409 804 et
1428 747 1561 826 postero
1582 740 1694 806 statim
1715 737 1767 804 die

352 845 569 903 convocentur
588 837 744 910 universi.
764 837 819 925 qui
840 835 968 919 debent,
989 835 1055 901 ad³
1075 837 1174 903 alium
1192 849 1351 904 rectorem
1370 837 1562 904 faciendum.
1595 837 1663 920 Qui
1680 845 1767 902 ante·

322 945 447 1025 tquem
465 937 527 1002 rite
545 936 652 1004 factus
672 937 769 1002 fuerit
790 945 822 1001 et
842 937 1068 1023 magistratum
1088 937 1206 1020 inierit,
1226 940 1320 1004 tum⁴
1340 959 1434 1002 omne
1453 939 1504 1004 ius
1519 940 1656 1004 rectoris
1667 959 1768 1025 penes

350 1037 459 1123 ipsum
479 1037 549 1101 erit.
595 1035 723 1104 Placuit
742 1044 775 1102 et
795 1036 858 1102 hoe
879 1037 1047 1119 constitui,
1067 1059 1108 1100 ne
1127 1047 1234 1102 rector
1254 1039 1289 1102 in
1310 1035 1456 1103 vestibus
1477 1046 1511 1102 et
1531 1047 1649 1104 ornatu
1667 1036 1768 1122 negli-

349 1137 476 1222 gentior
496 1137 552 1217 sit,
580 1134 639 1200 sed
659 1143 695 1200 ut
715 1137 762 1202 ita
783 1159 818 1200 se
838 1145 947 1222 gerat,
970 1136 1241 1223 quemadmodum
1262 1136 1454 1202 honoratum
1476 1147 1509 1203 et
1528 1137 1690 1224 dignitate
1705 1138 1767 1202 sin·

347 1234 455 1320 gulari
480 1233 661 1323 praeditum
690 1235 795 1300 virum
824 1258 884 1323 pro
914 1237 1145 1302 consuetudine
1173 1247 1355 1323 temporum
1383 1235 1485 1302 decet
1526 1235 1624 1317 Quod
1646 1237 1675 1302 si
1698 1237 1768 1301 eius

347 1333 517 1399 fecsrltetes
536 1343 720 1399 tantaenon
732 1318 916 1418 luerint'ut
937 1337 1181 1402 convenientem
1200 1338 1354 1402 vestitum
1374 1358 1494 1423 parare
1515 1335 1579 1401 sibi
1593 1337 1709 1424 possit,
1729 1337 1767 1416 is,

308 1434 375 1498 tosi
397 1434 541 1520 petierit,
574 1431 706 1520 publica
726 1435 865 1522 pecunia
885 1435 1034 1500 adiuvari
1063 1437 1097 1501 in
1118 1457 1157 1500 eo
1179 1433 1317 1501 debebit
1350 1427 1472 1500 Nullos
1493 1445 1600 1501 antem
1619 1443 1767 1522 sumptus

348 1543 455 1598 rector
474 1542 569 1597 extra
589 1531 735 1598 ordinem
757 1543 789 1598 et
808 1555 873 1599 non
893 1557 1066 1602 concessos
1089 1535 1152 1600 sibi
1172 1536 1303 1622 privata
1321 1537 1495 1600 autoritate
1508 1536 1543 1599 in
1554 1533 1694 1599 arbitrio
1710 1555 1767 1598 suo

348 1633 456 1698 faeere
477 1629 617 1698 debebit

429 1732 495 1798 Sed
516 1731 550 1796 in
569 1730 719 1798 faciendo
738 1741 897 1800 rectorem
916 1732 998 1800 baec
1017 1734 1102 1799 ratio
1124 1732 1318 1800 servabitur.

973 1935 1078 1999 Caput
1101 1935 1136 1986 11.

306 2077 337 2134 l5
606 2083 654 2132 DE
676 2083 828 2132 nemora
850 2083 1031 2134 SEBVANDA
1052 2085 1088 2132 m
1109 2083 1284 2133 rscmrtno
1304 2082 1501 2134 unctorum

430 2199 586 2268 Semestri
605 2201 729 2266 aestivo
749 2223 834 2267 nono
856 2199 1019 2268 Calendas
1038 2199 1130 2288 Maij,
1150 2199 1293 2288 hyemali
1313 2222 1392 2266 vero
1412 2199 1538 2268 decimo
1551 2200 1691 2286 septimo
1704 2198 1765 2266 Oa·

346 2301 460 2368 lendas
480 2299 675 2366 Novembris
696 2302 828 2366 comitia
848 2299 891 2366 ad
911 2309 1068 2368 rectorem
1088 2323 1209 2366 novum
1228 2299 1414 2366 faciendum
1441 2297 1656 2364 habebuntur.
1700 2299 1765 2366 Ubi

346 2401 446 2488 igitur
466 2423 587 2484 omnes,
609 2423 689 2488 quos
711 2409 849 2488 oportet,
871 2401 1089 2483 convenerint,
1108 2409 1185 2464 tnnc
1205 2401 1296 2466 natio
1317 2421 1529 2488 unaquaeque
1549 2399 1599 2478 (in
1620 2420 1703 2484 quas
1717 2409 1766 2464 est

345 2511 457 2566 nostra
476 2501 673 2566 universitas
694 2499 889 2564 scholastica
909 2497 1093 2583 distributa,
1116 2521 1251 2566 numero
1273 2503 1426 2587 quatum)
1454 2499 1604 2584 designet
1623 2520 1666 2564 ex
1694 2521 1766 2564 sese

305 2609 455 2681 munem,
477 2601 529 2665 cni
549 2599 681 2687 quidem
701 2597 917 2686 designationi
938 2599 1097 2686 refragari
1111 2601 1230 2666 nemini
1254 2599 1353 2664 licere
1371 2597 1531 2664 volumus.
1565 2597 1612 2664 Hi
1626 2609 1765 2684 quatuor

346 2709 517 2788 postquam
540 2699 658 2764 rectori
680 2699 904 2783 promiserint,
933 2697 1015 2764 nihil
1045 2719 1081 2764 se
1105 2698 1326 2764 fraudulenter
1353 2706 1410 2763 aut
1435 2696 1597 2764 malitiose
1624 2707 1765 2781 acturos,

347 2799 518 2886 designent
538 2806 661 2886 septem
683 2797 766 2864 alios
786 2819 829 2864 ex
849 2799 1011 2864 universis
1032 2799 1095 2882 sic,
1117 2807 1257 2887 quatuor
1276 2807 1313 2863 nt
1333 2799 1399 2862 sint
1418 2797 1460 2864 de
1479 2795 1666 2863 nationibus
1688 2819 1765 2884 qna·

345 2909 427 2982 tuor,
449 2909 514 2964 tres
533 2897 649 2985 reliqui
670 2897 711 2962 de
732 2895 836 2964 tribus
855 2897 1053 2982 nationibus,
1075 2919 1204 2986 semper
1223 2899 1403 2985 praeterita
1424 2919 1464 2964 ea
1484 2899 1626 2981 natione,
1648 2896 1765 2984 deque

347 3009 453 3064 rector
473 2999 538 3064 iam
558 2996 628 3062 lieri
648 2995 787 3062 debebit
827 2995 873 3060 Hi
894 3007 1019 3085 septem
1040 2999 1232 3086 promittant
1251 3005 1283 3063 et
1303 2997 1369 3084 ipsi
1389 2997 1524 3080 rectori,
1553 2994 1703 3062 fraudem
1732 3019 1766 3060 se

303 3107 378 3166 acet
400 3097 557 3166 malitiam
579 3119 706 3164 omnem
725 3097 884 3162 vitaturos
903 3118 994 3181 esse,
1015 3107 1112 3185 atque
1131 3100 1178 3164 ita
1203 3097 1375 3184 designent
1401 3097 1482 3164 alios
1508 3097 1665 3183 quinque,
1687 3117 1765 3182 quo·

343 3221 416 3266 rum
438 3200 502 3264 sint
520 3206 658 3284 quatuor
679 3195 720 3262 de
740 3195 926 3262 nationibus
946 3207 1093 3282 quatuor,
1115 3199 1245 3285 quintus
1265 3206 1373 3264 sutem
1394 3195 1435 3263 de
1448 3195 1506 3262 illa
1518 3197 1661 3278 natione,
1682 3216 1765 3281 quae

346 3301 381 3364 in
398 3296 609 3385 designandis
630 3304 755 3384 septem
776 3297 955 3384 praeterita
976 3297 1045 3362 fuit
1084 3297 1130 3363 Hi
1151 3299 1342 3386 promittant
1362 3297 1492 3380 rectori,
1516 3317 1551 3360 sc
1573 3293 1655 3360 nihil
1677 3295 1766 3360 alind

345 3401 379 3466 in
398 3397 538 3464 creando
557 3419 643 3464 novo
663 3405 789 3462 rectore
810 3407 958 3485 spectare
977 3396 1060 3462 velle
1081 3420 1178 3486 quam
1199 3398 1320 3463 bonum
1335 3396 1499 3485 publicum
1517 3403 1550 3459 et
1562 3393 1766 3460 conditiones

346 3499 593 3588 suprapositas,
615 3505 711 3584 atque
730 3497 778 3560 ite
798 3497 866 3562 suis
888 3497 1052 3582 suffragiis
1073 3508 1231 3564 rectorem
1252 3519 1372 3563 novum
1392 3497 1523 3562 faciant
1556 3493 1663 3575 Quem
1683 3495 1765 3560 fece

305 3600 427 3682 ttrint,
456 3601 485 3664 is
509 3606 616 3662 rector
645 3597 867 3662 universitatis
888 3597 951 3660 rite
971 3597 1075 3662 factis
1097 3606 1175 3662 esto.
1216 3595 1290 3677 Quo
1315 3600 1482 3682 negotium
1503 3605 1610 3662 sutem
1632 3593 1765 3682 expedi·

349 3702 415 3764 tius
436 3696 643 3786 proficiatur,
667 3695 773 3760 visum
800 3704 850 3762 est
871 3695 1045 3782 praefinire
1066 3705 1193 3783 tempus
1221 3695 1499 3783 designationibus
1519 3697 1587 3760 iam
1607 3695 1766 3782 praescri·

349 3799 412 3886 ptis
430 3795 567 3881 singulis
579 3793 722 3876 heremi,
741 3793 828 3859 ultra
841 3793 929 3881 quod
945 3797 1085 3882 spatium
1098 3797 1346 3883 quotiescunque
1361 3795 1542 3882 designatio
1555 3793 1767 3882 unaqualibet

349 3904 518 3985 protracta
539 3894 646 3977 fuerit,
668 3895 764 3957 toties
784 3892 1010 3980 designatores
1033 3894 1076 3960 ad
1097 3894 1248 3962 mulctam
1269 3895 1458 3961 solvendam
1480 3903 1668 3978 teneantur,
1690 3915 1765 3980 qua·

347 4007 420 4064 tuor
440 3993 570 4084 quidem
591 3991 725 4058 florinos
745 3991 889 4080 integros
899 3995 922 4058 ⁶.
965 3993 1063 4076 Quod
1084 3997 1112 4059 si
1133 3997 1378 4084 unusquispiam
1403 3995 1586 4062 recessione
1617 4015 1678 4059 sua
1704 3992 1764 4058 cle

306 4099 486 4164 ttctionem
507 4092 724 4182 impediverit,
747 4091 789 4157 ab
810 4115 848 4158 eo
868 4095 971 4161 multa
990 4095 1178 4161 florinorum
1200 4095 1336 4162 duorum
1357 4095 1513 4182 exigitor,
1532 4115 1631 4182 quam
1655 4095 1685 4160 si
1706 4091 1765 4158 sol-

345 4219 423 4265 vere
444 4195 592 4278 noluerit,
613 4191 875 4260 animadversic⁷
896 4196 930 4262 in
951 4217 1024 4262 eum
1043 4197 1179 4260 rectoris
1200 4205 1232 4260 et
1252 4197 1379 4262 consilii
1398 4195 1502 4262 libero
1523 4203 1610 4260 voto.

415 4453 426 4504 1
446 4447 526 4502 Etva
542 4453 598 4500 tm
612 4445 738 4501 must

412 4539 428 4590 2
448 4531 539 4604 Vogel
557 4529 679 4586 schreibt
691 4527 872 4601 promsioernt

414 4622 430 4674 3
447 4615 538 4686 Vogel
554 4613 676 4670 schreibt
690 4619 747 4668 ent

413 4709 430 4757 t
447 4701 515 4756 Man
530 4699 567 4753 ist
583 4697 713 4754 versucht
729 4697 759 4750 in
774 4696 876 4752 diesem
892 4697 992 4754 Worte
1015 4697 1094 4752 einen
1111 4696 1211 4752 Fshlsr
1233 4715 1268 4754 an
1292 4697 1454 4754 vermntben
1476 4699 1533 4754 und
1555 4717 1585 4756 es
1610 4700 1699 4758 durch
1721 4701 1764 4758 ein

347 4788 470 4856 anderes,
485 4791 557 4841 etva
573 4784 687 4852 tamdia,
701 4797 737 4835 zn
753 4787 884 4837 erectam,
1152 4779 1156 4786 “

413 4879 429 4928 5
446 4867 633 4928 Geschrieben
649 4863 723 4920 steht
739 4867 829 4934 mast,
846 4882 902 4920 vas
919 4865 1019 4920 keinen
1036 4865 1104 4919 Sinn
1122 4865 1206 4935 giebt.
1235 4865 1383 4924 Vielleicht
1397 4887 1480 4923 mrum
1495 4871 1599 4924 borona

414 4963 430 5012 6
446 4951 635 5012 Geschrieben
651 4947 726 5006 steht
737 4949 839 5016 Μήνη·
856 4951 964 5020 inceps-i.
1000 4949 1124 5021 ttoglich
1139 4953 1211 5005 wire
1227 4949 1300 5006 anch
1315 4951 1366 5006 der
1380 4953 1493 5010 Genit'v
1508 4955 1683 5022 florinorum.

416 5047 431 5096 'l
450 5039 531 5094 lttva
546 5034 799 5092 ammodum!
814 5034 881 5089 oder
895 5035 1068 5105 tamquam
1084 5049 1129 5088 am
1147 5033 1225 5090 Ende
1242 5037 1291 5092 des
1309 5035 1427 5094 sana?
