3768 6072
594 455 646 507 Die
663 455 782 508 Statnteu
800 471 852 506 son
872 454 1045 508 tate-14³5.
1478 455 1536 520 185

121 648 225 704 tenere
243 661 305 726 per
325 640 428 704 vitam
450 661 551 722 auam,
578 638 655 706 dato
676 639 774 706 etiam
796 639 882 727 quod
903 641 974 727 ipse
999 639 1170 728 collegium
1199 638 1390 724 resignaret.
1432 634 1540 701 Debet

120 751 221 804 tamen
251 763 312 827 pro
337 739 480 828 quolibet
506 761 602 823 anuo,
632 762 694 826 quo
723 738 911 826 collegiatus
939 763 1003 806 non
1032 741 1157 824 existit,
1185 737 1289 804 eidem
1317 734 1451 822 collegio
1481 756 1541 822 pro

121 838 229 904 eodem
252 839 423 905 commodo
444 849 509 905 tres
531 840 671 905 florenos
693 861 845 905 renenses
866 838 1059 926 persolvere.

196 941 279 1005 Item
307 948 460 1005 statutum
488 939 550 1004 fuit
577 949 653 1004 tunc
682 938 893 1022 concorditer,
924 937 1010 1027 quod
1036 938 1291 1027 quandocunque
1320 935 1456 1002 moritur
1485 933 1542 999 ali·

121 1040 189 1127 quis
209 1038 404 1124 collegiatus
426 1038 553 1125 collegii
580 1040 723 1116 maioris,
752 1039 839 1126 quod
866 1039 922 1105 alii
947 1037 1107 1126 collegiati
1136 1037 1279 1104 eiusdem
1301 1033 1427 1121 collegii
1453 1057 1542 1122 pres·
1568 1041 1585 1098 5

119 1140 223 1226 byteri
245 1138 388 1204 debeant
410 1138 517 1224 legere
546 1148 611 1204 tres
633 1141 751 1204 missas
778 1161 838 1225 pro
867 1138 1038 1222 defunctis,
1067 1138 1121 1204 alii
1152 1148 1260 1204 autem
1288 1135 1460 1220 collegiati,
1489 1135 1544 1222 qui

119 1263 179 1304 non
201 1241 268 1304 sint
289 1237 484 1326 presbyteri,
508 1247 574 1304 tres
586 1238 716 1325 vigilias
739 1237 780 1303 de
801 1261 917 1304 novem
937 1237 1129 1304 lectionibus
1148 1238 1234 1303 inira
1247 1237 1444 1301 tricesimum
1460 1235 1542 1300 eius·

118 1339 187 1404 dem
210 1338 364 1404 defuncti.

139 1495 187 1558 43·
209 1507 258 1556 DE
282 1507 433 1555 Pscunls
453 1506 521 1554 PRO
546 1505 750 1555 STRUCTURA
771 1507 903 1556 STUBAE
926 1507 1091 1556 uuusanls
1112 1507 1286 1556 ΕΧΡΟΒΙΤΔ
1306 1505 1525 1554 mansuum.

196 1623 280 1688 Item
304 1643 389 1685 anno
411 1632 442 1685 et
464 1619 525 1704 die,
548 1621 666 1709 quibus
689 1643 799 1709 supra,
822 1621 1009 1688 conclusum
1031 1624 1100 1706 firit,
1127 1623 1213 1710 quod
1234 1621 1370 1710 quilibet
1391 1619 1586 1707 collegia-10

118 1733 165 1786 tus
185 1742 275 1786 nunc
296 1723 439 1786 existens
460 1722 494 1786 in
516 1721 651 1808 collegio
674 1723 805 1787 inantea
826 1721 922 1788 debet
943 1721 1101 1788 rehabere
1122 1732 1260 1808 quatuor
1273 1721 1412 1787 florenos
1430 1742 1543 1786 renen·

119 1845 167 1887 ses
186 1821 230 1887 de
248 1821 388 1907 pecunia
409 1821 450 1886 de
469 1819 549 1887 locis
571 1819 866 1909 promovendorum
888 1822 1097 1910 proveniente
1119 1823 1244 1888 ratione
1256 1822 1423 1908 pecuniae,
1445 1842 1543 1905 quam

119 1945 174 2008 pro
196 1921 432 1987 reformatione
455 1919 568 1986 stubae
589 1920 731 1986 bursalis
753 1923 921 2008 exposuit3
950 1931 1121 2009 postquam
1142 1945 1221 1988 vero
1244 1921 1325 1987 tales
1349 1917 1543 2000 rehabuerit,

118 2032 190 2087 tunc
217 2044 240 2085 a
262 2020 320 2085 tali
350 2021 558 2108 perceptione
588 2020 737 2088 cessabit.
782 2021 817 2087 si
846 2043 924 2086 vero
955 2020 1072 2109 aliquis
1099 2020 1288 2108 collegiatus
1316 2030 1390 2085 aute
1417 2018 1546 2106 plenam

120 2121 361 2209 perceptionem
390 2119 519 2184 illorum
550 2143 608 2208 per
634 2130 771 2186 mortem
791 2121 844 2186 vel
872 2120 936 2186 alio
959 2120 1054 2188 modo
1077 2120 1247 2208 collegium
1275 2119 1393 2201 exibit,
1421 2119 1546 2182 intrans
1557 2126 1587 2182 15

117 2220 221 2287 locum
252 2243 345 2285 suum
370 2229 497 2284 tenetur
517 2219 580 2286 sibi
608 2219 743 2302 solvere,
772 2221 887 2307 quibus
910 2221 1016 2287 adhue
1036 2231 1146 2287 restat.
1188 2219 1232 2286 Et
1254 2221 1301 2284 sic
1323 2218 1378 2284 fiet
1398 2217 1456 2282 tali
1484 2216 1544 2282 sol-

118 2321 211 2404 venti,
239 2321 268 2384 si
290 2317 502 2404 quovismodo
525 2319 696 2406 collegium
717 2321 795 2403 exit,
817 2335 990 2406 antequam
1012 2320 1106 2408 plene
1128 2320 1318 2407 susceperit,
1339 2318 1426 2406 quod
1442 2317 1544 2384 solve·

118 2418 180 2500 bat,
202 2429 237 2485 et
259 2420 307 2484 sic
328 2417 369 2484 de
390 2418 463 2485 aliis
485 2417 693 2485 solventibus.

750 2591 770 2598 ...
778 2590 955 2598 .—.--——

198 2719 270 2778 Dos
291 2719 442 2796 Folqeadc
464 2720 502 2779 r'rt
523 2725 586 2796 aus
600 2721 692 2781 ciuem
716 2722 927 2800 elapelestetea
940 2725 1041 2783 Blette
1060 2719 1257 2801 eoscos-iotae.
1281 2721 1324 2778 Es
1344 2721 1450 2798 qetdrt
1470 2722 1547 2780 auct

117 2828 217 2897 strong
237 2837 408 2896 peamnmea
428 2818 510 2880 aictt
529 2840 566 2880 ra
587 2822 644 2880 dea
666 2821 813 2884 Statulae.
1553 2825 1587 2882 20

197 2967 295 3032 Anno
325 2971 404 3033 1429
432 2967 466 3030 in
494 2967 635 3034 crastino
664 2967 898 3055 purificationis
927 2969 1042 3036 beatae
1069 2969 1195 3034 Mariae
1221 2968 1359 3054 virginis
1387 2965 1432 3032 M.
1460 2967 1543 3034 Her·

119 3089 215 3130 mann
240 3065 281 3130 de
293 3065 483 3150 Frankfurt,
504 3089 565 3154 pro
586 3077 663 3133 tune
683 3069 888 3156 praepositus
911 3068 1038 3154 collegii
1059 3067 1184 3134 vilioris
1193 3069 1211 3149 ¹,
1233 3066 1323 3133 dedit
1336 3066 1381 3132 M.
1392 3067 1544 3135 Andreae

119 3164 263 3247 Croesin,
294 3165 481 3253 praeposito
509 3166 637 3253 collegii
661 3169 803 3248 maioris,
833 3174 872 3236 50
892 3167 935 3256 gl.
957 3168 997 3233 de
1018 3167 1118 3232 XXV
1138 3164 1428 3232 baccalaureandis
1457 3170 1545 3234 circa

116 3265 232 3330 festum
244 3261 426 3346 Michaelis,
449 3287 530 3351 quos
551 3267 700 3353 magistri
722 3265 884 3353 collegiati
905 3267 1038 3334 maioris
1060 3264 1187 3353 collegii
1209 3265 1398 3348 diviserunt,
1423 3277 1454 3331 et
1476 3269 1543 3355 qui-

116 3363 192 3430 libet
213 3363 332 3429 habuit
352 3372 371 3430 4
393 3363 447 3450 gl,
469 3374 657 3430 manserunt
677 3371 696 3432 2
716 3365 756 3446 gl.
1551 3376 1584 3432 25

194 3465 279 3528 Item
307 3465 340 3528 in
368 3465 596 3550 praepositura
618 3464 662 3530 M.
684 3463 785 3530 Andr.
809 3463 943 3531 Cressin
971 3466 1100 3530 fuerunt
1129 3465 1275 3552 deputati
1303 3475 1542 3551 computatores

115 3561 156 3629 M.
180 3561 302 3645 Czach,
329 3561 371 3627 M.
391 3563 569 3650 Volquinue
591 3563 633 3630 ad
654 3563 849 3630 audiendum
879 3565 1081 3652 propositum
1105 3589 1125 3631 a
1149 3565 1192 3630 M.
1215 3565 1388 3650 Henningo
1410 3563 1451 3629 de
1471 3565 1542 3630 Hil-

116 3661 263 3728 desheim
284 3661 324 3728 de
347 3665 493 3750 pecuniis
516 3666 679 3752 perceptis
703 3673 734 3729 et
754 3665 912 3752 expositis
936 3687 1033 3752 super
1049 3666 1149 3730 muris
1171 3663 1314 3750 collegii;
1337 3664 1543 3752 quiquidem

117 3771 358 3850 computatores
379 3773 572 3850 receperunt
593 3765 626 3829 in
641 3771 790 3852 computo
808 3765 987 3850 nonaginta
1007 3764 1146 3830 florenos
1167 3763 1341 3829 rheueuses
1364 3787 1461 3852 super
1483 3765 1542 3830 eis·

116 3861 187 3926 dem
211 3865 314 3928 muris
337 3862 466 3950 collegii
494 3866 668 3950 expositos.
707 3863 796 3928 luter
817 3885 898 3952 quos
920 3865 1097 3951 computati
1122 3864 1250 3929 fuerunt
1278 3870 1317 3931 30
1338 3863 1369 3928 fl.
1390 3875 1584 3930 renenscs30

116 3963 243 4050 accepti
266 3985 327 4050 pro
350 3985 456 4051 poena
477 3961 519 4028 de
539 3961 584 4026 M.
605 3963 702 4027 Petro
725 3961 765 4026 de
786 3961 980 4030 Brenslavia
1000 3987 1084 4030 anno
1100 3969 1179 4032 1428
1200 3964 1287 4028 circa
1308 3962 1542 4045 testamenti,

117 4071 291 4151 antequam
314 4062 359 4127 M.
380 4063 497 4127 Petrus
519 4063 655 4126 recessit
676 4060 719 4126 ad
741 4064 916 4147 parentes.²

197 4165 278 4228 Item
300 4183 385 4228 anno
409 4165 486 4228 1429
508 4159 672 4226 dominica
702 4172 776 4225 ante
804 4161 1061 4246 purificationem
1089 4161 1119 4227 b.
1141 4160 1266 4226 Mariae
1287 4161 1426 4247 virginis
1454 4165 1542 4228 facta

116 4273 163 4327 eet
185 4261 363 4327 concordia
384 4261 468 4324 inter
489 4257 660 4347 collegium
680 4262 785 4326 maius
805 4269 836 4325 et
850 4259 964 4324 vilius³
986 4260 1045 4325 sub
1068 4259 1123 4324 tali
1136 4260 1251 4326 'forma
1271 4263 1394 4348 scripta
1416 4271 1447 4326 et
1469 4285 1538 4350 pro·

113 4361 282 4426 nunciata:
458 4415 462 4424 ,
1549 4371 1583 4428 35

184 4525 353 4599 lrm‘aorr'et
382 4541 450 4597 aber
471 4547 558 4596 unten
581 4541 653 4598 noch
676 4541 831 4598 mehmrals.
859 4539 1002 4596 Hermann
1026 4538 1148 4616 [Wnlkol
1172 4541 1207 4596 de
1230 4539 1381 4598 Francfurt
1403 4543 1440 4598 ist
1463 4543 1541 4600 aller·

113 4627 197 4700 dmgs
216 4633 297 4684 unter
314 4625 368 4682 den
385 4623 558 4698 collegisten
576 4626 624 4682 des
643 4627 754 4684 kleinen
772 4626 881 4698 Collega
897 4623 991 4686 b'uher
1007 4624 1085 4680 nicht
1108 4631 1233 4696 gensum
1249 4627 1367 4695 worden,
1391 4627 1458 4683 aber
1478 4633 1541 4686 14³3

115 4711 190 4766 werd
210 4728 240 4768 er
256 4709 394 4782 Collegiat
410 4709 459 4764 des
476 4727 589 4782 grosseu
606 4710 724 4781 Collega,
744 4709 801 4765 und
823 4727 853 4764 so
872 4709 908 4763 ist
924 4725 975 4764 aus
993 4725 1105 4764 unserer
1123 4707 1207 4764 Stella
1226 4709 1297 4764 wohl
1318 4710 1371 4764 mit
1386 4709 1542 4768 Sieberheit

113 4813 147 4850 zu
165 4794 325 4864 schliessen,
348 4794 413 4850 dass
430 4811 460 4850 er
475 4793 574 4850 vorher
598 4795 635 4850 im
656 4793 766 4850 kleinen
784 4793 881 4864 Colleg
904 4810 961 4848 war
984 4794 1039 4849 und
1062 4792 1127 4848 dass
1150 4809 1247 4850 unsere
1264 4793 1470 4851 Veraeichnisse
1491 4797 1541 4851 der

112 4879 286 4952 Collegiaten
303 4878 510 4951 unvollatdndig
525 4878 593 4934 sind.

181 4969 197 5020 2
215 4962 401 5022 Geschrieben
419 4961 492 5019 steht
506 4971 608 5034 portes,
626 4963 747 5020 dariiber
765 4970 870 5034 patrea,
894 4961 945 5016 dae
966 4960 1033 5017 aber
1050 4959 1152 5017 wieder
1168 4961 1376 5036 ausgestriclren
1398 4960 1442 5018 ist.
1475 4961 1539 5036 vgr.

114 5047 196 5104 llum.
219 5065 253 5103 sn
272 5053 312 5116 59,
336 5053 372 5104 ll.

181 5137 197 5188 3
216 5130 403 5191 Geschrieben
410 5131 446 5186 ist
455 5131 532 5186 teate
541 5130 655 5202 cellapii
659 5129 943 5199 marcescere·
954 5127 1025 5186 fehlt
1035 5133 1107 5185 etna
1117 5131 1282 5186 votaatctan
1293 5129 1541 5186 oderrousenamt
