3788 6078
693 489 744 540 Die
766 491 876 544 alterum
899 490 1026 542 Statuten.
1516 494 1576 556 567

154 669 290 736 dissime
311 669 481 736 clementia
510 673 538 738 si
566 693 600 738 se
622 695 701 760 erga
726 697 783 741 nos
806 673 977 740 clementer
999 672 1150 759 gesserit,
1180 667 1291 738 dehita
1318 671 1474 758 obsequia
1503 672 1577 737 sub·

153 771 318 836 missionis
347 779 477 836 nostrae
505 771 553 836 illi
582 795 709 860 semper
738 777 789 856 (ut
808 796 945 862 aequum
970 771 1032 855 est)
1061 778 1179 858 parata
1209 779 1283 836 sunt
1309 771 1426 837 futura.
1469 772 1577 838 Tuam

153 869 460 936 reverendissimam
482 869 686 937 clementiam
708 896 805 961 quam
824 874 1010 938 felicissime
1030 871 1142 934 vivere
1164 879 1261 955 atque
1283 869 1392 935 valere
1416 881 1575 958 optamus,

155 980 186 1036 et
214 993 345 1035 oramus
373 967 473 1034 filium
503 968 565 1053 dei,
596 970 762 1037 dominum
785 981 931 1037 nostrum
956 971 1065 1036 Iesum
1088 969 1263 1052 Christum,
1290 978 1326 1036 ut
1347 969 1577 1036 reverendissi-

154 1091 226 1135 mae
249 1068 437 1134 clementiae
466 1077 542 1133 tuae
565 1070 700 1136 consilia
728 1073 934 1157 actionesque
955 1070 1094 1156 henigne
1122 1067 1243 1154 dirigat
1270 1068 1312 1134 ad
1340 1068 1476 1155 gloriam
1505 1093 1576 1135 san·
1603 1079 1619 1136 5

158 1168 296 1234 ctissimi
317 1167 456 1235 nominis
480 1169 528 1232 sui
550 1177 581 1234 et
603 1168 758 1236 ecclesiae
780 1170 961 1236 utilitatem.
981 1169 1115 1256 Lipsiae
1134 1167 1183 1232 111
1205 1167 1274 1234 Cal.
1294 1169 1445 1254 Augusti.

446 1283 537 1350 Tuae
558 1286 848 1353 reverendissimae
869 1285 1057 1352 elementiae
1078 1285 1292 1350 addictissimi

781 1403 922 1470 decanus
950 1412 983 1468 et
1010 1403 1221 1468 communitas
1245 1401 1342 1466 studii
1363 1400 1536 1488 theologici

954 1503 989 1567 in
1010 1500 1179 1566 academia
1199 1501 1361 1588 Lipsensi.

205 1672 233 1732 2.
255 1665 409 1732 Decanus
431 1665 559 1754 collegii
580 1667 753 1756 theologici
773 1669 934 1734 universis
956 1669 1086 1757 pietatis
1107 1667 1304 1732 christianae
1325 1675 1356 1731 et
1376 1667 1524 1732 veritatis
1589 1677 1620 1732 10

787 1768 952 1834 studiosis.

238 1897 292 1963 Ad
322 1898 450 1964 laudem
479 1909 512 1963 et
540 1898 676 1985 gloriam
703 1901 778 1965 Iesu
804 1901 943 1968 Christi!
984 1901 1065 1967 Post
1096 1899 1337 1987 inquisitionem
1361 1903 1578 1966 necessariam

151 1999 292 2084 repertis
322 1996 458 2081 idoneis,
491 2000 624 2086 optimis
656 2010 687 2064 ct
719 1999 915 2066 doctissimis
945 2000 1105 2066 bonarum
1137 2001 1256 2064 artium
1286 2001 1453 2086 magistris
1485 2002 1579 2066 initia

152 2096 316 2184 quaedam
341 2097 509 2183 dignitah's
532 2097 721 2164 scolasticae
742 2099 955 2166 decernentur
974 2123 994 2166 a
1015 2098 1118 2182 nobis,
1140 2108 1191 2180 ut,
1219 2100 1311 2186 quasi
1333 2098 1480 2186 deposito
1502 2102 1578 2165 tiro-

133 2197 249 2279 cinio,
272 2196 314 2260 ad
336 2195 466 2262 altiores
486 2196 608 2282 gradus
629 2199 787 2264 honorum
807 2197 854 2264 illi
877 2198 1047 2286 postmodo
1068 2196 1271 2266 contendant.
1307 2197 1352 2262 Hi
1371 2203 1458 2264 sunt:
1480 2200 1518 2266 N.
1539 2201 1578 2264 N.
1590 2209 1620 2264 15

152 2319 235 2384 quos
263 2294 304 2361 ob
331 2306 484 2360 navatam
513 2295 642 2362 lectioni
671 2307 702 2362 et
722 2297 889 2362 doetrinae
920 2321 1087 2362 sacrarum
1113 2297 1280 2362 literarum
1302 2319 1435 2383 operam
1465 2322 1579 2364 sacrae

152 2395 336 2482 theologiae
356 2393 551 2477 bacularios,
574 2407 610 2461 ut
631 2396 673 2462 ab
696 2399 828 2485 antiquo
844 2397 1050 2463 observatum
1070 2397 1141 2478 fuit,
1161 2397 1317 2462 faciemus
1336 2407 1434 2485 atque
1456 2398 1579 2464 creabi·

152 2518 226 2560 mus
253 2493 296 2559 ad
317 2493 382 2560 VH
410 2494 479 2560 Oal.
500 2493 597 2560 Febr.
625 2497 659 2561 in
684 2498 818 2562 maioris
841 2497 969 2582 collegii
997 2497 1085 2562 scola
1113 2497 1299 2584 praecipua,
1329 2497 1385 2562 ubi
1412 2508 1448 2562 ut
1477 2499 1580 2563 assint

153 2616 267 2660 omnes
295 2603 440 2658 amantes
470 2595 601 2681 pietatis
631 2595 825 2660 christianae
852 2595 1030 2679 hortamur,
1057 2599 1177 2663 nostris
1205 2606 1312 2662 autem
1340 2596 1518 2684 discipulis,
1545 2609 1581 2662 ut

151 2695 339 2780 frequentes
367 2687 434 2758 tum
462 2694 671 2776 conveniant,
699 2694 899 2764 mandamus.
946 2695 1041 2776 Quod
1069 2696 1199 2784 quidem
1225 2695 1366 2760 studium
1394 2719 1488 2761 suum
1516 2695 1622 2762 de020

153 2794 222 2880 ipsi
243 2802 371 2878 gratum
394 2815 475 2876 esse,
498 2792 561 2857 sibi
583 2817 693 2860 omnes
714 2794 912 2883 persuadere
933 2795 1060 2878 debent,
1083 2797 1138 2883 qui
1160 2806 1271 2861 coetus
1290 2797 1420 2882 pietatis
1440 2805 1473 2860 et
1492 2795 1581 2860 insti-

153 2893 202 2956 tui
225 2900 257 2956 et
280 2888 438 2956 celebrari
458 2891 528 2958 vult
551 2915 590 2958 ac
611 2892 709 2958 iubet.
742 2917 798 2981 pp.
819 2893 853 2958 X
875 2893 946 2961 Cal.
967 2895 1109 2961 Februa.

242 3194 309 3252 Dae
331 3194 546 3254 oacdstelrcade
568 3192 733 3251 Formulor
761 3193 800 3250 ist
828 3199 890 3268 aas
906 3193 952 3252 die
980 3193 1184 3252 teneremus
1212 3195 1263 3252 des
1289 3196 1435 3254 vorderen
1456 3195 1581 3253 Decleels

150 3293 205 3350 mit
226 3293 346 3366 kleiner,
374 3295 486 3352 schwer
507 3292 676 3351 leserlicter
697 3292 813 3366 Schrift
832 3293 996 3369 patritiali.

201 3455 443 3506 rssriuoruuu
463 3457 530 3506 nnc
552 3453 770 3504 Baccahamo
790 3456 957 3504 scamno
980 3458 1016 3504 u.
1036 3455 1280 3505 woussoauao
1303 3455 1537 3506 wmossuunu
1589 3447 1623 3503 25

560 3555 699 3604 sennuo
721 3556 859 3604 snvsao
882 3555 1064 3604 mmsrou.
1088 3543 1176 3606 15³1.

637 3655 676 3720 In
697 3657 825 3720 nomine
846 3654 970 3720 domini
990 3655 1103 3720 Amen.

240 3775 409 3842 Universis
430 3795 469 3839 ac
492 3771 626 3859 singulis
650 3774 876 3860 praesenciam
897 3772 1145 3858 inspectoribus,
1168 3771 1380 3856 auditoribus,
1403 3771 1579 3861 spirituali·

153 3879 218 3945 bus
240 3886 271 3942 et
294 3873 505 3956 secularibus,
527 3869 691 3937 nobilibus
714 3884 746 3937 et
767 3871 973 3958 ignobilibus,
996 3873 1215 3959 cuiuscunque
1237 3882 1350 3954 status,
1373 3873 1580 3956 eminenciae,

153 3977 334 4064 dignitatis,
362 3973 470 4056 officii,
498 3971 621 4037 ordinis
643 3987 674 4038 et
694 3972 890 4038 condicionis
913 3973 1094 4056 extiterint,
1125 3971 1180 4037 ubi
1200 3970 1338 4059 denique
1359 3972 1423 4036 loci
1443 3977 1577 4058 egerint,
1589 3983 1623 4040 30

152 4076 295 4144 dominis
332 4075 451 4140 nostris
482 4072 650 4160 gratiosis,
682 4073 844 4138 favorosis
875 4073 1051 4159 amicisque
1088 4073 1265 4136 carissimis
1306 4093 1380 4154 nos,
1421 4072 1581 4138 Martinus

152 4174 356 4242 Meendornn
383 4196 425 4238 ex
450 4169 647 4258 Hirsbergk,
675 4173 799 4236 arcium
819 4193 995 4260 sacraeque
1016 4171 1197 4256 theologiae
1220 4171 1395 4256 professor,
1421 4171 1578 4239 eiusdem-

153 4297 218 4364 que
237 4274 401 4340 facultatis
422 4272 573 4355 decanus,
596 4274 757 4359 ceterique
778 4270 941 4336 facultatis
962 4271 1165 4357 theologicae
1186 4273 1219 4334 in
1240 4269 1468 4336 florentissimo
1490 4295 1580 4358 gym-

154 4376 250 4441 nasio
273 4372 420 4439 doctores
448 4382 480 4436 et
508 4373 708 4458 professores
737 4370 872 4437 salutem
901 4372 934 4435 in
964 4369 1107 4436 domino!
1150 4369 1233 4436 Cum
1262 4391 1373 4434 omnes
1403 4381 1434 4434 et
1465 4370 1582 4457 singuli

152 4475 286 4540 veritati
316 4473 535 4537 testimonium
569 4471 739 4560 perhibere
778 4479 960 4553 teneantur,
992 4493 1064 4534 cum
1103 4467 1209 4532 debite
1243 4491 1340 4556 super
1376 4492 1414 4534 eo
1448 4469 1623 4534 ferendo35

152 4575 275 4640 fuerint
295 4571 453 4658 requisiti,
480 4571 622 4636 maxime
644 4571 738 4636 nobis
761 4568 831 4659 (qui
855 4593 965 4635 sacras
992 4570 1103 4634 literas
1125 4579 1158 4634 et
1182 4567 1334 4633 videlicet
1354 4569 1466 4634 divina
1486 4567 1582 4656 profi-

153 4669 276 4760 temur)
314 4670 486 4754 incumbit,
525 4680 561 4736 ut
593 4672 626 4736 in
656 4670 832 4736 earundem
865 4691 1033 4735 sacrarum
1069 4669 1236 4734 literarum
1269 4667 1375 4733 studio
1411 4667 1583 4753 diligenter

154 4770 353 4840 navantibus
384 4769 479 4836 fidele
509 4772 726 4836 testimonium
757 4769 871 4852 studii,
904 4768 1091 4856 diligentiae
1121 4790 1160 4832 ac
1188 4767 1337 4834 laborum
1365 4765 1583 4832 exhibeamus.

154 4873 245 4938 Hinc
272 4880 336 4953 est,
369 4869 470 4957 quod,
499 4891 573 4934 oum
600 4869 795 4934 venerabilis
815 4871 877 4952 vir,
905 4867 1122 4956 Wolfgangus
1145 4865 1381 4948 Winckelman,
1409 4867 1531 4930 arcium
1553 4876 1585 4930 et

153 4969 383 5062 philosophiae
405 4971 570 5056 magister,
598 4969 640 5034 do
662 4969 754 5055 Egra
773 4969 1020 5056 Ratisponensis
1042 4968 1204 5054 dyocesis,
1225 4965 1386 5055 presbiter
1408 4967 1626 5031 canonieusto

155 5069 314 5137 ecclesiae
337 5067 513 5134 catedralis
535 5067 792 5156 Ratisponensis,
816 5067 977 5156 parochus
1003 5070 1112 5156 utique
1135 5067 1290 5134 ecclesiae
1313 5069 1346 5130 in
1367 5062 1504 5150 Rebing,
1526 5087 1585 5130 nos

154 5170 331 5259 requisivit
361 5190 458 5254 super
487 5167 647 5234 exibendo
679 5167 741 5234 sibi
771 5169 953 5238 studiorum
983 5191 1114 5235 suorum
1143 5167 1335 5248 testimonio,
1364 5187 1446 5254 quae
1477 5163 1586 5230 studia
