3762 6074
515 483 610 538 sonos
627 485 899 548 statutouredaction‚
919 501 980 538 vom
997 487 1080 538 Johrc
1101 487 1172 542 taor.
1495 487 1555 553 505

130 675 277 751 mutum,
298 665 465 756 quodlibet
486 667 614 735 illorum
635 668 678 735 ad
701 675 851 756 quattuor
871 693 1008 752 menses,
1031 671 1225 736 exercicium
1248 692 1326 736 vero
1347 667 1557 756 phisicorum‚

131 767 219 856 quod
238 777 306 834 tam
326 790 389 853 pro
410 766 633 835 baccalariatu
654 791 751 854 quarn
770 771 959 856 magisterio
983 781 1048 853 est,
1071 771 1114 836 ad
1136 773 1279 857 quinque
1299 793 1426 835 menses
1448 770 1558 857 dispu-

130 867 265 933 tabitur.
307 867 352 932 Et
381 879 575 955 praenotata
603 869 712 934 omnia
740 878 772 932 et
799 869 927 956 singrla
954 871 1132 952 exercicia,
1155 893 1214 957 per
1244 893 1326 955 qnae
1352 868 1470 956 aliquis
1491 891 1558 934 ma-

129 967 308 1054 gistrorum
330 967 410 1033 velit
433 969 580 1056 reputari
607 977 817 1052 acturegens,
839 969 986 1034 inchoari
1007 968 1140 1052 debent,
1167 983 1199 1034 et
1225 973 1316 1056 prius
1337 967 1466 1056 publice
1485 969 1558 1033 inti·

130 1067 214 1131 mari
243 1066 278 1130 in
298 1066 405 1132 valvis
431 1067 657 1154 collegiorum,
684 1069 717 1131 in
743 1077 867 1131 aestate
896 1077 971 1132 ante
997 1069 1113 1134 festum
1140 1069 1294 1134 lobannis
1324 1078 1398 1134 ante
1428 1077 1558 1156 portam
1584 1077 1601 1132 5

130 1164 287 1249 latinam,
322 1167 357 1230 in
378 1166 483 1232 hieme
506 1190 584 1232 vero
617 1177 692 1232 ante
723 1166 840 1230 festum
874 1169 1016 1232 omnium
1044 1177 1240 1239 sanctorum.
1284 1167 1319 1234 Si
1340 1191 1418 1234 vero
1443 1167 1559 1256 aliquis

135 1265 383 1351 magistrorum,
412 1274 443 1330 et
464 1289 636 1352 praesens,
658 1265 826 1353 negligens
853 1267 950 1333 fuerit
972 1276 1004 1332 et
1024 1289 1117 1332 suum
1144 1269 1341 1332 exercicium
1371 1282 1445 1356 post
1471 1268 1559 1332 diota

131 1363 216 1429 testa
247 1362 468 1447 inchoaverit,
502 1388 562 1452 pro
596 1388 662 1431 non
693 1375 901 1452 aeturegente
932 1389 992 1452 per
1025 1369 1121 1432 istam
1152 1367 1314 1453 integram
1347 1369 1558 1433 mutationem

131 1463 346 1550 reputabitur.
387 1463 432 1527 Et
459 1465 493 1528 in
522 1465 583 1530 boo
611 1465 748 1531 facultas
775 1467 893 1531 artium
923 1489 1034 1530 omues
1064 1467 1239 1552 magistros
1266 1465 1338 1531 vult
1363 1490 1435 1533 esse
1463 1490 1556 1554 prae-

131 1563 284 1629 avisatos.
328 1562 419 1628 Idem
449 1563 640 1649 intelligitur
668 1564 709 1630 de
735 1565 1011 1653 resumptionibus
1038 1565 1196 1652 publicis,
1229 1587 1309 1652 quas
1341 1565 1458 1654 aliquis
1487 1589 1554 1632 ma·
1567 1578 1598 1632 10

129 1661 308 1747 gistrorum
330 1685 391 1750 pro
414 1684 474 1728 sua
495 1665 718 1749 actnregentia
739 1672 864 1730 tantum
882 1666 990 1730 facere
1009 1666 1164 1746 instituit3
1196 1663 1292 1730 debet
1313 1667 1397 1731 enim
1418 1666 1553 1754 quilibet

128 1762 285 1847 magister
306 1783 482 1848 praesens,
512 1762 624 1828 volens
650 1785 813 1828 resumere
841 1765 875 1828 in
904 1764 1046 1847 artibus,
1075 1765 1148 1853 pari
1177 1765 1272 1830 ruodo
1301 1775 1376 1831 aute
1405 1766 1555 1853 praefata

129 1861 216 1926 festa
237 1883 329 1926 suam
349 1861 502 1927 inchoare
524 1864 775 1948 resumptionem
797 1872 830 1928 et
851 1885 923 1928 eam
946 1863 1126 1952 diligenter,
1155 1863 1306 1930 adminus
1328 1864 1371 1930 ad
1392 1867 1556 1952 integrum

130 1983 291 2042 mensem,
312 1962 346 2025 in
367 1960 439 2026 loco
461 1960 592 2048 publico
615 1963 819 2045 continuare,
852 1962 934 2028 alias
956 1986 1017 2051 pro
1039 1987 1103 2029 non
1125 1971 1332 2050 aeturegente
1352 1963 1557 2051 reputabitur

128 2081 187 2146 per
210 2061 308 2124 istam
327 2061 563 2126 mutationem.¹
1568 2073 1599 2128 15

467 2231 515 2294 19.
542 2244 590 2291 ns
611 2245 715 2294 noras
736 2247 783 2294 so
805 2245 992 2294 ornament
1013 2231 1220 2295 oururrrrs.

214 2359 346 2442 Placet,
367 2368 400 2424 et
427 2361 474 2424 ita
493 2367 588 2424 vetus
610 2360 808 2426 consuetudo
835 2362 867 2426 in
895 2360 1049 2425 facultate
1075 2361 1194 2426 ardum
1216 2361 1272 2428 diu
1294 2361 1447 2444 obtinuit,
1467 2361 1555 2451 quod

128 2469 203 2524 ante
225 2457 401 2546 prandium
422 2458 505 2525 bora
525 2468 642 2524 octava
666 2461 701 2525 in
721 2471 861 2542 aestate,
882 2461 917 2524 in
942 2457 1047 2524 hieme
1073 2459 1155 2526 hora
1180 2483 1282 2544 nona,
1304 2473 1435 2526 maneat
1457 2461 1556 2549 depu-

128 2567 200 2624 tata
222 2580 284 2646 pro
307 2559 467 2624 exercicio
489 2581 593 2624 novae
614 2558 740 2644 logicae
762 2571 794 2624 et
814 2560 934 2624 veteris
956 2559 1051 2640 artis3
1071 2569 1146 2646 post
1166 2559 1339 2646 prandium
1362 2559 1555 2626 duodecima

127 2653 210 2746 [ΗΒ]
234 2681 294 2744 pro
316 2659 478 2722 exercicio
501 2680 678 2744 parvorum
699 2657 884 2746 logicalium
906 2681 966 2745 pro
985 2656 1224 2742 baccalariatu,
1248 2672 1280 2724 et
1300 2662 1461 2726 exercicio
1483 2667 1600 2747 par-2⁰

126 2781 242 2822 vorum
270 2756 467 2822 actualium
494 2778 555 2844 pro
584 2759 790 2843 magisteri03
823 2759 925 2823 tercia
954 2757 1036 2823 hora
1064 2780 1124 2843 pro
1151 2760 1313 2824 exercicio
1334 2759 1376 2824 de
1398 2761 1506 2824 anima
1528 2771 1560 2824 et

126 2856 350 2944 physicorum.
383 2856 428 2922 Et
448 2877 507 2943 por
524 2855 648 2922 nullum
666 2859 858 2944 magistrum
880 2867 1088 2922 exercentem
1111 2855 1295 2924 huiusmodi
1316 2857 1417 2924 borae
1439 2857 1558 2926 debent

130 2957 306 3021 immutari.

168 3128 238 3202 sto.
264 3138 429 3187 morsum
450 3137 678 3187 umucaunas
699 3141 735 3187 nr
756 3139 857 3188 uocis
879 3139 1037 3188 ruanrcrs
1060 3139 1124 3186 sus
1145 3139 1285 3187 nunuur
1311 3140 1496 3190 annumero

742 3239 950 3288 orsrursan.
1566 3231 1599 3286 25

211 3336 344 3421 Placet,
365 3336 451 3424 quod
477 3337 626 3423 magistri
656 3338 858 3426 disputantes
888 3359 945 3402 seu
971 3347 1160 3402 exercentes
1182 3335 1216 3400 in
1237 3335 1318 3402 locis
1344 3337 1499 3423 publicis,
1521 3347 1557 3402 ut

126 3442 163 3505 in
184 3438 295 3524 aliquo
322 3436 531 3502 lectoriorum
559 3459 615 3500 seu
643 3437 739 3502 stuba
769 3437 1006 3502 communitatis
1034 3435 1171 3501 alicuius
1201 3433 1329 3520 collegii
1357 3458 1415 3501 seu
1436 3436 1554 3502 bursae

129 3537 353 3628 approbatae,
375 3536 542 3623 disputare
564 3535 735 3622 diligenter
757 3559 817 3602 sua
839 3535 958 3601 debent
979 3535 1158 3616 exercicia,
1188 3536 1252 3600 nisi
1281 3545 1415 3623 propter
1445 3537 1554 3624 pauci·

129 3649 231 3704 tatem
253 3635 454 3702 audientium
475 3633 617 3700 decanus
639 3659 711 3702 curn
734 3639 800 3702 suia
828 3635 1057 3700 executoribus
1083 3634 1181 3698 alicui
1208 3637 1441 3722 magistrorum
1462 3657 1554 3701 exer

130 3737 217 3802 centi
239 3734 422 3821 indulgeat,
448 3733 535 3821 quod
556 3736 591 3799 iu
612 3759 671 3800 sua
692 3737 828 3824 propria
851 3735 1053 3830 habitatione
1076 3734 1179 3820 possit
1201 3756 1372 3816 exercere,
1393 3737 1428 3800 in
1450 3735 1597 3801 hiemato

130 3858 210 3901 vero
232 3843 368 3922 propter
388 3834 492 3919 frigus
511 3835 627 3920 ingens
652 3834 788 3922 quilibet
815 3855 970 3900 exercens
997 3835 1031 3898 in
1056 3831 1166 3920 aliqua
1194 3833 1288 3898 stuba
1316 3835 1555 3900 communitatis

127 3935 268 4002 alieuius
285 3934 347 4000 loci
364 3931 548 4021 approbati,
571 3935 665 3999 etiam
685 3938 718 3998 in
736 3935 871 4021 propria
886 3932 982 3998 stuba
999 3934 1079 3996 satis
1101 3931 1211 4018 ampla
1234 3934 1354 4020 poterit
1374 3933 1553 4022 disputare,

126 4035 174 4100 ita
195 4045 304 4099 tamen
326 4031 413 4121 quod
433 4032 494 4098 hoc
515 4034 607 4118 prius
629 4034 770 4098 insinuet
794 4043 826 4096 et
854 4031 998 4096 notificet
1025 4031 1148 4096 decano
1176 4031 1350 4098 facultatis.
1393 4033 1437 4097 Et
1464 4055 1555 4100 exer·

128 4157 205 4200 oens
228 4134 385 4218 magister
407 4133 494 4196 omni
517 4131 570 4196 die
591 4131 797 4220 disputabili,
821 4135 917 4196 etiam
940 4133 974 4196 in
994 4129 1233 4196 canicularibus
1256 4153 1313 4196 seu
1341 4131 1415 4198 aliis
1439 4155 1554 4198 vacan-

127 4235 202 4316 tiis,
225 4255 335 4314 suum,
355 4230 442 4319 quod
463 4231 587 4318 recepit
608 4242 639 4295 et
659 4232 795 4317 incepit,
818 4231 1016 4296 exercicium
1038 4231 1227 4296 continuare
1248 4229 1346 4295 debet
1365 4240 1396 4296 et
1416 4241 1597 4318 tenetur,35

128 4331 188 4397 sub
201 4353 308 4418 poena
320 4353 384 4397 nou
401 4331 650 4417 eomputationis
670 4329 756 4394 illius
775 4331 932 4396 'exercicii
948 4352 1009 4415 pro
1027 4329 1252 4415 acturegentia
1273 4340 1305 4393 et
1326 4331 1556 4419 completione²

128 4431 251 4497 biennii
274 4453 334 4517 pro
355 4433 506 4517 ingressu
526 4451 584 4494 suo
607 4439 753 4516 tempore
775 4429 819 4494 ad
843 4428 1014 4494 consilium
1031 4427 1205 4494 facultatis.

128 4602 176 4665 2l·
205 4611 371 4662 mulsam
397 4611 578 4661 LECTORES
605 4613 739 4672 ABSQUE
767 4613 874 4661 CAUSA
901 4611 1129 4659 RATIONABILI
1157 4610 1240 4660 SUAS
1261 4612 1334 4661 NON
1355 4611 1556 4662 asomum

743 4711 946 4760 ascalonus,

212 4812 335 4894 Placet,
356 4811 443 4898 quod
458 4813 607 4899 magistri
621 4812 758 4877 lectores
778 4808 944 4892 ordinarii,
967 4810 1008 4876 de
1028 4808 1163 4875 consilio
1184 4811 1347 4876 facultatis
1368 4810 1597 4894 existentes‚40

128 4913 173 4979 ad
204 4913 469 4978 convocationem
501 4908 644 4976 eiusdem
674 4910 802 4976 consilii
832 4911 866 4974 in
897 4909 1008 4974 arduis
1039 4910 1138 4973 etiam
1169 4912 1277 4976 causis
1299 4921 1331 4976 et
1351 4908 1412 4974 sub
1433 4931 1554 4998 magna

216 5081 227 5132 1
248 5075 303 5132 Am
322 5075 431 5132 Raude:
449 5078 513 5132 cido
528 5078 578 5131 aab
595 5079 730 5131 ἀωαοιααι
747 5077 836 5132 Maca.

213 5165 230 5217 2
248 5158 435 5218 Goscbrleben
451 5161 490 5216 ist
506 5161 703 5232 completionis.
