3768 6072
314 498 370 559 172
802 493 857 542 Der
872 493 952 541 Liber
971 491 1085 540 nationis
1103 489 1248 541 Polonicae

435 691 593 757 Canonioi
615 687 900 775 Naumburgenses
959 736 1471 752 ...........
1514 691 1553 752 21
1588 699 1619 769 qt

518 817 530 845 a
616 788 884 874 Mersburgenses
909 835 1474 854 ............
1518 789 1558 851 24
1601 813 1613 837 2

518 918 530 943 ε
617 888 786 953 Zitnenscs
808 936 1472 954 ..............
1520 888 1557 950 li
1599 911 1611 936 1

391 1018 451 1106 [Bl.
470 1019 523 1110 8.]
545 1021 661 1087 Evecti
681 1021 724 1086 ad
747 1043 888 1086 summos
908 1021 1065 1087 honorum
1086 1029 1119 1086 et
1138 1021 1332 1106 dignitatum
1353 1017 1475 1098 titulos,
1502 1025 1618 1102 utputa
1642 1036 1734 1100 prae

267 1131 283 1186 5
310 1119 445 1203 laturas,
466 1124 673 1208 episcopatus
695 1131 751 1186 aut
771 1122 845 1205 alia,
868 1121 1063 1187 admonendi
1085 1133 1117 1186 et
1137 1119 1268 1206 petendi
1293 1127 1376 1200 sunt,
1396 1127 1432 1182 ut
1455 1139 1515 1204 pro
1535 1114 1732 1180 hberalitate

310 1242 369 1286 aua
389 1221 551 1286 nationem
573 1221 692 1288 iuvent.

392 1319 457 1401 Qui
484 1321 527 1386 ad
556 1329 680 1385 eertum
710 1331 742 1386 et
767 1319 867 1386 breve
894 1320 1087 1386 destinatum
1116 1329 1244 1406 tempus
1272 1315 1458 1382 muneribus
1489 1313 1730 1402 praeficiuntur,

314 1419 441 1485 solvant
461 1422 580 1503 atatim,
602 1421 855 1508 quotiescunque
876 1419 911 1485 id
931 1422 1037 1506 ipsum
1058 1418 1122 1484 illis
1144 1418 1332 1504 contigerit:

434 1553 563 1619 Decani
584 1555 703 1620 artium
755 1599 1467 1619 ...............
1513 1555 1550 1616 12
1590 1562 1620 1630 9<

274 1661 305 1716 10
438 1652 565 1719 Decani
587 1654 787 1740 theologicae
805 1654 979 1735 facultatis,

477 1775 615 1841 quorum
636 1753 750 1818 electio
770 1776 830 1841 per
852 1754 997 1820 ordinem
1018 1773 1117 1838 saepe
1137 1752 1354 1837 reintegratur
1412 1802 1419 1814 .
1462 1799 1470 1812 .
1532 1753 1552 1814 6
1596 1773 1608 1802 ¹

433 1851 619 1940 Praepositi
640 1851 790 1918 villarum
813 1852 1034 1918 universitatis
1059 1901 1472 1915 .........
1519 1852 1557 1912 tt
1599 1873 1611 1900 ε

432 1951 685 2017 Procancellarii
707 1933 970 2040 quarumcdnque
991 1949 1182 2016 facultatum
1214 1999 1473 2017 ......
1520 1952 1557 2012 12
1599 1973 1612 1999 ⁵

433 2051 589 2117 Rectorea
609 2051 798 2118 academiae
809 2098 1472 2117 ..............
1518 2052 1555 2113 12
1598 2075 1610 2101 ⁵

274 2195 304 2248 15
395 2184 574 2266 Postremo,
600 2197 635 2252 ut
663 2183 905 2250 recurrentibus
932 2206 1061 2271 semper
1084 2180 1146 2268 [Sil
1169 2184 1378 2248 annianemo
1400 2181 1593 2246 donatione
1615 2178 1658 2244 ab
1680 2201 1735 2242 an·

314 2305 380 2349 nua
399 2283 635 2368 contributione
655 2283 810 2350 liberetur
830 2284 889 2350 aed
908 2285 1073 2349 annuatim
1094 2304 1222 2370 quoquc
1241 2281 1365 2369 aliquid
1385 2281 1587 2361 corradatur,
1608 2277 1735 2344 solvant

313 2381 432 2468 singtdi
454 2382 591 2469 singulis
612 2385 706 2450 annis
728 2385 817 2449 circa
836 2383 984 2450 Paschae
1003 2393 1035 2448 et
1056 2383 1256 2448 ascensionis
1277 2381 1398 2448 domini
1417 2381 1533 2446 serias:

435 2515 580 2582 Studiosi
628 2563 1493 2582 ..................
1540 2519 1552 2578 1
1586 2527 1617 2597 π

433 2613 645 2681 Baccalaurci
664 2616 699 2679 in
719 2614 844 2680 artibus
881 2663 1493 2680 .............
1539 2619 1553 2678 1
1599 2639 1611 2666 ι

435 2713 552 2778 Bacca
573 2715 606 2778 in
627 2715 698 2780 iure
730 2761 1493 2780 ................
1536 2717 1556 2778 2
1598 2739 1611 2766 ⁵

435 2812 587 2899 Magistri
628 2861 1495 2880 ..................
1536 2815 1557 2876 2
1599 2839 1612 2864 ε

434 2912 609 2978 Licentiati
628 2962 1493 2980 ..................
1536 2915 1555 2978 3
1598 2939 1610 2965 ⁵

432 3012 593 3078 Doctores
628 3062 1492 3079 ..................
1536 3015 1555 3076 4
1598 3037 1611 3064 ⁵

434 3111 584 3196 Domini,
615 3110 739 3178 nobiles
771 3123 803 3178 61
833 3112 983 3196 ditiores,
1014 3123 1169 3203 quantum
1197 3114 1352 3200 cuiusque
1383 3109 1571 3175 liberalitati
1603 3131 1667 3196 par
1686 3117 1734 3174 est

266 3219 299 3274 25
615 3221 648 3276 et
668 3212 828 3278 decorum.

390 3343 443 3408 De
466 3347 606 3432 pecunia
629 3355 666 3410 ut
692 3355 783 3433 patet
803 3355 974 3434 praesente
996 3355 1105 3433 empta
1126 3359 1175 3410 est
1196 3347 1289 3411 iuxta
1310 3345 1495 3411 conclusum
1523 3343 1666 3408 nationis
1691 3341 1733 3406 ad

310 3444 540 3511 reservandam
561 3445 757 3533 superfluam
780 3469 939 3512 summam
955 3445 1070 3511 cistula
1091 3445 1207 3528 ferrea,
1229 3444 1352 3511 habens
1367 3467 1463 3509 unam
1483 3465 1589 3508 seram
1604 3451 1637 3506 et
1651 3441 1732 3506 duas

310 3543 418 3608 claves
440 3546 625 3626 uniformes,
652 3567 711 3631 pro
733 3555 871 3632 quatuor
893 3569 966 3610 cum
993 3544 1128 3610 dimidio
1150 3545 1284 3612 thaleris
1306 3555 1338 3610 et
1358 3567 1422 3609 uno
1445 3539 1509 3630 [9¹]
1533 3539 1732 3606 Schrecken·

307 3643 426 3730 berger
434 3646 453 3727 ¹,
474 3645 553 3708 facit
573 3646 712 3729 quinque
732 3645 882 3728 florenos,
905 3668 964 3710 sex
985 3666 1127 3730 grossos,
1148 3667 1206 3710 sex
1229 3644 1387 3710 denarios.

267 3769 302 3824 311
393 3759 474 3824 Item
495 3737 622 3847 emp'tus
642 3771 691 3824 est
708 3759 791 3825 liber
806 3785 847 3825 ex
862 3760 1077 3844 membranis;
1098 3771 1246 3826 constant
1266 3759 1474 3826 membranae
1487 3767 1627 3844 quatuor
1641 3755 1731 3822 flore·

309 3880 368 3922 nos
389 3868 421 3922 et
440 3880 498 3923 sex
520 3881 663 3944 grossos,
691 3859 820 3945 ligatori
841 3871 916 3926 sunt
938 3860 1007 3926 dati
1031 3869 1155 3949 septem
1176 3863 1299 3947 grossi,
1325 3870 1357 3926 et
1378 3862 1426 3925 sic
1446 3869 1533 3924 totus
1553 3855 1637 3922 liber
1660 3879 1732 3920 con-

311 3964 374 4022 stat
394 3962 466 4040 1,Ιρ
494 3963 528 4025 13
548 3973 589 4042 qt.

391 4055 525 4122 Summa
551 4077 628 4144 ergo
651 4056 784 4122 cistrdae
811 4067 842 4122 ct
862 4057 938 4124 libri
967 4067 1016 4124 est
1042 4081 1157 4125 novem
1185 4059 1383 4142 florinorum,
1412 4057 1525 4123 decem
1554 4065 1587 4120 et
1613 4077 1730 4120 novem

309 4177 507 4240 grossorum,
528 4179 587 4223 sex
609 4156 826 4223 denariorum.

268 4279 302 4335 3⁵
393 4269 529 4338 Restant
558 4275 667 4360 itaque
696 4273 837 4360 quinque
867 4273 973 4353 aurei,
1005 4273 1154 4340 undecim
1185 4274 1326 4362 grossi.²
1370 4271 1496 4354 Quibus
1527 4278 1734 4337 accesserunt

309 4379 447 4456 quatuor
467 4370 581 4436 floreni
602 4383 634 4437 et
655 4373 840 4462 quindecim
860 4374 983 4460 grossi,
1011 4395 1092 4460 quos
1116 4385 1190 4461 post
1213 4374 1336 4459 aliquot
1363 4373 1562 4460 septimanas
1584 4369 1731 4456 diligenti

309 4471 396 4536 facta
423 4471 630 4558 inquisitione
658 4474 824 4538 solvemmt
854 4471 1010 4538 haeredes
1040 4472 1182 4539 doctoris
1202 4472 1336 4537 Martini
1364 4471 1511 4553 Losselii,
1544 4468 1732 4558 aliquandiu

310 4570 447 4634 senioris
467 4571 607 4636 nationis
626 4573 679 4658 pie
700 4572 853 4654 defuncti,
873 4572 966 4636 iuxta
985 4573 1053 4637 eius
1066 4571 1328 4659 chirographum,
1348 4579 1480 4652 testans,
1502 4569 1591 4658 quod
1610 4579 1731 4634 tantum

312 4668 343 4757 [9
352 4667 376 4756 b]
401 4671 565 4756 acceperit
582 4693 602 4734 a
622 4674 777 4757 magistro
800 4669 1035 4758 Christophoro
1054 4671 1214 4758 Montagk
1235 4672 1376 4736 Pruteno
1404 4669 1529 4762 foeliciq
1548 4669 1731 4749 memoriae,

269 4779 475 4857 torepertum
498 4779 530 4834 et
550 4769 705 4836 traditum
726 4771 849 4835 nationi
871 4793 891 4835 a
913 4770 1013 4835 vidua
1035 4770 1063 4834 d
1084 4773 1233 4857 magistri
1255 4769 1492 4857 Christophori.

372 5068 457 5125 rain
473 5067 732 5140 Senecionem
747 5095 781 5116 =
797 5073 847 5138 11,
867 5073 891 5137 ,‹
911 5069 1056 5140 (moeses
1074 5067 1096 5140 1,
1112 5067 1140 5126 1.
1157 5073 1228 5136 111).

371 5153 1419 5224 2A1wm=us311s=rgag=na312r=uu
