3768 6072
659 457 710 512 Dis
729 459 848 512 Statatsn
867 475 920 512 von
942 461 1013 515 teos.
1493 460 1552 522 217

123 645 242 732 pienda
264 645 320 727 sit,
350 641 390 708 de
419 640 568 708 omnibus
597 641 661 726 ille,
691 666 774 732 quae
804 643 983 710 acciderint
1011 643 1224 729 designateve
1252 640 1386 727 fuerint,
1413 641 1552 708 fideliter

122 755 156 811 et
186 753 338 810 accurate
367 742 421 807 ad·
439 742 660 830 praepositum
689 744 807 810 referet
837 753 870 810 et
901 741 944 808 ad
977 744 1047 808 eius
1078 742 1271 808 sententiam
1300 742 1555 828 mundanamque

1 899 2 922 ,
123 842 497 930 executionemnegocii
519 839 620 907 oblati
642 843 910 909 accommodabit.
952 842 1135 929 Praepositi
1159 842 1245 907 enim
1266 843 1316 907 ius
1346 851 1553 930 potestatem·

1 987 2 1018 1
122 966 183 1029 que
205 944 368 1029 integram
390 951 423 1007 et
443 941 504 1006 hac
524 941 691 1008 curatione
713 940 944 1007 indeminutae]
966 963 1135 1006 remanere
1157 950 1293 1027 oportet.

205 1041 241 1106 Si
270 1040 365 1106 huius
388 1041 549 1106 curatoris
577 1040 778 1126 negligentia
799 1040 954 1106 damnum
983 1041 1097 1106 iecerit
1124 1039 1304 1126 collegium,
1333 1040 1494 1106 tenebitur
1521 1036 1554 1103 id
1580 1047 1596 1101 5

1 1123 2 1210 ᾗ
123 1150 291 1226 praestare
321 1161 425 1204 novus
457 1137 600 1224 collega,
634 1140 721 1227 quod
742 1142 771 1204 ei
793 1139 997 1228 potissimum
1019 1141 1142 1205 curatio
1170 1139 1299 1224 collegii
1330 1150 1363 1204 et
1393 1140 1448 1227 qui
1480 1138 1554 1203 huic

1 1247 2 1256 ’
121 1239 277 1304 functioni
300 1249 387 1304 recte
408 1237 543 1325 praefici
566 1239 678 1324 possit,
698 1238 874 1304 incumbat.

205 1337 271 1418 Qui
292 1339 389 1403 istam
410 1338 610 1402 curationem
631 1338 666 1401 in
687 1359 722 1402 se
744 1339 906 1424 suscipiet,
928 1359 1001 1400 eum
1022 1359 1060 1402 eo
1084 1335 1124 1400 de
1148 1333 1212 1424 [17]
1235 1337 1385 1403 mercede
1410 1360 1469 1424 pro
1492 1345 1554 1401 stu·

125 1438 178 1502 dio
202 1458 345 1522 curaque
370 1446 401 1500 et
420 1433 590 1501 laboribus
613 1435 748 1522 collega,
776 1438 831 1521 qni
853 1437 1003 1522 proxime
1025 1437 1059 1499 in
1081 1435 1209 1521 collegii
1232 1437 1418 1502 societatem
1440 1457 1551 1523 recep·

123 1547 173 1602 tus
192 1536 262 1618 fuit,
285 1535 462 1616 conveniet,
485 1555 585 1621 quam
607 1534 712 1600 eidem
734 1535 774 1600 de
794 1557 852 1600 suo
875 1533 1049 1623 persolvet.
1564 1544 1595 1598 10

204 1689 346 1760 Hierocf
361 1689 444 1764 solpt
473 1707 530 1746 oon
559 1691 614 1746 der
640 1690 738 1748 Hand
768 1691 819 1748 dea
849 1687 1022 1747 Zactavtas
1051 1686 1188 1760 schilter,
1217 1689 1272 1746 der
1300 1689 1378 1753 1586
1407 1687 1552 1764 Proposi-

124 1799 171 1846 tus
193 1807 274 1846 soor:
717 1829 721 1836 =

202 1933 397 2019 Priusquam
419 1933 554 2019 antiqua
574 1935 710 1998 statuta¹
732 1935 888 1998 innovata
908 1943 940 1998 et
960 1941 1085 1997 mutata
1105 1932 1244 2015 fuerunt,
1266 1934 1312 1997 sic
1333 1931 1503 2019 legebatur

467 2031 537 2096 loco
559 2031 697 2098 duorum
719 2044 956 2120 postremorum
977 2030 1210 2096 membrorum:

204 2147 270 2228 Qui
289 2149 386 2212 istam
409 2149 609 2214 curationem
632 2147 695 2214 sibi
715 2150 794 2214 ferri
817 2149 911 2230 sinet,
937 2149 968 2212 ei
996 2145 1216 2232 assignabitur
1238 2147 1409 2213 commode
1428 2146 1596 2212 habita-15

124 2250 181 2330 tio,
211 2246 253 2312 de
281 2268 347 2333 qua
375 2250 442 2312 iam
471 2249 635 2329 convenit,
667 2248 821 2313 nimirum
849 2248 958 2312 vicina
985 2245 1112 2312 culinae
1139 2255 1171 2310 et
1199 2257 1367 2332 spectante
1392 2267 1501 2311 aream
1524 2259 1556 2312 et

123 2345 206 2412 unde
227 2357 419 2433 prospectus
442 2355 532 2431 patet
553 2345 595 2411 ad
619 2355 755 2433 portam.
796 2346 849 2412 Ob
873 2345 1016 2412 studium
1037 2355 1145 2411 autem
1168 2366 1343 2430 curamque
1365 2353 1397 2408 et
1425 2344 1554 2410 labores

125 2446 226 2531 ipsius
249 2443 336 2510 ultra
356 2443 567 2509 habitationis
588 2445 803 2528 commodum,
835 2456 969 2532 propter
997 2447 1088 2511 ouius
1109 2468 1204 2510 usum
1226 2443 1306 2508 nihil
1328 2443 1370 2508 ab
1391 2445 1465 2530 ipso
1487 2445 1553 2508 exi·

124 2554 226 2629 gatur,
259 2541 299 2608 de
334 2541 469 2628 singulis
500 2541 632 2608 florenis
666 2543 810 2610 collectis
837 2568 879 2609 ex
913 2544 1124 2630 pensionibus
1149 2543 1288 2608 aliarum
1318 2541 1553 2609 habitationum

125 2641 288 2706 dabuntur
316 2642 347 2706 ei
377 2640 496 2727 singuli
524 2644 632 2727 grossi
675 2653 707 2708 et
742 2654 913 2732 praeterea
954 2643 1151 2732 stipendium
1176 2653 1365 2708 numeratae
1396 2642 1597 2728 pecuniaeffl

126 2763 267 2806 aunuum
295 2739 367 2806 flor.
397 2739 473 2804 XX.
517 2739 610 2820 Quae
642 2745 780 2828 pecunia
809 2743 939 2831 aequali
972 2742 1171 2830 collegarum
1201 2740 1438 2807 contributione
1467 2741 1554 2806 colli·

125 2848 224 2923 getur.

214 2991 277 3049 Van
299 2993 374 3051 noch
396 3012 530 3066 neuerer,
552 2993 756 3054 unbekannter
777 2997 875 3054 Hand
886 2997 968 3071 solpt
989 2995 1261 3069 noobaufS.18:

626 3155 696 3205 vor
715 3158 787 3206 usu
809 3156 1053 3206 consuamus

553 3277 595 3321 ex
616 3277 722 3321 novae
744 3257 984 3320 reformationis
1003 3256 1171 3342 rescripto.
1562 3264 1595 3320 25

207 3369 282 3436 Wie
304 3368 366 3434 wol
390 3371 447 3434 wir
476 3369 567 3435 nicht
594 3371 757 3456 gemeinet
785 3372 864 3454 sein,
892 3381 992 3436 etwas
1013 3370 1133 3435 wieder
1154 3392 1253 3434 vnser
1273 3369 1447 3434 vor-sabran
1477 3373 1555 3435 stiff-

127 3481 204 3555 tung
226 3468 306 3534 vndt
328 3469 560 3554 auffgeriehten
582 3479 703 3534 statuta
725 3470 944 3552 amuorduen,
967 3468 1093 3535 dieweil
1115 3471 1174 3533 wir
1196 3467 1276 3534 aber
1298 3489 1356 3532 aus
1372 3467 1430 3532 der
1444 3471 1554 3555 einge-

126 3589 273 3633 nommen
292 3567 523 3654 erki'rndigung
537 3568 741 3651 vermerken,
764 3569 822 3634 das
836 3593 900 3654 uon
923 3570 986 3634 den
1007 3567 1198 3654 collegiaten
1221 3565 1321 3631 selbst
1341 3565 1404 3631 den
1426 3570 1554 3633 statutis

126 3667 213 3731 nicht
234 3666 345 3732 allaeit
365 3666 576 3752 nachgelebet
596 3666 737 3751 worden,
760 3692 795 3735 so
817 3668 931 3735 wollen
952 3671 1011 3733 wir
1037 3667 1134 3732 ihnen
1155 3666 1266 3731 hirmit
1287 3674 1455 3753 vntersagt
1474 3667 1555 3732 vndt

128 3763 297 3853 aufferlegt
318 3765 434 3841 haben,
455 3765 515 3830 das
538 3768 585 3831 sie
608 3766 677 3831 sich
698 3765 763 3854 bey
783 3765 969 3854 erwehlung
988 3766 1046 3833 der
1066 3788 1170 3831 neuen
1192 3765 1383 3851 collegiaten
1406 3764 1468 3830 den
1491 3777 1597 3833 sta-30

128 3865 202 3929 tutis
225 3887 353 3950 gemess
375 3866 534 3950 crucigen,
563 3865 644 3930 vndt
671 3875 823 3951 vermbge
846 3864 1016 3931 desselben
1037 3865 1146 3931 solche
1166 3865 1325 3932 beneficia
1347 3863 1410 3930 den
1432 3865 1554 3953 profes·
1627 3897 1629 3902 ·

128 3987 201 4028 sorn
223 3963 302 4030 oder
324 3975 456 4029 sonsten
478 3963 541 4028 den
563 3962 728 4050 diirftigen
748 3987 809 4029 vor
834 3964 959 4029 andern
981 3965 1175 4031 zukommen
1206 3966 1323 4046 lassen,
1351 3963 1472 4028 darmit
1492 3966 1553 4030 wir

128 4062 172 4126 im
196 4061 358 4149 gegenfall
388 4085 429 4128 au
457 4071 587 4129 ernsten
607 4063 760 4130 einseheu
781 4061 902 4128 wieder
925 4065 971 4128 sie
996 4064 1076 4129 oder
1095 4064 1179 4129 auch
1199 4087 1240 4128 au
1262 4061 1401 4128 anderes
1423 4065 1554 4129 verord·

128 4183 214 4247 nung
234 4161 324 4226 nicht
343 4161 536 4226 verursacht
554 4162 683 4227 werden
705 4185 831 4248 mogen.

207 4315 348 4388 Hierasos
372 4318 391 4378 9
420 4317 497 4373 leere
524 4315 646 4372 Bld'tter
669 4311 718 4390 (S.
745 4315 902 4394 19-36);
930 4335 989 4374 aar
1018 4321 1080 4390 aas
1102 4318 1156 4374 der
1183 4315 1341 4374 Blicbser'te
1371 4318 1422 4374 des
1449 4318 1595 4378 letsten35

129 4414 200 4472 steht
221 4411 273 4488 (S.
295 4415 335 4477 36
335 4411 354 4492 j
377 4414 432 4471 der
455 4412 534 4472 Titel
544 4419 607 4488 fllr
630 4413 678 4471 die
698 4415 798 4473 zweite
819 4414 1012 4491 Abtleilanp:

333 4557 445 4622 Nova
467 4568 628 4625 statuta
650 4558 943 4647 inquilinorum
966 4559 1139 4644 collegii
1160 4559 1347 4625 maioris.

207 4679 349 4752 Hieraus
365 4678 396 4742 S.
417 4679 471 4742 37:

204 4945 214 4994 1
235 4939 387 4995 Hierunter
403 4937 440 4992 ist
456 4937 613 5009 unhedingt
629 4937 681 4992 das
701 4937 828 5010 Original
845 4957 900 4994 von
920 4943 984 4995 1565
1004 4955 1038 4992 zu
1056 4937 1209 5006 verstehen,
1227 4937 1343 4993 welches
1362 4955 1413 4992 uns
1430 4937 1554 4993 verloren

133 5039 274 5095 gegangan
290 5023 335 5078 ist.
354 5021 417 5094 Vgl.
436 5021 571 5078 Urkundl.
592 5020 709 5085 Quellsn
730 5023 756 5078 S.
775 5027 832 5078 tar.
862 5023 916 5078 Dic
932 5023 997 5078 dort
1013 5024 1171 5093 getnsserts
1189 5020 1391 5090 Vermuthnng,
1409 5037 1438 5075 es
1454 5024 1555 5092 m6gsn

133 5104 256 5164 stamas
275 5125 326 5164 aus
343 5106 398 5162 den
415 5104 550 5176 vieraigsr
566 5103 672 5161 Jahren
689 5106 813 5177 gemeint
829 5105 897 5172 sein,
917 5105 1015 5163 nehme
1031 5105 1078 5160 ioh
1094 5106 1208 5162 surich.
