3768 6072
317 457 379 522 236
886 427 941 508 llas
959 459 1047 509 kleine
1065 459 1170 522 Colleg.

317 637 434 726 byteri,
461 648 525 704 tres
549 639 680 728 vigilias
703 661 773 704 eum
796 663 911 706 novem
934 641 1125 708 lectionibus
1148 641 1255 706 dicere
1276 649 1446 706 teneantur
1468 653 1499 706 et
1521 642 1586 706 sint
1607 641 1739 706 astricti.

316 739 476 804 Absentes
505 762 583 804 vero
613 761 710 827 quam
740 741 880 826 primum
907 741 951 806 ad
981 741 1149 828 collegium
1181 741 1338 806 redierint
1365 737 1430 828 [9¹³]
1461 751 1518 806 aut
1543 743 1627 828 ipsis
1655 763 1738 804 mors

274 889 281 910 .
318 839 454 905 alieuius
478 839 660 928 significata
681 839 792 924 firerit,
813 839 856 904 ad
877 839 963 905 idem
983 841 1069 904 infra
1090 863 1233 906 mensem
1254 839 1394 905 debeant
1415 863 1485 905 esse
1506 840 1653 928 obligati.

316 1011 365 1073 30.
394 1023 491 1084 quon
512 1024 685 1090 mmonns,
713 1025 785 1073 sou
805 1025 987 1074 anemius
1006 1025 1154 1090 nunssu,
1178 1025 1366 1074 rsnnsrmr
1386 1025 1524 1073 sensns
1546 1023 1685 1073 sunssu
1706 1023 1739 1070 m

274 1115 290 1170 5
780 1125 934 1185 coquum
954 1109 1275 1174 (1011110111011111.1

398 1239 478 1307 Item
498 1239 684 1306 conchrsum
706 1240 767 1305 fuit
787 1239 990 1306 concorditer
1011 1263 1071 1328 per
1092 1261 1203 1305 omncs
1224 1241 1398 1325 magistros
1420 1240 1590 1327 collegium
1610 1263 1738 1329 reprae-

317 1349 488 1422 sentantes,
511 1339 598 1428 quod
619 1339 683 1406 duo
705 1341 853 1426 magistri
875 1341 1017 1405 iuniores
1043 1363 1107 1406 uon
1137 1339 1303 1422 sallariati,
1331 1341 1359 1403 si
1384 1363 1444 1427 per
1471 1363 1505 1404 se
1531 1363 1598 1404 non
1626 1353 1742 1428 regant

317 1440 458 1522 bursam,
487 1441 551 1504 sint
579 1441 705 1505 astricti
733 1439 776 1505 ad
807 1439 991 1526 ponendum
1019 1441 1179 1525 integram
1206 1439 1339 1504 bursam
1367 1441 1401 1504 iu
1429 1441 1566 1528 coquina
1592 1440 1741 1526 collegis-

317 1551 421 1604 torum
450 1561 522 1604 cum
550 1539 622 1604 aliis
650 1542 817 1626 magistris
847 1537 1030 1603 sallariatis.
1070 1539 1113 1603 Et
1142 1540 1169 1603 si
1195 1562 1277 1603 unus
1307 1561 1417 1604 corum
1447 1542 1569 1604 rexerit
1598 1540 1740 1624 bursam,

279 1650 309 1704 10
317 1649 393 1704 tunc
414 1639 495 1704 alter
514 1662 578 1704 non
599 1661 716 1726 regens
737 1642 779 1704 sit
799 1637 961 1724 obligatus
983 1637 1026 1703 ad
1047 1639 1238 1726 positionem
1262 1640 1409 1726 integrae
1430 1639 1558 1724 bursae,
1583 1652 1618 1705 ut
1641 1665 1739 1728 supra

320 1749 440 1804 tactum
463 1749 519 1804 est
563 1737 660 1819 Quod
686 1740 715 1804 si
743 1759 808 1805 non
835 1740 956 1821 feeerit,
982 1761 1046 1826 quo
1073 1739 1116 1804 ad
1138 1761 1252 1804 census
1275 1761 1478 1805 eamermum
1507 1739 1626 1806 absens
1650 1765 1738 1830 repu-

316 1839 448 1904 tabitur.

863 1991 1195 2002 w

400 2175 458 2236 Die
484 2197 546 2238 oua
563 2179 728 2256 folgenden
754 2177 871 2236 Artaleel
892 2177 963 2237 aad
981 2183 1053 2253 sest
1080 2177 1244 2236 sd'mmtliclt
1270 2195 1328 2236 von
1355 2178 1583 2236 srersctiedenen
1608 2179 1741 2238 Ho'ndea

313 2277 510 2353 qesclrieten.
565 2295 569 2304 ·

276 2433 306 2488 15
398 2429 447 2490 31.
476 2424 614 2511 Insuper
635 2421 784 2490 doctores
806 2433 838 2488 et
858 2423 1007 2510 magistri
1023 2423 1117 2490 huius
1140 2423 1276 2509 collegii,
1299 2424 1510 2506 attendentes,
1535 2448 1648 2511 ymmo
1669 2449 1741 2492 ocu·

315 2522 427 2588 las-iter
454 2534 485 2590 et
513 2523 650 2611 provide
672 2523 920 2610 conspicientes,
947 2523 1062 2590 domus
1084 2532 1117 2588 et
1143 2533 1323 2588 structuras
1345 2526 1526 2610 praesentis
1551 2525 1681 2612 collegii
1702 2549 1742 2592 ex

314 2627 470 2710 temporis
498 2647 597 2690 cursu
624 2633 656 2688 et
679 2633 838 2690 vetustate
865 2624 899 2688 in
924 2621 1088 2710 plerisque
1116 2623 1197 2688 locis
1224 2623 1358 2688 tendere
1386 2623 1428 2688 ad
1454 2625 1593 2706 ruinam,
1626 2625 1741 2713 quibus

316 2722 446 2809 quidem
466 2725 567 2788 ruinis
587 2745 659 2788 cum
682 2721 723 2788 de
744 2721 895 2788 censibus
918 2733 950 2788 et
971 2721 1181 2808 proventibus
1204 2722 1341 2808 collegii,
1370 2727 1425 2810 qui
1446 2722 1622 2790 admodum
1645 2728 1742 2811 pauci

316 2833 347 2888 et
367 2831 479 2889 tenues
500 2833 583 2906 sunt,
604 2823 669 2910 ipsi
690 2843 879 2888 succurrere
899 2843 965 2888 nou
986 2833 1128 2908 possent,
1151 2820 1236 2910 [10²]
1274 2821 1396 2886 idcirco
1421 2843 1481 2908 pro
1505 2831 1742 2890 structurarum

272 2921 500 2988 20huiusmodi
528 2923 702 2988 reiectione
724 2932 755 2988 et
781 2925 1018 2988 restauratione
1043 2923 1237 2988 unanimiter
1258 2930 1291 2986 et
1315 2921 1401 2986 nullo
1429 2921 1639 3010 discrepante
1668 2947 1741 2990 eon·

315 3022 492 3106 cluserunt,
521 3021 754 3090 ordinavenmt
779 3031 811 3086 ct
839 3031 1035 3104 statuerunt,
1066 3021 1153 3110 quod
1178 3019 1313 3110 quilibet
1334 3022 1565 3107 magistrorum
1588 3023 1742 3112 deinceps

313 3124 347 3188 in
369 3121 575 3210 collegiatum
596 3121 693 3187 huius
721 3120 848 3208 collegii
875 3121 997 3188 clectus
1025 3132 1056 3186 et
1083 3131 1270 3208 assumptus
1292 3129 1423 3207 praeter
1453 3145 1625 3206 summam,
1656 3133 1741 3190 ante

314 3223 435 3288 cessuri
456 3246 515 3288 suo
537 3221 690 3304 debitam,
712 3220 853 3286 sedecim
875 3221 1016 3286 florenos
1036 3244 1188 3286 renenses
1210 3221 1242 3284 in
1263 3243 1343 3286 auro
1358 3220 1445 3286 infra
1463 3222 1584 3308 mensis
1600 3225 1740 3310 spatium

313 3321 356 3386 ad
381 3320 539 3388 fabricam
567 3345 623 3386 seu
651 3319 764 3386 fiscum
795 3319 937 3408 collegii,
970 3321 1029 3386 sub
1060 3345 1164 3408 poena
1194 3321 1363 3386 carenciae
1385 3321 1676 3388 emolumentorum
1702 3346 1741 3388 ex

271 3421 450 3509 tscollegio
470 3423 740 3512 provenientium,
763 3421 968 3486 contribuere
987 3431 1019 3486 et
1040 3420 1226 3508 persolvere
1248 3429 1396 3484 teneatur
1417 3431 1449 3485 et
1471 3423 1512 3484 sit
1536 3425 1699 3488 astrictus.

397 3529 447 3590 32.
478 3521 574 3586 Anno
604 3519 726 3586 domini
754 3519 922 3586 millesimo
958 3519 1275 3608 quadringentesimo
1305 3523 1377 3595 (sie)
1407 3533 1500 3584 sexto
1532 3521 1585 3586 die
1615 3521 1741 3588 sabatbi

312 3621 484 3691 undecima
511 3622 632 3686 mensis
653 3619 726 3684 Iulii
755 3625 849 3697 (1506
871 3627 899 3684 d.
923 3628 968 3686 11.
989 3625 1067 3696 Μὴ
1096 3619 1243 3686 doctores
1264 3629 1296 3684 et
1314 3621 1462 3706 magistri
1485 3621 1579 3686 huius
1604 3621 1741 3708 collegii,

313 3722 478 3807 antiquam
511 3719 755 3784 observantiam
787 3730 819 3784 et
850 3719 1113 3784 consuetudinem
1142 3727 1345 3800 renovantes,
1379 3719 1585 3784 concorditer
1616 3721 1740 3786 conclu-

313 3830 439 3902 serunt,
468 3818 555 3906 quod
578 3818 731 3903 deinceps
752 3818 888 3906 quilibet
908 3818 1150 3904 collegiatorum
1172 3818 1326 3884 recedens
1350 3827 1381 3884 et
1402 3819 1446 3884 ad
1467 3829 1596 3906 tempus
1619 3820 1739 3908 aliquot

271 3917 434 3984 soabssns
467 3927 606 4004 quatuor
638 3919 843 4004 septimanis,
875 3928 993 3984 extunc
1024 3919 1210 3984 immediate
1243 3917 1467 4005 sequentibus,
1501 3920 1543 3984 sit
1574 3922 1739 4008 particeps

313 4016 395 4082 lueri
422 4039 464 4082 ex
491 4017 650 4084 cerevisia
677 4039 715 4082 eo
741 4026 885 4104 tempore
914 4019 1144 4105 provenientis,
1175 4041 1248 4084 cum
1269 4019 1333 4082 ista
1353 4017 1553 4099 limitatione,
1582 4019 1681 4106 quod,
1711 4021 1737 4084 si

313 4116 389 4182 talis
417 4128 493 4204 post
520 4119 675 4205 temporis
705 4118 856 4204 spatium,
886 4117 999 4184 eodem
1027 4113 1114 4205 [10¹³]
1146 4129 1255 4184 tamen
1281 4139 1377 4200 anno,
1402 4139 1553 4182 reversus
1581 4119 1681 4184 fuerit
1711 4129 1739 4182 ct

313 4215 442 4280 deinum
463 4227 538 4282 ante
559 4217 656 4282 finem
678 4217 821 4284 ciusdem
844 4220 920 4283 anni
941 4219 1056 4282 iterato
1078 4219 1258 4300 recesserit,
1287 4215 1373 4304 quod
1395 4227 1515 4282 extunc
1537 4227 1612 4304 post
1633 4217 1737 4282 huius·

314 4315 401 4382 modi
428 4317 603 4382 secundum
632 4340 794 4382 recessum
823 4316 863 4381 de
891 4317 981 4381 lucro
1009 4327 1177 4403 praetacto
1204 4327 1329 4403 partem
1358 4315 1502 4404 aliquam
1530 4314 1653 4380 habere
1679 4339 1739 4381 non

272 4417 441 4499 35debeat,
463 4428 560 4504 prout
579 4417 677 4484 etiam
698 4427 795 4484 antea
815 4439 888 4482 cum
908 4415 1071 4502 plerisque
1093 4415 1280 4482 doctoribus
1308 4426 1341 4482 st
1362 4417 1529 4502 magonis
1552 4415 1740 4482 absentibus

317 4517 423 4582 extitit
446 4518 661 4604 practicatum
684 4527 716 4582 et
738 4517 957 4584 observatum.

396 4623 445 4684 33.
472 4615 567 4680 Anno
590 4615 712 4682 domini
736 4623 814 4684 ¹507
835 4617 908 4702 ipsc
930 4615 982 4679 die
1004 4615 1108 4679 saneti
1129 4613 1261 4702 Aegidii
1284 4621 1381 4696 (1507
1404 4621 1434 4676 d.
1458 4622 1483 4680 1.
1505 4615 1688 4700 deprensa)
1708 4617 1740 4680 in

313 4715 446 4804 speciali
470 4716 702 4782 convocatione
722 4713 849 4802 collegii
878 4713 920 4780 ad
941 4714 1003 4780 hoe
1029 4713 1125 4796 faeta,
1146 4725 1181 4778 ut
1201 4735 1268 4800 pax
1290 4725 1321 4778 et
1343 4711 1519 4780 eoncordia
1540 4717 1625 4780 inter
1647 4713 1737 4781 colle

312 4818 416 4902 giatos
437 4815 532 4880 huius
554 4813 681 4900 collegii
702 4815 902 4896 observetur,
932 4811 1117 4879 conclusum
1138 4811 1199 4878 fuit
1221 4813 1434 4896 concorditer,
1456 4823 1493 4878 ut
1513 4813 1621 4878 nullus
1643 4812 1734 4880 colle·

272 4917 419 5002 togiatus
435 4916 533 4981 alium
552 4911 767 4999 collegiatum,
789 4915 858 4980 sive
879 4916 913 4978 in
934 4911 1070 4996 collegio
1085 4913 1154 4976 sive
1170 4925 1272 4996 extra,
1296 4915 1364 4978 sive
1379 4911 1508 4999 publice
1523 4913 1593 4978 sive
1608 4911 1737 4993 occulte,

496 5072 603 5080 ..a-u·—

391 5149 520 5206 1Dicser
538 5147 647 5204 Artikel
665 5148 702 5204 ist
720 5151 822 5221 opiter,
838 5145 910 5205 doch
928 5145 1001 5204 noch
1018 5163 1073 5206 rou
1090 5147 1175 5204 llabri
1192 5146 1287 5217 selbot,
1304 5145 1547 5220 nsehgetrsgeu..
1650 5189 1655 5196 .
