3788 6078
642 433 693 486 Die
718 433 836 486 Statntsn
859 445 921 483 rom
944 431 1027 484 Jshre
1047 429 1117 486 ¹54³.
1533 435 1594 498 615

250 616 280 680 3.
302 612 456 680 Novellns
479 614 592 682 doctor
614 617 648 681 in
667 615 837 682 medicinis
860 598 933 702 posi
955 616 1004 680 sui
1032 616 1265 706 promotionem
1294 613 1402 679 statim
1428 623 1486 680 aut
1508 614 1594 680 infra

168 736 312 780 mensem
333 713 440 780 solvat
459 725 597 803 quatuor
616 715 756 782 florenos
778 717 812 780 in
833 737 913 781 auro
935 737 995 804 pro
1016 715 1095 782 fisco
1116 714 1291 780 facultatis.

250 821 278 882 4.
299 813 381 878 Item
402 813 531 880 famulis
551 815 773 882 universitatis
794 821 940 902 tempore
966 815 1162 902 receptionis
1183 814 1360 899 insignium
1381 811 1593 880 doctoralium

168 913 308 1000 quinque
336 912 491 996 florenos,
521 937 582 1002 pro
611 913 728 1003 quibus
754 935 954 1000 praeparare
982 913 1176 980 tenebuntur
1203 911 1392 978 cathedram
1420 921 1452 976 et
1480 911 1596 978 sedilia

168 1009 343 1078 honorifice
370 1035 430 1099 pro
456 1011 654 1096 doctoribus,
681 1013 845 1099 magistris
873 1021 906 1078 et
933 1011 1115 1100 hospitibus
1144 1035 1216 1078 cum
1246 1012 1444 1077 ornamentis
1469 1010 1594 1078 adhoc
1619 1021 1636 1076 t

168 1112 327 1177 consuetis
347 1113 383 1176 in
403 1110 512 1200 aliqua
531 1111 749 1190 ecclesiarum,
772 1112 806 1175 in
828 1135 893 1200 qua
913 1122 990 1178 tuno
1014 1111 1089 1178 aula
1111 1111 1284 1178 doctoralis
1307 1109 1531 1176 celebrabitur.

251 1217 280 1276 5.
302 1209 478 1298 Postquam
499 1209 612 1278 doctor
634 1210 779 1278 novellus
800 1211 834 1276 in
854 1212 1023 1277 medicinis
1045 1211 1099 1276 hic
1121 1220 1287 1298 promotus
1315 1212 1383 1276 iarn
1411 1213 1505 1276 iuxta
1531 1219 1595 1274 sta·

168 1319 238 1376 tuta
270 1309 403 1375 solverit
433 1309 602 1394 solvenda,
632 1334 709 1376 mox
739 1319 813 1398 post
839 1311 1015 1398 insignium
1045 1310 1261 1397 receptionem
1292 1309 1436 1398 (qnando
1466 1310 1595 1374 affecta·

168 1407 266 1494 verit)
296 1407 339 1474 ad
371 1409 540 1474 consilium
569 1409 732 1476 facultatis
761 1410 946 1496 recipietur,
977 1410 1077 1476 salvis
1105 1420 1213 1475 tamen
1245 1411 1385 1492 statutis,
1412 1411 1608 1496 ingressum.

170 1503 308 1574 alieuius
329 1506 471 1576 doctoris
493 1508 536 1575 ad
558 1509 729 1576 consilium
749 1508 914 1576 facultatis
933 1508 1193 1598 respicientibus.
1605 1517 1638 1574 1⁰

605 1708 806 1758 vamnsrn
827 1708 886 1758 mc
907 1708 1160 1758 PBOMOTOEUM.
1200 1747 1202 1752 .

648 1827 755 1892 Caput
777 1829 859 1880 XVI.
885 1827 958 1894 (Vssl.
978 1832 1003 1878 a.
1018 1825 1055 1878 St.
1071 1827 1125 1890 35.)

247 1959 419 2025 Promotus
440 1961 474 2024 in
494 1959 743 2026 baccalaurcum
762 1959 925 2026 facultatis
946 1957 1092 2026 medicae
1108 1961 1141 2025 in
1157 1970 1269 2027 nostra
1280 1961 1492 2027 universitate
1506 1959 1595 2048 Lyp-

168 2060 282 2142 siensi,
310 2070 482 2147 postquam
502 2059 693 2147 adsumptus
714 2060 817 2125 fuerit
839 2059 882 2126 ad
907 2058 1078 2146 legendnm
1100 2081 1160 2147 pro
1182 2059 1389 2126 licentiatura
1409 2062 1442 2126 in
1465 2059 1594 2126 medici·

166 2160 218 2224 nis
241 2145 408 2246 et'lagerit
429 2181 489 2246 pro
510 2156 642 2246 publico
664 2159 813 2224 examine
834 2158 1069 2242 licentiaturae,
1098 2159 1141 2226 ab
1170 2181 1208 2226 eo
1236 2171 1392 2247 tempore,
1421 2170 1595 2248 postquam
1606 2168 1637 2224 15

166 2267 336 2345 promotus
362 2258 518 2324 fueritin
546 2257 710 2325 doctorem
739 2257 929 2340 medicinae,
957 2259 990 2322 in
1016 2258 1078 2324 hac
1104 2259 1315 2326 universitate
1344 2260 1473 2348 praeire
1500 2257 1597 2324 debet

166 2359 201 2422 in
229 2357 300 2422 loco
328 2357 502 2441 quemlibet
529 2358 628 2423 alium
657 2357 823 2423 doctorem
845 2358 1026 2423 medicinae
1052 2359 1085 2422 in
1113 2357 1180 2424 alia
1201 2360 1412 2426 universitate
1433 2355 1496 2446 [δὴ]
1520 2379 1595 2445 prc-

166 2466 298 2539 motum,
326 2458 387 2521 nisi
410 2457 487 2522 talis
516 2456 629 2523 doctor
652 2456 786 2522 alterius
807 2457 1030 2522 universitatis
1051 2457 1085 2522 in
1109 2459 1173 2522 ista
1193 2459 1415 2540 universitate,
1442 2469 1516 2524 ante
1538 2457 1594 2524 ad·

165 2557 352 2622 missionem
375 2555 519 2622 eiusdem
542 2555 750 2622 baccalaurci
771 2555 816 2621 ad
835 2556 982 2622 favorem
1004 2553 1133 2642 legendi
1155 2579 1214 2644 pro
1234 2557 1376 2640 licentia,
1397 2567 1482 2624 esset
1502 2579 1597 2645 pras-

166 2655 376 2742 adsumptus,
404 2680 479 2721 nam
502 2656 564 2722 hoc
586 2677 664 2721 casu
686 2655 760 2720 talis
784 2654 896 2720 doctor
915 2655 968 2719 hic
990 2665 1157 2742 promotus
1179 2655 1318 2722 alienum
1340 2657 1506 2722 doctorem
1524 2656 1639 2724 lcccw

167 2756 260 2843 sequi
288 2754 400 2837 debet,
430 2756 529 2820 etiam
558 2757 586 2822 si
616 2765 691 2820 ante
722 2755 826 2840 ipsius
858 2754 1001 2820 doctoris
1033 2752 1131 2819 alieni
1162 2753 1205 2819 ad
1234 2755 1405 2822 consilium
1434 2755 1598 2822 facultatis

164 2853 347 2921 medicinae
375 2852 636 2942 adsumptionem
659 2853 703 2918 ad
729 2851 901 2940 legendum
925 2875 985 2940 pro
1006 2851 1137 2919 licentia
1159 2864 1244 2920 essct
1266 2855 1436 2921 admissus.
1477 2855 1598 2922 Docto-

166 2976 220 3019 res
251 2975 329 3019 verc
361 2953 414 3019 hic
445 2955 586 3041 promoti
615 2952 757 3019 babeant
786 2951 894 3016 locum
925 2953 959 3016 in
991 2949 1118 3016 actibus
1147 2952 1286 3040 publicis
1316 2955 1537 3021 universitatis
1567 2966 1599 3020 et

164 3052 329 3118 facultatis
357 3052 532 3119 secundum
560 3053 796 3141 primogenium
823 3052 969 3137 ipsorum
1000 3060 1031 3113 et
1060 3051 1252 3117 secundum¹
1277 3053 1442 3118 licentiam
1468 3053 1598 3143 publice

167 3155 203 3219 in
225 3151 342 3218 scholis
364 3163 541 3240 receptam.
570 3152 615 3216 At
635 3153 665 3217 si
685 3149 870 3216 licentiatus
891 3149 1010 3238 aliquis
1031 3148 1126 3216 huius
1147 3153 1368 3218 universitatis
1391 3153 1442 3236 sit,
1465 3152 1639 3220 doemress

164 3263 303 3320 externo
325 3251 530 3334 adveniente,
561 3252 616 3340 qui
638 3248 814 3336 desyderat
836 3247 973 3332 adsumi,
1004 3248 1293 3336 praescribendum
1319 3261 1370 3318 est
1390 3251 1436 3317 illi
1458 3263 1596 3339 tempus,

166 3363 204 3418 ut
222 3353 309 3416 intra
331 3361 484 3417 semestre
505 3349 709 3416 doctoratum
730 3356 913 3435 comparet3
936 3346 1022 3432 quod
1044 3351 1072 3414 si
1092 3350 1214 3432 fecerit,
1237 3351 1468 3436 praeferendus
1490 3350 1596 3417 abeno

165 3452 388 3518 universitatis
410 3449 536 3516 doctori
557 3459 591 3514 ct
610 3447 680 3513 loco
701 3457 733 3511 et
754 3446 920 3512 conmodis
944 3455 1011 3531 est3
1038 3451 1066 3514 si
1088 3448 1278 3536 neglexerit,
1301 3451 1425 3516 alienus
1446 3461 1595 3539 receptus

166 3551 332 3618 licentiato
354 3558 468 3639 postea
489 3551 523 3615 in
545 3547 710 3614 doctorem
731 3555 884 3612 coronato
907 3548 1123 3634 praeferatur.

759 3729 806 3777 nn
827 3729 1012 3779 aureuma.
1603 3723 1639 3786 30

650 3849 757 3912 Caput
774 3847 874 3902 XVII.
896 3848 969 3915 (Vgl.
983 3853 1007 3902 i.
1020 3850 1059 3903 St.
1073 3850 1125 3914 36.)

252 3975 280 4034 1.
302 3965 386 4034 Cum
406 3987 511 4048 nemo,
538 3965 655 4030 artium
683 3961 868 4029 liberalium
889 3965 923 4030 in
942 3965 1129 4032 universum
1157 3987 1286 4052 expers,
1317 3964 1463 4033 medicae
1493 3966 1595 4032 scien·

166 4071 233 4135 tiae
262 4089 368 4154 capax
398 4088 419 4131 a
444 4065 526 4130 viris
554 4063 688 4130 eruditis
717 4075 897 4148 censeatur,
928 4075 1040 4130 sancte
1069 4067 1235 4131 constituit
1264 4067 1410 4131 unanimi
1438 4087 1597 4132 consensu

166 4167 296 4234 medica
323 4164 472 4247 facultas,
504 4174 540 4229 ut
566 4163 673 4229 nullus
699 4161 944 4246 baccalaureus,
975 4163 1159 4230 licentiatus
1188 4175 1244 4229 aut
1273 4165 1386 4232 doctor
1414 4164 1595 4232 medicinae

166 4267 359 4355 peregrinus
381 4275 475 4330 etex
497 4262 562 4328 alia
589 4261 757 4328 academia
783 4261 847 4327 huc
873 4265 1028 4350 migrans,
1059 4274 1091 4329 et
1120 4285 1180 4328 nec
1206 4267 1310 4329 nostri
1340 4265 1502 4352 gymnasii
1527 4267 1637 4353 qui-ss

167 4368 243 4433 dem
264 4363 495 4431 baccalaureus
523 4374 580 4429 aut
599 4362 793 4444 licentiatus,
821 4363 855 4428 in
876 4363 1013 4428 classem
1035 4373 1067 4428 et
1089 4365 1284 4430 consortium
1307 4363 1470 4430 facultatis
1492 4363 1594 4429 medi·

168 4488 228 4533 cae
254 4465 441 4551 recipiatur,
470 4465 544 4547 nisi,
573 4483 608 4527 se
629 4464 748 4528 artium
775 4462 967 4549 magistrum
986 4461 1040 4528 vel
1067 4461 1231 4529 doctorem
1259 4465 1421 4551 exquisito
1447 4465 1596 4530 ommino

168 4564 342 4655 probatum
364 4573 396 4628 et
417 4573 604 4629 coronatum
625 4583 707 4645 esse,
728 4561 793 4627 fide
813 4561 921 4648 dignis
942 4560 1045 4627 literis
1065 4561 1263 4650 probaverit.

252 4668 280 4731 2.
302 4662 541 4728 Baccalaureus
562 4659 753 4746 medicinae,
780 4671 949 4749 promotus
974 4663 1008 4726 in
1036 4659 1102 4728 alia
1127 4663 1348 4747 universitate,
1374 4673 1518 4750 tempore
1539 4660 1595 4727 ad·

169 4764 362 4851 sumptionis
385 4762 428 4827 ad
457 4759 641 4826 facultatem
664 4769 792 4828 tenetur
821 4759 900 4826 darc
926 4759 1056 4826 famulis
1076 4762 1298 4828 universitatis
1319 4785 1417 4828 unum
1437 4760 1637 4828 florenumto

257 5037 268 5086 1
288 5029 342 5087 Die
359 5029 457 5086 Warte
477 5029 679 5101 primopms'am
696 5028 821 5100 ipsorum
836 5037 862 5084 st
877 5031 1023 5084 awanam
1044 5027 1140 5086 stehen
1162 5028 1215 5085 suf
1228 5028 1327 5098 Rasur,
1349 5027 1411 5084 sind
1434 5025 1501 5082 sber
1522 5025 1595 5082 ncolr

167 5131 233 5174 vern
249 5120 340 5171 asten
357 5112 504 5170 Sobreiber
524 5113 623 5170 wieder
639 5111 856 5185 nscbgetragen.
877 5113 942 5184 Vgl.
959 5113 1004 5172 die
1021 5111 1152 5172 Ststnten
1167 5129 1223 5172 von
1243 5117 1315 5170 1303.
