3762 6074
797 497 848 548 Die
872 495 1091 560 pbilosophlrehe
1111 495 1239 548 Facultit.

588 759 677 826 xm
707 757 768 846 [Bl.
791 756 863 848 19²]
893 777 1145 826 corrrunurr
1169 776 1459 826 renouentur.

305 923 504 988 Decanus
548 924 793 1012 subscripta
832 933 989 990 statuta
1021 923 1241 1010 publicare
1273 933 1444 988 tenetur
1479 925 1521 988 in
1553 923 1723 990 lectorio

306 1021 617 1088 ordinariarum
645 1023 981 1112 disputationum
1000 1024 1113 1088 infra
1135 1027 1305 1108 primurn
1326 1043 1506 1086 mensem
1528 1032 1621 1110 poet
1642 1025 1724 1088 eius

388 1121 633 1188 electionem
654 1135 695 1188 et
714 1124 825 1188 infra
847 1145 1026 1187 mensem
1054 1130 1150 1186 ante
1171 1123 1295 1186 finem
1323 1123 1386 1186 sui
1408 1121 1646 1186 decanatus.

263 1231 279 1284 5
450 1221 800 1311 Conoernuutque
829 1245 966 1288 omnes
993 1219 1291 1309 promovendos
1312 1219 1579 1308 generaliter

897 1321 1138 1388 inertibus.

1004 1495 1029 1555 l.

384 1617 504 1682 Parnm
525 1617 658 1706 prodest
685 1629 805 1684 statuta
826 1619 980 1700 condere,
1008 1619 1071 1682 nisi
1102 1619 1290 1684 exconcioni
1311 1617 1458 1684 debitae¹
1480 1617 1723 1684 demandentrr.

302 1717 438 1800 Idcirco,
461 1741 501 1781 ne
522 1721 594 1804 quis
615 1741 673 1804 per
699 1719 924 1804 ignoranciam
946 1726 1138 1783 statutorum
1168 1718 1276 1804 aliquo
1304 1716 1402 1782 modo
1430 1739 1465 1782 ee
1491 1717 1601 1783 valeat
1632 1741 1724 1784 exou-

267 1817 556 1900 lacaedemone
579 1839 639 1902 pro
660 1831 806 1905 tempore
825 1819 967 1882 existens
992 1817 1096 1882 bisin
1120 1815 1280 1882 decanatu
1308 1837 1367 1880 suo
1391 1825 1514 1881 statuta
1534 1817 1726 1906 subscripta,

304 1915 469 1982 facultatis
492 1918 615 1980 arcium
638 1920 806 2004 supposita
829 1914 1029 2003 complcuoia
1057 1917 1307 1998 concernencia,
1335 1914 1395 1979 sub
1427 1937 1533 2002 poena
1553 1918 1653 1982 trium
1673 1917 1726 1982 flo-

307 2039 459 2082 renorum
480 2016 628 2081 facultati
649 2018 774 2080 arcium
795 2013 1061 2080 irremissibiliter
1084 2013 1373 2100 persolvendorum
1400 2023 1527 2080 tenetur
1549 2015 1726 2102 publicare,

305 2126 338 2180 et
358 2115 567 2180 excedentem
587 2115 640 2181 vel
662 2115 854 2180 excedentes
877 2115 1075 2198 contraipsa
1088 2121 1217 2195 statuta,
1239 2113 1279 2176 de
1301 2134 1365 2199 quo
1387 2113 1439 2176 vel
1461 2111 1502 2178 de
1524 2115 1642 2201 quibus
1665 2115 1725 2180 sibi

303 2222 445 2296 constat,
479 2215 539 2281 sub
564 2237 622 2281 auo
644 2217 824 2280 iuramento
846 2213 976 2278 realiter
1010 2210 1187 2276 secundum
1208 2225 1353 2276 tenorem
1377 2220 1572 2278 statutorum
1593 2215 1725 2300 prmire3

264 2315 336 2377 ltin
356 2335 420 2401 quo
440 2315 544 2378 eciam
565 2312 703 2380 facultas
726 2315 850 2378 areium
872 2313 935 2378 sibi
959 2314 1113 2378 assistere
1132 2321 1259 2376 tenetur
1281 2333 1354 2376 cum
1376 2313 1501 2380 effecta

574 2485 604 2546 2·
631 2496 727 2544 LIBRI
747 2496 918 2544 tuomum
937 2496 1006 2544 PRO
1029 2496 1147 2544 GRADU
1168 2495 1460 2545 onocentaurum

382 2610 476 2675 Libri
497 2610 540 2676 ad
561 2611 699 2696 gradum
719 2610 958 2676 baccalariatus
981 2621 1057 2674 sunt
1078 2612 1148 2674 isti:
1178 2611 1329 2676 Petrus
1351 2611 1581 2699 Hispanus,
1609 2609 1726 2676 Prie·

301 2711 614 2792 cianusminor,
643 2722 763 2775 vetus
785 2733 872 2792 ars,
905 2713 1111 2796 priorum,
1144 2711 1447 2796 posteriorum,
1480 2709 1727 2793 elencorunr,

301 2810 567 2895 phisioorum,
587 2807 633 2873 de
654 2811 801 2892 anima,
824 2831 947 2896 spera
968 2811 1220 2874 materialis.
1261 2809 1305 2874 llt
1326 2811 1381 2874 isti
1404 2809 1556 2896 leguntur
1578 2833 1637 2898 per
1662 2834 1726 2876 nra-

259 2911 432 2994 mgistros.

382 3007 571 3073 Donatus
591 3009 737 3090 minor,
757 3007 939 3074 secunda
960 3031 1059 3096 pars
1081 3007 1332 3075 Allexandri
1357 3008 1408 3074 vel
1434 3007 1636 3093 Florieta,
1671 3009 1728 3075 al·

301 3109 510 3192 gorismue
532 3117 571 3172 et
592 3119 822 3194 computus,
845 3119 877 3172 et
898 3108 1015 3193 aliquis
1037 3107 1145 3174 liber
1167 3111 1208 3172 in
1229 3109 1457 3174 rethorica
1498 3107 1544 3173 Et
1574 3107 1724 3194 leguntur

300 3227 359 3293 per
382 3205 584 3272 baccalarios
605 3208 639 3270 in
667 3206 916 3272 canicularibus.
959 3204 1016 3295 [Et
1044 3229 1126 3273 unus
1160 3209 1271 3274 liber
1299 3207 1575 3274 rethoricalis
1600 3209 1725 3273 festivis

301 3303 415 3370 diebus
437 3305 518 3371 hora
543 3303 732 3394 secundal²

257 3479 291 3535 25
477 3477 505 3539 3.
527 3489 575 3536 Du
597 3491 792 3540 laxaremus
814 3491 882 3540 PRO
905 3490 1023 3538 GRADU
1045 3489 1327 3540 excerceamus
1348 3491 1547 3540 aunmums.

382 3603 498 3668 Nullus
518 3603 616 3670 debet
638 3605 765 3670 admitti
788 3605 831 3671 ad
854 3629 992 3670 examen
1021 3605 1261 3671 baccalariatua
1292 3610 1325 3671 in
1356 3607 1499 3691 artibus,
1532 3609 1596 3672 nisi
1631 3609 1722 3698 prius

302 3704 426 3766 steterit
454 3706 487 3768 in
509 3707 680 3770 exerciciis
701 3708 734 3768 in
754 3705 838 3771 hunc
860 3704 1008 3771 modum:
1038 3705 1135 3771 semel
1158 3709 1196 3770 in
1223 3707 1369 3793 parvis
1396 3705 1640 3794 loyoalibue
1670 3708 1725 3772 ad·

300 3803 424 3884 minue,
461 3802 559 3867 semel
599 3805 633 3867 in
675 3804 928 3891 sophistria,
966 3805 1037 3871 loco
1072 3808 1163 3870 cuius
1189 3807 1308 3892 poterit
1336 3804 1450 3870 audire
1479 3829 1611 3894 parva
1640 3807 1726 3894 loy·

298 3899 426 3984 calia;
448 3899 553 3966 bisin
575 3913 716 3968 vetere
737 3913 837 3987 arte,
862 3905 960 3970 semel
982 3928 1054 3970 cum
1076 3905 1198 3970 decano
1221 3917 1254 3970 et
1270 3905 1369 3970 semel
1389 3928 1462 3970 oum
1476 3905 1540 3970 alio
1553 3909 1724 3992 magistro,

259 3999 400 4064 adsemel
423 4001 456 4063 in
477 4023 587 4066 nova
607 4002 742 4088 loyca3
765 4003 864 4067 semel
885 4007 919 4067 in
942 4003 1191 4091 phisicorurn
1214 4019 1245 4069 et
1267 4005 1364 4069 semel
1386 4008 1419 4069 in
1440 4004 1488 4070 de
1513 4007 1727 4072 eminebit

302 4121 360 4185 pro
382 4107 527 4186 tempore
548 4123 612 4166 non
634 4101 753 4167 habeat
774 4102 869 4190 plura
889 4105 1052 4169 exercicia
1072 4128 1170 4192 quam
1193 4104 1266 4188 duo,
1290 4115 1427 4190 excepta
1447 4103 1637 4194 zophistria,
1658 4105 1727 4171 loco

298 4200 390 4263 errius
432 4203 627 4265 exercicium
667 4225 843 4290 parvorum
884 4202 1059 4292 loycalium
1091 4228 1151 4292 pro
1183 4207 1284 4270 tercio
1316 4205 1477 4270 exercicio
1513 4203 1626 4270 audire
1657 4205 1727 4292 quis

298 4299 427 4386 poterit

658 4475 685 4534 4.
716 4485 812 4532 meru
830 4485 999 4533 annmunr
1020 4485 1089 4534 rao
1113 4469 1359 4534 morsrxa1o.³

255 4605 289 4663 35
380 4595 474 4664 Libri
498 4596 542 4664 ad
561 4600 700 4686 gradum
720 4603 900 4688 magisterii
929 4611 1004 4666 sunt
1032 4601 1103 4665 isti:
1125 4599 1407 4688 thopicorum,
1443 4600 1493 4666 de
1514 4603 1652 4688 coelo,
1682 4603 1725 4670 de

297 4700 579 4784 generatione,
601 4699 919 4786 metheororum,
942 4723 1071 4788 parva
1089 4701 1319 4784 naturalia,
1348 4699 1595 4788 ethicorum,
1623 4703 1724 4791 poli·

387 4937 397 4986 1
418 4932 483 5003 νει
503 4931 531 4990 s,
548 4936 598 4989 ara
617 4909 699 4988 Anu.
718 4939 741 4988 r.

382 5021 397 5071 2
419 5017 477 5073 Der
494 5016 736 5088 eingelrlammerte
754 5019 819 5073 Sata
836 5017 872 5071 ist
890 5021 982 5088 spiiter
999 5017 1215 5090 nachgetrageo.

382 5107 397 5156 3
416 5103 471 5156 Am
489 5103 587 5156 Raude
604 5101 711 5172 ἀραιω-
728 5121 801 5156 novo
818 5104 969 5157 ordinatio.
1005 5101 1068 5157 Von
1084 5108 1145 5158 root
1160 5101 1259 5177 (s.u.)‘l
1276 5101 1342 5158 oder
1360 5103 1397 5156 ist
1408 5109 1481 5158 etwa
1492 5103 1554 5161 eine
1566 5123 1629 5161 vom
1637 5104 1723 5162 Jahre

298 5187 361 5240 teta
379 5185 521 5256 gemeiut?
547 5187 612 5259 vgr.
632 5185 704 5242 oben
722 5185 749 5243 S.
769 5193 800 5244 34
821 5185 858 5258 lg.
877 5205 903 5242 u.
922 5187 950 5243 S.
969 5191 1010 5256 36,
1028 5191 1052 5258 3,
1079 5205 1119 5242 wo
1138 5185 1199 5241 eine
1219 5186 1405 5260 Verordnung
1423 5195 1631 5263 vorauogeeetut
1648 5191 1720 5246 vird.
