3762 6074
526 505 615 556 Vierte
632 503 898 568 statuteuredsction,
913 521 967 558 von
986 503 1159 560 tros-1522.
1494 507 1554 574 465

131 703 327 783 ticorum,
348 704 696 788 yconomicorum,
718 705 986 791 perspectiva
1008 708 1240 790 communis,
1261 706 1446 772 theorica
1467 704 1555 792 pla-

130 809 342 884 netarum,
380 801 593 885 Euclides,
631 801 947 869 rethoricorum
980 803 1253 887 Arestotelis,
1290 807 1557 870 arismetrica

133 903 375 984 communis,
403 903 560 967 musica
579 901 710 966 Muris
731 911 763 966 et
782 901 1074 989 metaphisica.

416 1109 443 1169 5.
465 1119 512 1166 Du
534 1118 728 1167 exeremus
748 1119 818 1168 PRO
839 1120 1052 1169 moleremo
1073 1121 1272 1170 AUDIENDIS.

215 1265 329 1332 Nullus
352 1267 481 1332 admitti
502 1266 598 1332 debet
619 1265 662 1332 ad
682 1277 879 1356 temptameu
908 1292 969 1357 pro
996 1269 1101 1356 gradu
1136 1273 1333 1356 magisterii,
1365 1271 1428 1335 nisi
1463 1273 1595 1357 priuos

131 1367 255 1431 steterit
275 1367 309 1430 in
330 1367 500 1431 exerciciis
520 1367 755 1453 infrascriptis,
791 1368 913 1436 seilicet
933 1368 1237 1455 metaphisicae
1261 1365 1347 1457 [191‘]
1372 1393 1446 1434 cum
1468 1372 1553 1436 vice-

129 1463 343 1548 cancellario,
377 1466 624 1550 ethicorum,
656 1467 931 1553 phisicorum,
964 1470 1121 1534 veteris
1154 1471 1259 1534 artis
1283 1491 1355 1534 cum
1376 1469 1500 1534 decano
1523 1478 1555 1553 et

125 1587 261 1632 novae
281 1565 444 1652 logicae
465 1587 537 1630 eum
560 1588 750 1655 quocunque
772 1567 1014 1654 magistrorum,
1037 1589 1120 1652 quae
1142 1569 1449 1651 suntnecessitatis3
1470 1591 1552 1632 me-

124 1666 367 1733 theororum
391 1663 445 1729 vel
472 1666 619 1752 parvis
644 1665 917 1732 naturalibus
944 1689 1005 1753 pro
1027 1690 1106 1751 uuo,
1135 1667 1176 1732 de
1197 1667 1314 1755 quibus
1332 1666 1453 1732 ultimis
1476 1667 1553 1733 duo·

124 1767 186 1832 bus
207 1767 356 1852 capiatur
377 1787 476 1830 unum
499 1787 609 1834 eorum
626 1764 801 1831 secuudum
824 1765 980 1854 placitum
1001 1765 1052 1832 vel
1081 1767 1256 1832 secuudum
1282 1765 1470 1832 electionem
1495 1777 1595 1832 vo-10

123 1865 263 1932 lancium
284 1866 478 1952 promoveri.

162 2105 193 2168 6.
214 2117 262 2164 ou
285 2114 452 2176 curruca
473 2114 773 2164 nesumrrosmus
795 2115 953 2165 ruuurcrs
975 2115 1191 2165 ricuursrrs
1205 2115 1393 2164 suoruuurs
1415 2116 1508 2164 rurs

454 2213 709 2263 rnouoorounu
731 2215 870 2264 essuos
891 2215 1187 2264 nscosnsnmrus.
1207 2201 1216 2242 ¹

205 2379 320 2446 Nullus
341 2377 439 2445 debet
459 2379 588 2444 admitti
609 2379 652 2444 ad
674 2403 811 2446 examen
833 2380 1071 2448 baccalariatus
1093 2383 1128 2446 in
1149 2381 1284 2464 artibus,
1306 2382 1370 2446 nisi
1386 2382 1478 2467 prius
1494 2379 1549 2446 ad-

126 2481 233 2546 minus
261 2477 362 2544 semel
393 2477 556 2544 audiverit
585 2489 723 2564 quatuor
748 2484 994 2569 resumpciones
1020 2505 1040 2548 a
1066 2479 1219 2546 facultate
1246 2481 1412 2546 institutas
1433 2489 1587 2565 etpr015

121 2580 168 2644 eis
192 2577 404 2644 effeemsliter
425 2576 574 2643 facultati
595 2579 798 2662 satisfecerit,
820 2579 973 2646 videlicet
994 2602 1092 2645 unam
1112 2581 1147 2644 iu
1165 2581 1449 2666 grammatica,
1471 2579 1549 2644 alte·

120 2701 191 2744 ram
215 2679 250 2742 in
269 2677 411 2764 loyca,
439 2679 575 2742 terciam
596 2680 631 2742 in
652 2679 884 2763 rethorica,
913 2691 1061 2767 quartam
1083 2681 1118 2744 in
1137 2678 1412 2767 philosophia
1432 2689 1549 2744 natu·

121 2778 213 2844 rali.
257 2776 303 2842 Et
320 2787 356 2842 ut
377 2775 418 2842 de
439 2776 500 2841 hoc
522 2787 672 2842 constare
690 2780 810 2865 possit,
842 2779 939 2846 debet
970 2779 1105 2844 audiens
1143 2801 1163 2844 a
1189 2778 1446 2864 resumpturibus
1467 2781 1549 2866 ipsis

119 2878 376 2964 recognitionem
406 2875 580 2942 auditionis
609 2876 795 2943 huiusmodi
823 2889 954 2945 actuum
988 2879 1220 2965 resumptionis
1248 2877 1395 2943 obtinere
1417 2891 1449 2943 et
1469 2887 1549 2942 tem-

121 3001 201 3066 pore
224 2976 483 3063 dispensacionis
503 2977 538 3040 in
561 2975 693 3041 scedula
715 2999 774 3041 sua
794 2999 906 3042 coram
928 2977 1051 3044 decano
1073 2986 1106 3042 et
1125 2976 1278 3042 facultate
1299 2976 1465 3042 exhibere.
1505 2975 1591 3042 Etru

118 3079 401 3165 quocienscunque
427 3073 569 3163 aliquam
604 3077 678 3162 quis
705 3074 866 3142 audiverit
900 3077 1169 3164 resumptionem,
1204 3076 1326 3140 tociens
1361 3076 1549 3141 satisfacere

117 3185 275 3242 teneatur.

120 3401 147 3461 7.
169 3411 217 3459 ou
240 3408 340 3458 uoco
364 3407 535 3456 tuomum
555 3406 750 3455 nsorrouns
777 3407 823 3454 ur
853 3407 1061 3475 exuscrrn,
1089 3409 1135 3456 ur
1157 3409 1254 3469 onor
1279 3409 1350 3456 uus
1370 3408 1450 3457 vrcs
1467 3408 1546 3468 oms

662 3505 793 3556 neurus
815 3492 1001 3556 ιότιζιὶιτ.2

205 3673 324 3741 Modus
347 3673 501 3740 audiendi
520 3672 674 3737 lectiones
696 3681 728 3736 et
748 3675 912 3738 exercicia
934 3674 996 3737 erit
1024 3671 1108 3738 talis.
1151 3671 1297 3754 Quilibet
1325 3673 1461 3740 audiens
1488 3672 1587 3740 ali-2⁵

119 3798 218 3862 quam
241 3774 412 3840 lectionem
433 3795 494 3861 pro
515 3772 622 3858 gradu
643 3775 677 3836 in
698 3769 840 3853 artibus,
872 3773 1019 3858 exceptis
1049 3771 1381 3856 mathematicalihus,
1418 3783 1546 3839 tenetur

122 3897 194 3940 eam
218 3873 331 3939 audire
351 3873 386 3937 in
406 3871 490 3938 libro
512 3872 567 3956 qui
593 3870 712 3956 legitur
733 3891 806 3934 cum
828 3867 1005 3955 diligentia,
1031 3872 1079 3935 ita
1107 3871 1194 3958 quod
1218 3883 1344 3937 textum
1360 3868 1544 3960 'proprium

120 3983 177 4040 aut
200 3969 481 4040 accommodatum
503 3993 611 4036 secum
631 3980 776 4055 ternpore
796 3967 942 4033 lectionis
965 3969 1085 4035 habeat
1105 3975 1252 4058 (possunt
1272 3981 1381 4038 tamen
1405 3970 1469 4039 duo
1492 3972 1545 4037 vel

119 4084 186 4139 tres
210 4072 254 4138 ad
274 4073 456 4138 maximum
477 4071 589 4138 eodem
611 4079 703 4134 textu
723 4090 783 4154 pro
803 4077 948 4155 tempore
970 4071 1050 4150 uti),
1083 4078 1115 4134 et
1143 4069 1229 4157 quod
1258 4071 1327 4136 sine
1348 4070 1543 4138 racionabili

118 4195 227 4256 causa,
248 4172 405 4258 legittimo
427 4169 657 4258 impedimento
680 4177 843 4249 cessante,
872 4165 995 4232 nullam
1016 4167 1202 4253 lectionem,
1234 4192 1331 4257 quam
1353 4171 1467 4236 audire
1488 4171 1586 4237 ‹re-eo

116 4271 197 4356 buit,
220 4281 276 4337 aut
296 4271 509 4351 exercicium,
531 4271 566 4334 in
584 4291 646 4356 quo
676 4277 763 4332 stare
792 4264 917 4347 debuit,
949 4266 1107 4352 neglexit,
1139 4291 1159 4333 a
1186 4271 1289 4334 tercia
1324 4268 1462 4336 lectione
1491 4269 1545 4336 vel

117 4371 279 4436 exercicio
301 4370 343 4435 ab
365 4371 556 4457 incepcione
566 4367 725 4434 librorum
734 4363 962 4452 computando,
981 4376 1022 4448 et,
1045 4377 1326 4455 quantumcunque
1336 4372 1451 4455 potuit,
1474 4371 1543 4434 sine

117 4471 192 4538 dolo
227 4479 258 4535 et
291 4467 406 4534 fraude
434 4491 454 4533 a
484 4469 646 4556 principio
676 4487 779 4554 usque
801 4462 960 4530 adfinem
988 4468 1184 4551 permansit,
1214 4489 1274 4532 nec
1296 4467 1356 4532 sub
1378 4491 1443 4534 una
1462 4468 1543 4534 hora

118 4569 202 4636 duas
224 4567 379 4634 lectiones
398 4578 453 4633 aut
474 4567 536 4633 duo
565 4566 729 4631 exercicia
755 4563 876 4631 habuit.
920 4562 1085 4644 Quociens
1117 4577 1224 4632 autem
1255 4569 1451 4633 exercicium
1486 4577 1541 4632 aut

115 4669 289 4734 lectionem
311 4669 381 4732 sive
401 4665 557 4732 lectiones
576 4664 720 4751 neglexit
753 4664 805 4729 vel
833 4686 853 4729 a
881 4663 1044 4750 principio
1073 4687 1175 4752 usque
1197 4664 1240 4731 ad
1262 4665 1360 4733 finem
1382 4689 1448 4732 non
1469 4677 1583 4755 per-35

118 4769 250 4846 mansit,
271 4778 302 4833 et
321 4789 432 4835 omnes
457 4765 537 4832 alios
559 4763 703 4830 defectus
726 4787 801 4830 suos
823 4762 918 4828 debet
937 4764 971 4826 iu
993 4762 1125 4828 scedula
1147 4787 1278 4831 suorum
1302 4777 1441 4850 actuum,
1462 4775 1540 4832 tem-

201 5073 213 5124 1
234 5069 288 5122 Am
307 5067 405 5124 Raude
422 5065 513 5122 rechts
530 5081 585 5118 aaa
602 5063 709 5132 tequam
725 5079 752 5116 u.
773 5061 846 5116 links
862 5069 951 5116 occat.

198 5157 214 5208 2
232 5151 287 5206 Am
304 5151 403 5206 Raude
421 5151 528 5220 topatus
545 5165 605 5202 mem
622 5148 709 5200 tribisa
728 5147 903 5216 aspirantibus.

183 5253 404 5294 §utrumnum
421 5253 479 5288 ΜΒ
495 5249 568 5288 nstv.
586 5249 705 5285 umam.
