3758 6072
247 447 258 465 ”“
364 439 424 504 410
856 441 907 494 ms
925 442 1144 508 permaneus-eus
1160 443 1288 497 rmum

363 619 444 686 duos
466 621 656 708 magistros,
678 625 732 710 qui
752 623 964 706 fideiubeant,
985 635 1021 690 ut
1041 624 1166 690 litteras
1188 627 1368 692 autenticas
1389 625 1475 692 infra
1496 624 1639 692 medium
1666 651 1767 696 annum

367 719 428 786 sub
443 743 548 808 poena
563 724 697 809 periurii
717 723 890 812 disponere
910 726 989 791 velit
1009 734 1066 791 aut
1085 735 1311 813 paupertatem
1331 748 1424 792 auam
1445 727 1608 792 veraciter
1630 727 1766 814 probare;

364 819 417 886 vel
437 843 498 909 per
517 820 643 908 aliquas
672 845 829 910 personas
858 823 1041 910 fidedignas
1069 835 1102 889 et
1131 825 1300 908 honestes,
1330 824 1448 914 quibus
1477 835 1565 891 certe
1594 837 1713 892 constm
1736 828 1767 894 de

366 943 426 986 sua
438 930 639 1009 paupertate,
655 921 715 988 hoc
733 923 849 990 docere
866 933 981 1011 potest
1025 923 1069 988 Et
1090 946 1164 990 oum
1187 924 1287 990 semel
1308 923 1426 1014 aliquis
1446 948 1539 991 suam
1562 937 1767 1014 paupertatem

321 1029 338 1084 5
366 1019 558 1107 probaverit
586 1022 797 1105 sufficienter,
826 1023 1026 1111 peramplius
1055 1023 1098 1088 ad
1127 1046 1199 1089 eam
1234 1023 1438 1111 prebendam
1477 1026 1551 1111 cogi
1584 1049 1648 1092 non
1680 1025 1766 1112 debet,

365 1119 539 1285 dummpdo
569 1120 610 1264 dp
635 1121 696 1188 hoc
725 1146 784 1210 per
812 1120 937 1211 aliquid
970 1134 1118 1190 constare
1150 1126 1287 1212 poterit,
1320 1125 1407 1212 quod
1435 1127 1526 1214 prius
1555 1147 1615 1214 pro
1643 1149 1767 1214 paupere

365 1227 480 1310 reputa
504 1229 587 1286 atur.

694 1397 724 1459 3.
745 1408 961 1458 onacrousn
981 1408 1114 1458 sussss
1135 1408 1269 1458 sersus
1290 1393 1460 1460 rurssurr.²

445 1523 529 1589 Item
568 1532 682 1611 petens
723 1523 909 1591 dilationem
939 1522 1058 1589 bursae
1101 1523 1198 1590 debet
1235 1523 1357 1591 habere
1391 1527 1604 1614 magistrum,
1639 1527 1691 1612 qui
1721 1549 1767 1614 per

323 1629 458 1686 toruum
484 1623 701 1690 iuramentum
729 1625 832 1708 dicat,
854 1623 940 1711 quod
960 1624 1040 1689 velit
1068 1625 1272 1711 irrequisitus
1300 1624 1433 1692 bursam
1455 1626 1544 1692 illam
1567 1625 1690 1692 solvere
1707 1635 1767 1690 ants

360 1719 412 1786 vel
432 1721 468 1785 in
487 1725 624 1790 termino
646 1723 830 1807 dilectoris,
853 1725 880 1790 si
901 1734 1013 1812 petens
1033 1723 1122 1790 illam
1142 1747 1208 1789 non
1228 1724 1369 1792 solverit.

364 1971 571 2062 X.[Bl.171›]
599 1973 780 2058 Statuta,
802 1997 912 2064 quae
928 1997 1063 2041 omnes
1085 1974 1387 2062 promovendos
1408 1972 1677 2062 generaliter
1696 1996 1766 2039 con-

468 2085 655 2157 cernunt,
682 2096 784 2162 quae
812 2097 887 2163 per
912 2075 1114 2140 decanum
1139 2072 1313 2158 legenda
1340 2082 1430 2142 sunt
1450 2075 1491 2139 in
1512 2073 1686 2140 lectione

938 2175 1213 2240 statutorum³

323 2315 353 2371 15
1061 2315 1086 2374 1.

445 2441 566 2506 Parum
581 2440 716 2528 prodest
737 2449 861 2507 statuta
882 2442 934 2506 vel
954 2443 1026 2508 iura
1047 2439 1196 2523 condere,
1217 2439 1280 2504 nisi
1302 2437 1491 2502 execucioni
1511 2436 1641 2503 debitae
1658 2437 1768 2502 deman-

365 2541 490 2606 dentur.
532 2539 570 2605 Id
602 2541 705 2622 circo,
732 2563 772 2605 ne
808 2543 880 2628 quis
912 2565 971 2629 per
1005 2541 1228 2629 ignoranoiam
1260 2548 1453 2604 statutorum
1486 2536 1597 2622 aliquo
1632 2537 1720 2602 modo
1744 2559 1769 2599 se

365 2640 486 2706 valeatt
507 2662 681 2721 excusare,
704 2638 847 2706 decanus
869 2664 929 2729 pro
947 2651 1092 2729 tempore
1114 2643 1257 2705 existens
1277 2639 1329 2704 bis
1350 2640 1384 2703 in
1407 2635 1568 2702 decanatu
1590 2661 1648 2702 suo
1669 2647 1770 2702 statuta

366 2740 560 2826 subscripta,
582 2738 746 2803 facultatis
769 2741 891 2805 arcium
914 2743 1084 2827 supposita
1107 2739 1351 2820 concernencia,
1374 2736 1434 2802 sub
1456 2759 1564 2824 poena
1584 2737 1681 2802 trium
1694 2735 1769 2801 flore

324 2849 499 2919 tonorum,
522 2838 668 2904 facultati
691 2842 815 2906 arcium
839 2839 1108 2906 irremissibiliter
1134 2838 1439 2928 persolvendorum,
1468 2845 1597 2901 tenetur
1623 2835 1769 2924 publicare

365 2949 398 3004 et
412 2937 619 3004 excedentem
634 2939 686 3002 vel
708 2939 901 3006 excedentes
924 2949 1036 3006 contra
1056 2941 1129 3028 ipsa
1152 2949 1282 3021 statuta,
1303 2937 1344 3003 de
1365 2960 1428 3026 quo
1449 2935 1502 3002 vel
1524 2935 1565 3000 de
1588 2935 1700 3021 quibus
1720 2933 1769 3000 sibi

365 3047 508 3120 constat,
539 3037 599 3103 sub
624 3039 805 3104 iuramento
834 3063 891 3106 suo
915 3040 1046 3106 realiter
1074 3037 1251 3104 secundum
1276 3049 1420 3104 tenorem
1447 3045 1641 3102 statutorum
1663 3035 1768 3123 punire.

367 3139 405 3204 In
425 3161 488 3226 quo
509 3139 612 3204 eciam
633 3137 770 3204 facultas
792 3140 916 3204 arcium
939 3138 1002 3206 sibi
1022 3139 1176 3204 assistere
1197 3147 1324 3204 tenetur
1346 3159 1420 3203 cum
1441 3135 1566 3201 effectu

632 3344 661 3405 2.
688 3356 782 3405 meru
803 3357 973 3406 auersum
993 3357 1062 3405 ruo
1085 3355 1204 3406 snrnu
1226 3353 1518 3405 ssccsnnxmrus.

320 3465 354 3522 25
988 3476 1049 3539 Vgl.
1068 3475 1142 3540 VIII,
1161 3475 1184 3528 1.

447 3591 529 3656 Item
556 3590 632 3655 libri
656 3590 700 3655 ad
726 3589 865 3676 gradum
894 3588 1133 3656 baccalariatus
1163 3600 1238 3656 sunt
1266 3589 1336 3653 isti:
1367 3585 1515 3652 Petrus
1543 3585 1577 3652 H
1585 3605 1771 3675 yspanus‚

266 3681 269 3686 ¹
365 3691 608 3756 Priscianus
635 3690 779 3770 minor,
807 3699 927 3754 vetus
957 3712 1039 3771 ars,
1075 3691 1271 3776 priorum,
1300 3686 1600 3775 posteriorum,
1627 3685 1770 3751 eloneo·

364 3813 465 3872 rum,
487 3789 763 3877 phisicorum,
786 3789 833 3854 de
854 3791 1004 3871 anima,
1028 3811 1148 3876 spera
1170 3785 1424 3870 materialis,
1446 3785 1632 3852 Donatus
1653 3785 1770 3860 minor,

366 3886 545 3954 secunda
575 3911 672 3975 pars
697 3886 750 3953 vel
777 3887 979 3972 Florista,
1008 3887 1272 3974 Algorismus
1300 3897 1332 3952 et
1360 3895 1588 3972 computus,
1610 3896 1642 3951 et
1672 3881 1771 3969 aliquis

324 3987 450 4054 3ttliber
469 3989 510 4051 in
531 3986 752 4053 rethorica.

694 4179 724 4240 3.
746 4189 793 4237 ou
815 4187 1010 4239 uxsncwus
1031 4189 1101 4237 eso
1124 4187 1242 4237 essue
1263 4185 1463 4235 sunmuurs.

976 4307 1127 4372 vgl.vr11,
1148 4307 1172 4358 2.

449 4426 531 4492 Item
566 4424 671 4491 nullus
708 4423 805 4488 debet
835 4421 963 4488 admitti
993 4421 1037 4487 ad
1064 4443 1202 4486 examen
1229 4419 1468 4486 baccalariatus
1496 4421 1531 4483 in
1556 4417 1696 4498 artibus,
1721 4411 1772 4476 nisi

368 4528 460 4615 prius
484 4528 608 4590 steterit
631 4525 664 4588 in
686 4523 855 4588 exerciciis
876 4521 910 4586 in
930 4522 1016 4586 bunc
1037 4519 1185 4585 modum:
1214 4517 1313 4585 semel
1335 4521 1369 4583 in
1395 4519 1508 4608 parvis
1534 4515 1710 4604 loycalibus
1727 4509 1770 4576 ad·

325 4628 490 4708 ³5minus,
512 4623 610 4690 semel
630 4625 665 4688 in
687 4622 884 4710 sophistria,
906 4621 1012 4688 bisin
1034 4621 1137 4686 veteri
1163 4631 1251 4702 arte,
1274 4619 1374 4686 semel
1393 4620 1429 4684 in
1448 4639 1537 4683 nova
1562 4616 1670 4704 loyca,
1690 4607 1771 4679 semel

458 4897 470 4948 1
489 4887 676 4949 Geschrieben
694 4885 768 4942 steht
783 4887 963 4958 repraebetur.

453 4981 469 5032 2
487 4975 593 5030 iurabit
615 4973 652 5027 ist
668 4970 793 5028 offenbar
810 4969 908 5026 falech.

453 5066 469 5116 3
487 5060 541 5116 Am
554 5057 641 5114 obern
658 5057 756 5112 Raude
773 5055 809 5110 ist
826 5053 1025 5126 hiusugafdgt:
1046 5053 1176 5108 Decuma
1193 5055 1349 5124 retempto
1365 5059 1468 5108 statuo
1487 5051 1634 5123 publicu-r
1649 5057 1675 5108 ό
1694 5049 1768 5118 lem

368 5153 470 5202 saeuo
485 5145 516 5198 io
534 5143 649 5200 lactem
666 5141 874 5198 ordinariorum
889 5137 1119 5210 dispunctorem
