3762 6072
312 479 373 542 560
822 471 871 527 Die
890 477 1073 542 theologische
1091 473 1217 529 aecum.

310 657 471 738 finiverat,
494 655 528 720 in
550 653 625 720 aula
646 657 845 742 respondere
867 667 1025 742 teneatur,
1047 667 1121 724 actu
1142 681 1220 724 vero
1241 657 1352 745 legens
1373 659 1579 747 invesperiis
1600 679 1737 748 respon·

312 757 388 821 dere
408 764 566 821 teneatur.
672 756 679 771 '

396 855 477 920 Item
500 853 685 920 conclusum
706 856 767 920 fuit
787 855 927 940 ibidem,
951 854 1039 941 quod
1061 854 1101 920 de
1124 865 1230 921 cetero
1252 858 1495 923 reservaeiones
1517 858 1664 924 locorum
1685 881 1736 922 re-

311 956 512 1042 stringantur
535 964 668 1040 propter
689 953 908 1020 involucioncs
931 965 962 1019 et
984 957 1209 1020 contenciones
1237 977 1296 1041 pro
1326 955 1448 1021 eisdem
1469 957 1573 1023 factas
1596 968 1629 1021 et
1650 959 1736 1021 veri-

267 1065 284 1118 5
312 1051 459 1118 similiter
477 1051 602 1118 fiendas
624 1053 823 1140 temporibus
846 1055 1020 1120 affuturas

354 1225 401 1287 35.
430 1237 476 1282 us
499 1235 674 1285 uouscms
695 1238 835 1286 onnuus
857 1237 1131 1300 cvsrsucmusm,
1153 1235 1224 1284 uos
1246 1236 1440 1303 usosmms,
1461 1237 1684 1288 vouasrmus

764 1337 800 1384 ιιι
822 1336 1022 1384 rusonoom
1043 1319 1272 1384 ιιιοιιοιιειιι.2

391 1451 487 1515 Anno
509 1448 629 1516 domini
654 1457 732 1519 1465
754 1461 869 1516 octavo
893 1451 945 1516 die
965 1451 1137 1517 Februarii
1157 1447 1202 1536 (d.
1217 1453 1245 1516 8.
1260 1451 1414 1538 Fetraor)
1435 1453 1470 1516 in
1491 1451 1637 1538 generali
1659 1473 1733 1517 con-

311 1552 483 1616 vocacione
512 1553 741 1636 magistrorum
770 1550 952 1636 theologiae
980 1548 1164 1638 specialiter
1199 1548 1240 1614 ad
1275 1548 1337 1614 hoc
1363 1550 1450 1614 facta
1483 1561 1638 1616 statutum
1671 1551 1733 1615 tiiit

270 1661 300 1716 10
310 1649 513 1714 concorditer
529 1663 559 1714 et
574 1650 769 1732 conclusum,
790 1649 877 1738 quod
890 1650 992 1716 frater
1006 1649 1129 1714 ordinis
1145 1649 1392 1736 Cysterciensis,
1412 1671 1477 1714 non
1487 1651 1654 1736 magister,
1677 1653 1732 1738 qui

309 1751 343 1814 in
364 1748 453 1830 loce,
479 1772 538 1835 per
566 1761 677 1835 patres
706 1747 829 1813 ordinis
858 1771 918 1836 pro
945 1747 1146 1814 studentibus
1170 1748 1340 1834 deputato,
1366 1769 1426 1834 per
1447 1771 1565 1814 anuum
1586 1771 1661 1814 cum
1684 1749 1732 1814 di·

318 1847 417 1912 midio
439 1847 598 1914 lecciones
621 1859 652 1912 et
673 1849 844 1931 exercicia,
866 1847 1003 1934 gradum
1025 1846 1262 1912 baccalariatus
1284 1848 1317 1910 in
1339 1847 1463 1912 artibus
1485 1845 1572 1935 [19¹²]
1601 1870 1732 1913 concer-

316 1957 438 2030 nentes,
462 1947 634 2033 diligenter
656 1947 796 2030 audivit,
818 1949 909 2012 iuxta
928 1969 1050 2014 morem
1073 1955 1105 2011 et
1126 1946 1363 2011 institucionem
1386 1957 1515 2034 patrum
1537 1945 1679 2030 ordinis,
1700 1950 1733 2012 in

309 2047 381 2113 aliia
407 2045 677 2112 universitatibus
705 2045 833 2112 solitum
864 2046 1050 2128 observari,
1078 2045 1240 2132 semelque
1268 2044 1311 2110 ad
1338 2047 1445 2110 minus
1473 2047 1506 2111 in
1534 2045 1729 2132 logicalibus

269 2146 477 2234 ltrespondit
497 2144 696 2232 praesidenti
723 2155 754 2210 et
782 2143 855 2210 aliis
884 2145 1126 2234 quibuscunque
1154 2145 1318 2230 magistris
1345 2145 1498 2210 adhunc
1525 2157 1633 2210 actum
1656 2166 1754 2210 con·-

310 2245 503 2328 lluentibus,
524 2268 583 2333 per
606 2245 703 2310 olium
726 2267 845 2310 annum
869 2269 942 2312 cum
972 2243 1104 2310 dimidio
1134 2245 1236 2310 eciam
1258 2243 1403 2310 studiose
1424 2243 1549 2309 audivit
1568 2245 1728 2310 lecciones

315 2357 347 2411 et
367 2345 543 2426 exercicia,
566 2344 704 2430 gradum
728 2345 910 2430 magisterii
930 2348 964 2410 in
987 2342 1111 2412 artibus
1124 2355 1363 2426 concernentes,
1374 2355 1406 2409 et
1427 2343 1575 2409 similiter
1596 2366 1727 2432 respon·

311 2447 360 2511 dit
374 2448 408 2509 in
424 2443 631 2532 philosophia
645 2443 740 2508 modo
758 2467 820 2529 quo
845 2467 953 2530 supra,
975 2455 1007 2508 et
1025 2455 1257 2530 consequenter
1278 2465 1336 2530 per
1358 2441 1533 2528 biennium,
1555 2443 1727 2532 diligenter

307 2543 494 2610 intendens³
515 2541 712 2608 leccionibus
737 2555 768 2608 et
797 2543 922 2609 actibus
943 2541 1142 2628 theologicis,
1165 2541 1290 2606 audivit
1312 2541 1469 2625 doctores,
1492 2545 1724 2608 sentenciarios

265 2655 545 2728 iocursoremque,
567 2643 686 2726 poterit
700 2665 759 2728 per
778 2645 978 2728 provisorem
1002 2641 1100 2706 studii
1122 2640 1220 2706 alicui
1243 2640 1411 2706 doctorum
1431 2641 1613 2728 theologiae
1635 2665 1726 2729 prae·

309 2743 438 2824 sentari,
461 2743 516 2827 qui
533 2739 637 2804 cidem
653 2742 747 2804 fratri
762 2764 859 2806 unam
875 2743 1093 2828 quaestionem
1115 2743 1149 2806 in
1169 2740 1332 2828 theologia
1353 2740 1543 2828 assignabit,
1566 2741 1609 2808 ad
1631 2765 1726 2827 quam

310 2846 343 2909 in
363 2841 502 2906 lectorio
525 2837 746 2926 theologorum
779 2838 907 2926 publice
926 2839 1123 2928 respondere
1150 2839 1328 2924 tenebitur-3
1359 2852 1392 2906 et
1420 2843 1467 2906 sic
1499 2839 1586 2907 idem
1614 2841 1727 2906 doctor

309 2940 449 3008 eundum
469 2939 613 3020 bahem,
635 2939 841 3004 considerata
863 2941 931 3004 eius
954 2939 1144 3022 idoneitate,
1166 2939 1367 3006 moresolito
1389 2950 1421 3004 et
1440 2949 1585 3028 tempore
1608 2949 1727 3005 statuto

309 3049 519 3130 praesentare
541 3043 661 3123 poterit
681 3036 880 3124 theologicae
901 3039 1056 3122 facultati,
1080 3050 1111 3104 et
1132 3037 1175 3103 ad
1197 3061 1328 3104 cursum
1350 3049 1542 3105 assumatur.
1587 3039 1654 3122 Qui
1675 3039 1727 3104 de

265 3143 420 3226 25inceps
442 3148 478 3203 ut
498 3135 554 3202 alii
576 3135 752 3203 baccalarii
774 3136 936 3204 subiectus
957 3139 1018 3203 erit
1039 3139 1168 3204 statutis
1190 3139 1389 3225 theologicae
1409 3139 1582 3206 facultatis.

389 3343 439 3406 36.
463 3333 610 3425 [Bl.20⁸]
632 3335 726 3402 Anno
749 3335 870 3403 domini
887 3343 967 3404 1466
989 3336 1041 3402 die
1061 3339 1154 3404 tertio
1177 3339 1295 3404 mensis
1315 3337 1468 3404 Octobris
1490 3341 1531 3421 (d.
1544 3345 1574 3406 3.
1588 3343 1727 3418 October)

306 3442 339 3506 in
361 3436 506 3526 generali
535 3437 769 3502 convocacionc
799 3437 1028 3520 magistrorum
1059 3436 1239 3524 theologiae
1271 3437 1454 3524 specialiter
1482 3437 1526 3503 ad
1553 3437 1615 3504 hoc
1640 3439 1729 3504 facta

306 3538 492 3607 conclusum
506 3537 566 3602 fuit
582 3534 796 3618 concorditer,
818 3534 906 3600 nullo
925 3533 1174 3618 contradicente,
1196 3536 1281 3622 quod
1302 3538 1337 3602 in
1358 3547 1454 3604 antea
1475 3537 1611 3623 singulis
1633 3539 1728 3603 annis

307 3663 366 3727 per
389 3637 536 3703 doctores
558 3634 741 3720 theologiae
760 3634 831 3698 lieri
853 3633 992 3698 debeant
1019 3645 1090 3699 octo
1118 3636 1357 3722 disputacionss
1378 3637 1564 3702 ordinariae
1584 3639 1619 3704 in
1639 3638 1726 3702 theo·

264 3739 405 3823 tolegia,
428 3737 534 3822 prima
556 3735 644 3799 circa
670 3736 787 3799 festum
806 3731 975 3798 Michaelis
997 3737 1040 3810 (d.
1064 3739 1112 3800 29.
1124 3739 1316 3818 September),
1339 3736 1481 3802 secimda
1502 3738 1589 3802 circa
1610 3736 1726 3802 festum

305 3837 447 3903 omnium
468 3843 655 3898 sanctorum
677 3838 720 3912 (d
747 3841 770 3900 l.
790 3837 982 3915 November),
1011 3835 1108 3898 tertia
1136 3837 1224 3899 circa
1245 3835 1361 3900 festum
1381 3838 1486 3900 sancti
1506 3835 1660 3902 Andreae
1682 3841 1725 3915 (d.

304 3942 354 4002 30.
375 3937 564 4014 November),
587 3943 703 4017 quarta
725 3933 812 3996 circa
833 3933 951 3996 festum
971 3934 1191 3998 conversionis
1214 3937 1316 3999 sancti
1337 3935 1430 4002 Pauli
1452 3933 1497 4019 (d.
1516 3933 1724 4020 assumar)

306 4035 420 4121 quinta
446 4042 522 4118 post
548 4031 741 4097 dominicam
770 4031 956 4114 Invocavit,
984 4041 1079 4096 sexta
1106 4043 1182 4119 post
1210 4031 1404 4099 dominicam
1431 4034 1560 4118 ludica,
1587 4037 1726 4122 septima

306 4135 394 4198 circa
407 4131 523 4195 festum
536 4133 733 4196 ascensionis
751 4142 782 4218 et
800 4141 917 4196 octava
938 4133 1025 4197 circa
1042 4131 1159 4196 festum
1174 4133 1305 4198 Ioannis
1325 4133 1489 4220 baptistae
1510 4140 1553 4213 (d.
1564 4133 1724 4221 teme).

263 4231 358 4321 tilla
377 4232 519 4296 futurum
546 4235 581 4297 12
601 4231 785 4296 ordinariae
809 4229 1049 4318 disputacionss
1072 4230 1283 4318 ϊιιιιιιιιιιῑιιι]4
1325 4233 1405 4298 ltem
1425 4233 1558 4320 placuit,
1581 4234 1670 4322 quod
1690 4237 1723 4298 in

304 4342 401 4400 antea
430 4329 565 4414 singulis
597 4333 691 4396 annis
724 4330 900 4396 baccalarii
931 4329 1113 4416 theologiae
1144 4341 1192 4395 ter
1223 4353 1282 4417 per
1315 4333 1515 4398 caniculares
1547 4334 1722 4422 disputent,

306 4435 411 4521 primo
435 4430 523 4494 circa
544 4431 661 4494 festum
680 4429 792 4496 Iacobi
815 4437 857 4508 (d.
880 4437 929 4497 ⁶25.
950 4434 1043 4511 Jutr),
1076 4430 1216 4496 secundo
1239 4431 1326 4494 cirea
1347 4430 1464 4496 festum
1487 4436 1723 4522 assumpcionis

305 4531 349 4620 (d.
374 4538 419 4597 15.
450 4533 578 4610 August)
607 4539 638 4594 et
664 4532 764 4596 tercio
791 4531 879 4594 circa
905 4531 1023 4594 festum
1052 4531 1232 4594 nativitatis
1259 4529 1385 4596 Mariae
1415 4537 1458 4608 (d.
1480 4537 1508 4600 8.
1530 4536 1722 4612 Septeuter).

303 4632 347 4696 Et
370 4631 538 4718 quoniam,
559 4650 642 4716 quae
664 4629 813 4696 ordinata
836 4639 924 4711 sunt,
945 4629 1141 4695 fructuosius
1160 4631 1335 4696 memoriae
1357 4630 1634 4716 commendantur,
1654 4631 1721 4720 pla·

389 4819 400 4869 l
422 4811 609 4870 Gesohrieben
626 4809 700 4866 steht
716 4811 854 4884 offuturis.

387 4902 403 4952 2
419 4896 509 4952 Hiero
521 4897 565 4952 die
575 4895 841 4965 Randbemerkung:
851 4895 918 4948 Non
927 4893 1086 4964 reqirr'ritar,
1096 4904 1126 4950 at
1135 4897 1265 4966 mopister
1270 4895 1465 4966 theoluyioeait
1473 4898 1604 4967 magester
1610 4899 1719 4952 masaa

386 4987 401 5038 3
421 4981 606 5038 Geschrieben
625 4978 698 5034 steht
714 4979 842 5034 intendes.

385 5071 401 5119 4
422 5065 489 5120 Hier
507 5065 614 5120 seheint
631 5063 691 5119 eiua
710 5067 802 5134 spater
819 5061 1042 5134 nachgetregene
1061 5057 1312 5138 Randbemsrkung
1329 5064 1374 5122 bei
1392 5067 1441 5122 der
1458 5065 1604 5122 Abschrilt
1621 5065 1650 5121 iu
1666 5067 1718 5122 den

302 5147 420 5204 context
436 5148 570 5222 gerathen
587 5165 621 5203 nu
639 5148 705 5202 sein.
741 5147 804 5218 Vgl.
824 5151 909 5201 unten
929 5153 953 5214 ξ.
972 5153 1013 5206 ⁵1.
