3768 6072
892 469 947 517 Das
967 465 1056 517 hlaine
1074 465 1178 530 colleg.

679 677 739 768 [Bl.
766 677 836 770 12¹³]
859 699 1059 747 mrsmaon
1082 697 1253 746 santonus
1274 695 1401 744 nnsoa

411 813 529 900 Georg‘
542 837 628 882 vonn
653 825 726 900 gots
745 814 875 899 gnaden
895 815 1036 900 hercnog
1055 837 1123 878 now
1144 812 1299 896 Sachsen,
1326 810 1506 900 landtgraff
1522 814 1562 902 jn
1581 811 1751 898 Doringen

328 913 417 980 vnnd
436 913 618 1002 marggraff
637 935 697 978 acu
718 912 898 978 Meissenn:

410 1031 581 1096 Vnnsernn
596 1053 673 1115 grus
687 1051 815 1095 aouuor.
834 1029 1030 1116 Wirdigenn
1044 1028 1307 1115 hochgelarthen,
1327 1027 1433 1094 liebcn
1448 1027 1676 1114 andechtigcn,
1695 1031 1752 1094 wir

287 1143 303 1196 5
328 1129 436 1196 haben
463 1152 528 1195 cwr
551 1127 720 1194 schreiben
747 1127 950 1214 belangende
974 1129 1031 1193 des
1054 1128 1306 1215 hochgclarthen
1332 1126 1414 1193 horn
1436 1126 1639 1214 Wolffgangi
1659 1127 1752 1192 Bliclr

328 1230 470 1295 doctoris
490 1229 678 1314 collegiatur
700 1227 779 1292 alles
800 1227 920 1294 inhalts
941 1228 1118 1310 vorlessen,
1144 1228 1234 1294 vnnd
1259 1227 1419 1294 nochdcm
1439 1229 1499 1292 wir
1519 1227 1612 1292 nicht
1634 1228 1751 1294 andero

326 1333 452 1410 wisscn,
479 1328 543 1393 dan
571 1327 630 1392 das
658 1327 726 1394 sich
755 1327 857 1392 durch
887 1327 1043 1414 gedaohts
1072 1327 1203 1393 doctors
1231 1325 1337 1392 chlich
1364 1326 1521 1412 boylager
1548 1329 1753 1412 angetneigte

327 1429 518 1514 collegiatnr
540 1426 731 1512 vorlediget,
758 1425 865 1492 lassen
891 1429 949 1492 wir
970 1450 1030 1492 vns
1059 1426 1231 1513 gefallenn,
1260 1425 1320 1492 das
1347 1449 1388 1512 yr
1416 1427 1510 1492 einen
1540 1425 1684 1492 anderen
1713 1449 1753 1492 an

328 1549 427 1615 seyne
447 1527 535 1592 stadt
555 1526 706 1592 erwehlct
726 1537 786 1592 etc.

287 1641 318 1696 10
452 1627 527 1692 Den
548 1625 715 1712 wirdigen,
735 1623 974 1710 hochgelarten,
987 1647 1126 1690 vnseren
1145 1625 1251 1690 lieben
1273 1623 1488 1711 andechtigen
1510 1625 1629 1692 herren
1650 1627 1749 1710 magi·

494 1729 570 1792 stris
599 1724 666 1790 vnd
697 1723 884 1790 doctoribus
912 1746 1027 1788 vnsers
1059 1723 1246 1789 furstlichen
1277 1721 1404 1810 collegii
1433 1723 1492 1789 der
1520 1725 1713 1790 uniuersitet

996 1845 1057 1888 acu
1073 1823 1232 1911 Leipczls.

410 2284 549 2355 Hieratis
559 2282 640 2357 solqt
667 2278 715 2336 ein
736 2277 830 2336 leores
849 2279 935 2335 Blctt
958 2271 1028 2360 (13)
1051 2279 1114 2335 ond
1134 2279 1217 2336 (1411111
1238 2277 1355 2354 depluat
1377 2276 1425 2334 die
1445 2276 1544 2334 :write
1565 2277 1748 2354 Abdalony,
1796 2255 1799 2262 ¹

326 2386 434 2442 wieder
456 2401 513 2440 ooo
532 2382 600 2440 Jolt.
621 2377 720 2438 Fabri
741 2377 835 2435 selber
855 2377 1053 2452 yssolriebeo.

289 2559 318 2612 15
412 2543 473 2632 [Β1.
487 2541 556 2628 14“]
576 2541 705 2606 Statuta
726 2547 1011 2603 conventorem
1033 2547 1072 2601 et
1091 2539 1306 2624 supposita
1326 2559 1482 2624 praesens
1502 2537 1673 2624 collegium
1695 2541 1749 2603 im-

328 2655 491 2710 morantes
515 2640 740 2707 concernentia
766 2647 798 2702 et
829 2660 887 2724 per
912 2637 1134 2723 praepositum
1158 2637 1300 2701 eiusdem
1324 2637 1449 2723 collegii
1473 2645 1622 2724 tempore
1644 2640 1748 2724 incep-

326 2745 423 2810 tionis
444 2743 604 2808 serotinae
626 2739 856 2826 disputationis
878 2734 1062 2820 legenda
1083 2745 1115 2799 ct
1135 2734 1397 2822 publicanda.

736 2870 870 2920 PRIMUM
890 2869 1046 2917 RESPlClT
1066 2869 1334 2918 CONVENTOREM.

413 2983 438 3042 l.
467 2976 593 3056 Placet,
621 2971 707 3060 quod
734 2980 911 3036 conventos
932 2993 993 3056 pro
1019 2979 1166 3057 tempore
1188 2971 1331 3034 existens
1355 2971 1528 3034 serotinam
1556 2969 1750 3058 disputacio·

284 3089 400 3146 20nem
422 3076 612 3163 aliquotiens
634 3075 666 3136 in
689 3071 870 3157 septimana
890 3071 987 3133 intret
1009 3079 1040 3134 et
1063 3069 1235 3154 diligenter
1257 3069 1428 3155 respiciat,
1457 3067 1607 3154 quodque
1631 3069 1748 3134 nullum

327 3177 369 3242 ad
389 3174 560 3262 collegium
583 3172 720 3258 recipiat
741 3169 793 3234 vel
814 3167 910 3233 alicui
936 3180 993 3232 aut
1022 3167 1185 3255 aliquibus
1207 3167 1374 3232 comodum
1404 3166 1536 3255 aliquod
1562 3166 1664 3253 locet,
1691 3171 1751 3233 nisi

327 3279 418 3366 prius
443 3275 509 3361 ipsi
531 3295 649 3338 nomon
677 3292 768 3334 suum
797 3291 871 3333 cum
900 3268 973 3334 aliis
1002 3289 1109 3333 sacrun
1138 3268 1299 3332 stantibus
1321 3265 1372 3331 vel
1401 3277 1487 3332 stare
1508 3267 1693 3333 volentibus
1719 3271 1750 3332 in

326 3377 456 3464 scriptis
478 3373 604 3439 dederit
631 3371 726 3456 eique
753 3369 954 3456 promiserit,
983 3366 1070 3455 quod
1098 3389 1132 3430 se
1153 3367 1286 3432 honeste
1307 3388 1419 3452 regere
1442 3377 1487 3448 ct,
1502 3367 1543 3430 ·si
1565 3390 1640 3432 eum
1662 3389 1750 3433 exce·

325 3479 402 3543 <lere
424 3473 605 3558 contigerit,
627 3472 661 3534 in
682 3468 856 3534 dictamine
877 3470 981 3554 ipsius
1003 3465 1131 3551 collegii
1154 3477 1241 3532 stare
1261 3465 1347 3530 velit.

283 3623 316 3680 25
407 3616 436 3676 2
468 3607 548 3672 Item
570 3602 675 3668 nullus
697 3600 741 3666 ad
767 3599 935 3666 comodum
959 3623 1052 3664 suum
1074 3599 1257 3664 introducat
1283 3598 1335 3663 vel
1364 3597 1525 3664 introduci
1555 3601 1658 3665 faciat
1684 3602 1749 3665 sive

326 3713 366 3776 de
387 3709 440 3774 dic
461 3708 530 3771 sive
552 3703 593 3767 dc
613 3711 708 3766 nocte
730 3697 896 3764 mulierem
918 3697 968 3764 vel
997 3697 1147 3763 mulieres
1174 3699 1215 3764 dc
1242 3698 1373 3786 publica
1400 3699 1613 3765 fornicatione
1642 3723 1749 3788 suspe-

326 3823 411 3877 ctam
439 3805 491 3870 vel
521 3811 705 3888 suspectas,
735 3795 821 3886 [llll
853 3797 911 3862 sub
940 3821 1046 3884 poena
1073 3799 1168 3863 unius
1198 3797 1321 3864 floreni.
1362 3797 1407 3862 Et
1436 3800 1463 3862 si
1492 3799 1685 3864 secundario
1714 3800 1751 3864 dc

324 3911 385 3976 hoc
406 3905 571 3972 confessus
592 3899 643 3964 vel
664 3901 830 3964 convictus
853 3899 965 3981 fucrit,
994 3896 1049 3962 det
1071 3897 1221 3985 duplum3
1244 3899 1271 3962 si
1296 3900 1401 3980 tertio,
1423 3900 1457 3962 in
1477 3898 1575 3985 triplo
1597 3901 1749 3986 puniatur

326 4021 359 4075 et
379 4008 420 4072 de
440 4001 576 4086 collegio
597 3997 789 4086 expellatur.
821 3996 857 4062 Si
879 3998 950 4082 quis
973 4020 1049 4062 vero
1072 4020 1145 4062 cum
1165 3997 1223 4062 tali
1243 3997 1293 4061 vel
1315 3997 1433 4062 talibus
1456 3997 1577 4062 sederit
1598 4009 1655 4064 aut
1677 4023 1746 4065 con·

285 4105 527 4178 coversationes
550 4123 622 4166 oum
644 4097 767 4164 eisdem
788 4099 821 4161 in
844 4096 978 4182 collegio
1006 4095 1172 4178 habuerit,
1200 4095 1307 4162 solvat
1333 4097 1475 4162 medium
1505 4097 1666 4164 florenum
1693 4121 1750 4187 pro

325 4227 440 4297 poena.
482 4201 546 4282 Qui
568 4209 675 4266 autem
696 4195 777 4262 tales
804 4219 961 4282 personas
989 4195 1159 4282 collegium
1186 4205 1430 4282 praetereuntes
1450 4196 1678 4264 affisudaverit
1699 4209 1751 4264 aut

326 4307 419 4376 aliter
441 4299 668 4368 subsannando
690 4295 929 4378 inclamaverit,
958 4297 1027 4360 sive
1049 4298 1145 4360 etiam
1166 4295 1288 4362 beanos
1312 4296 1482 4382 collegium
1503 4296 1663 4363 intrantes
1684 4297 1749 4386 pnl-

325 4403 458 4472 veribus
479 4401 531 4467 vel
558 4399 631 4466 aliis
658 4397 755 4464 rebus
776 4395 949 4482 proiecerit
974 4405 1032 4460 aut
1052 4395 1133 4472 alias
1155 4395 1369 4482 corporaliter
1389 4395 1620 4480 molestaverit,
1648 4396 1750 4463 solvat

325 4515 463 4596 quatuor
484 4523 614 4588 grossos
637 4521 696 4586 pro
718 4517 831 4584 poena.

285 4651 319 4708 ³5
411 4643 439 4704 3.
469 4635 549 4702 Item
571 4631 678 4698 nullus
703 4630 743 4699 dc
771 4629 823 4694 die
852 4627 894 4693 ad
918 4625 1085 4713 publicum
1113 4630 1284 4694 transitmn
1312 4639 1387 4695 ante
1414 4627 1585 4717 collegium
1615 4631 1685 4696 sive
1710 4627 1749 4694 ad

328 4740 452 4805 curiam
474 4733 602 4820 collegii
624 4754 741 4820 aquam
759 4727 810 4794 vel
831 4729 958 4792 urinam
979 4726 1139 4811 effimdat,
1163 4751 1222 4794 noo
1244 4729 1379 4796 eandem
1403 4729 1492 4794 circa
1513 4729 1679 4796 cellarium
1700 4729 1747 4794 vcl

327 4840 406 4906 alibi
428 4833 612 4922 mingend0,
638 4828 879 4898 stercorizando
901 4825 1060 4908 defoedet,
1081 4851 1184 4916 neque
1208 4827 1288 4894 ollas
1309 4828 1452 4894 urinales
1474 4831 1508 4894 in
1529 4829 1670 4896 dedecus
1690 4829 1747 4894 col·

327 4939 403 5026 legii
423 4936 465 5002 ab
488 4943 582 5000 extra
603 4929 778 5018 appendat,
797 4925 857 4992 sub
879 4949 985 5014 poena
1005 4927 1146 5014 quinque
1166 4950 1363 5014 grossorum.

407 5045 437 5104 4.
467 5036 549 5102 Item
570 5031 678 5098 nullus
698 5029 787 5096 lobia
812 5025 967 5110 studoria,
997 5048 1087 5092 seras
1116 5038 1172 5094 aut
1200 5051 1410 5118 quaeeunque
1431 5027 1497 5094 alia
1519 5030 1623 5095 clavis
1652 5029 1747 5096 affixa

283 5139 397 5230 tosine
419 5131 677 5224 oon[15⁸]sensu
698 5129 825 5214 collegii
849 5127 1007 5214 deponat,
1035 5149 1095 5192 nec
1114 5129 1262 5194 fenestris
1284 5131 1378 5196 novis
1399 5139 1456 5196 aut
1476 5129 1590 5196 ortulis
1610 5132 1745 5218 parietes
