3748 6070
511 535 606 588 zvara
625 537 892 602 salernetanus,
912 551 965 588 von
988 533 1163 590 raas-nes.
1335 517 1337 521 ’
1488 542 1548 606 337

125 719 311 787 rationabili
332 741 430 784 eausa
449 719 546 784 fuerit
565 717 783 807 praepeditus,
804 718 845 784 de
866 741 931 806 qua
953 721 1065 802 eciam,
1084 721 1111 784 si
1132 742 1214 806 opus
1235 721 1341 804 fixerit,
1363 721 1548 787 facultatem

125 822 252 886 arcium
272 843 333 906 per
353 827 451 884 testes
473 830 505 883 et
526 817 607 884 alias
629 818 785 904 legittime
804 818 1000 901 informabit,
1023 818 1159 905 singulis
1175 818 1453 906 disputacionibus
1466 819 1550 887 ordi·

123 921 238 1004 uariis,
268 928 342 1006 post
362 917 613 1004 complecionem
634 941 711 984 vero
732 917 855 983 biennii
877 919 938 1001 sui,
966 919 1030 982 nisi
1052 917 1211 984 decimum
1234 941 1352 983 annum
1376 921 1427 984 sui
1449 922 1550 1005 magi·

125 1021 216 1085 sterii
244 1021 279 1083 in
306 1017 411 1083 studio
433 1018 593 1083 manendo
614 1015 838 1104 compleverit,
867 1016 1034 1082 alternatis
1055 1017 1183 1083 vicibus
1208 1019 1336 1083 intersit
1363 1030 1395 1084 et
1422 1029 1550 1106 arguat,

124 1121 151 1184 si
173 1117 291 1184 saltem
311 1117 417 1182 locum
438 1117 596 1203 arguendi
618 1117 738 1182 habere
759 1117 892 1204 poterit,
921 1117 981 1181 sub
1003 1139 1108 1204 poena
1135 1123 1147 1182 1
1174 1120 1280 1202 grossi
1302 1120 1388 1201 novi,
1416 1120 1549 1202 tociens,
1576 1127 1592 1182 5

125 1219 280 1306 quociens
302 1217 371 1280 sine
399 1237 499 1281 causa
526 1215 713 1282 rationabili
741 1215 931 1302 neglexerit,
958 1215 1105 1282 facultati
1133 1219 1255 1282 arcium
1283 1218 1552 1284 irremissibiliter

125 1314 342 1406 persolvendi
384 1313 420 1380 Si
441 1337 519 1381 vero
541 1326 682 1403 quatuor
703 1315 878 1381 inmediate
898 1337 932 1380 se
953 1325 1122 1402 sequentes
1146 1319 1213 1382 sine
1236 1339 1336 1383 causa
1356 1318 1552 1400 rationabili,

126 1426 161 1482 ut
185 1415 403 1504 praemissum
425 1426 488 1498 est,
514 1414 709 1503 neglexerit,
737 1414 891 1480 inhabilis
921 1415 963 1479 sit
990 1413 1076 1479 ultra
1103 1437 1241 1501 poenam
1268 1419 1484 1502 praemissam
1511 1417 1555 1482 ad

126 1512 382 1604 promovendum
404 1512 543 1599 aliquem
564 1517 598 1580 in
618 1515 732 1580 eadem
752 1513 906 1579 facultate
928 1513 971 1578 ad
992 1535 1092 1578 unum
1114 1511 1283 1580 dimidium
1307 1539 1443 1600 annum3
1473 1527 1504 1582 et
1526 1519 1554 1582 si

127 1616 258 1682 omnino
288 1611 369 1678 tales
392 1611 633 1700 disputationes
660 1615 796 1678 visitare
815 1614 869 1680 vel
897 1635 1035 1701 poenam
1062 1613 1188 1680 solvere
1212 1638 1277 1681 non
1306 1619 1483 1700 curaverit,
1511 1615 1553 1681 ab
1566 1625 1597 1681 to

127 1713 255 1780 actibus
278 1710 467 1794 scolasticis,
497 1712 599 1778 donec
626 1713 772 1778 facultati
800 1715 926 1780 arcium
947 1712 988 1777 de
1009 1736 1069 1778 sua
1090 1713 1288 1800 negligentia
1310 1717 1503 1782 satisfecerit
1524 1725 1556 1780 et

129 1812 373 1900 disputaciones
394 1811 488 1895 tales,
508 1821 545 1877 ut
564 1815 782 1900 praemissum
803 1823 861 1896 est,
884 1836 957 1878 cnm
978 1812 1147 1898 diligentia
1165 1816 1358 1900 visitaverit,
1380 1818 1453 1902 ipso
1476 1811 1555 1902 [61¹³]

127 1915 213 1979 facto
237 1912 279 1977 sit
303 1932 481 1997 suspensus
503 1921 536 1975 et
556 1911 626 1977 loco
650 1935 708 1977 suo
728 1914 885 2000 privatus.
906 1911 953 1976 Ut
970 1935 1047 1999 ergo
1064 1915 1195 1997 sciatur,
1216 1917 1272 2003 qui
1294 1917 1443 2002 magistri
1463 1937 1556 2003 prae·

128 2023 236 2078 sentes
258 2010 378 2075 fuerint
399 2009 452 2076 vel
478 2033 552 2094 non,
579 2010 720 2078 famulus
741 2013 973 2094 universitatis,
1000 2015 1056 2098 qui
1084 2023 1243 2099 protunc
1269 2036 1424 2101 praesens
1450 2013 1557 2096 fuerit,

128 2133 239 2178 omnes
260 2111 434 2196 magistros
464 2121 652 2196 praesentes
676 2113 710 2176 in
738 2111 874 2198 singulis
903 2110 1182 2198 disputacionibus
1208 2113 1346 2179 fideliter
1374 2113 1557 2180 conscribat
1568 2121 1599 2177 15

128 2223 160 2278 et
188 2209 312 2276 decano
342 2208 507 2274 facultatis
538 2212 662 2276 arcium
691 2211 726 2276 in
756 2213 887 2298 scriptis
920 2221 1119 2298 praesentet,
1151 2215 1206 2299 qui
1235 2213 1329 2297 tales,
1359 2215 1414 2302 qui
1446 2223 1559 2278 contra

128 2311 265 2378 fecerint
288 2319 319 2373 et
346 2307 546 2396 negligentes
575 2319 607 2374 et
636 2331 703 2374 non
730 2321 918 2396 praesentes
946 2311 1016 2375 sine
1041 2333 1140 2376 eausa
1170 2311 1356 2377 rationabili
1384 2313 1559 2395 extiterint,
1677 2301 1680 2308 ¹

130 2407 308 2477 secundum
328 2415 471 2474 tenorem
496 2409 608 2474 statuti
626 2409 712 2474 infra
732 2432 832 2474 unum
854 2431 997 2474 mensem
1019 2409 1094 2494 (sub
1111 2432 1217 2498 poena
1239 2411 1392 2496 tfloreni,
1415 2415 1442 2478 si
1458 2410 1559 2498 negli-

129 2531 210 2598 gens
230 2507 327 2573 fuerit
349 2517 381 2572 et
401 2505 480 2572 illud
502 2509 620 2596 exequi
641 2531 706 2573 non
728 2511 907 2592 curaverit,
929 2509 1075 2574 facultati
1096 2510 1220 2575 arcium
1241 2511 1464 2599 persolvendi)
1487 2533 1557 2576 rea·

129 2609 203 2674 liter
235 2609 351 2695 puniat
384 2629 457 2671 cum
490 2609 618 2672 effectu.
656 2605 815 2673 Famulus
845 2607 948 2672 eciam
976 2609 1213 2692 universitatis,
1243 2619 1278 2674 ut
1305 2611 1340 2674 in
1369 2609 1602 2698 exequendam

129 2707 273 2775 officium
295 2729 389 2772 suum
411 2707 568 2772 maiorem
596 2717 741 2794 apponat
763 2706 982 2793 diligenciam,
1013 2707 1149 2795 singulis
1171 2707 1452 2795 disputacionibus
1474 2710 1559 2777 ordi-

129 2808 232 2873 nariis
262 2804 411 2871 adminus
442 2806 561 2871 habeat
587 2829 687 2871 unum
717 2807 885 2894 antiquum
914 2829 1075 2893 grossum.
1117 2807 1277 2874 Hortatur
1298 2811 1401 2875 eciam
1422 2810 1560 2876 facultas

131 2908 257 2974 arcium
285 2925 395 2970 omnes
427 2917 459 2970 et
491 2904 635 2992 singulos
666 2905 748 2971 alios
781 2906 964 2991 magistros,
998 2907 1054 2993 qui
1086 2907 1199 2993 vigore
1229 2911 1341 2975 statuti
1374 2911 1466 2975 istius
1496 2933 1561 2976 non

129 3005 467 3086 tenentur'interesse,
497 3016 656 3091 quatenns
679 3004 720 3069 ob
743 3005 977 3070 incrementum
1004 3015 1035 3070 et
1057 3005 1206 3071 decorem
1232 3007 1396 3074 facultatis
1416 3009 1561 3074 eiusdem

129 3103 296 3172 visitando
317 3103 399 3169 tales
421 3102 655 3189 disputationes
678 3102 860 3170 ordinarias
882 3113 1006 3170 tantam
1027 3115 1194 3191 apponant
1216 3128 1349 3193 operam
1372 3117 1405 3174 et
1425 3108 1603 3196 diligen-as

132 3208 229 3288 ciam,
258 3203 346 3291 quod
377 3204 476 3270 ceteri
505 3226 616 3268 eorum
648 3201 796 3289 exemplo
829 3203 872 3269 ad
902 3202 1019 3268 similia
1049 3203 1198 3270 facienda
1223 3205 1350 3272 facilius
1380 3209 1562 3274 incitentur.

132 3307 225 3386 Item,
253 3313 288 3368 ut
317 3302 398 3368 illud
427 3303 530 3368 eciam
558 3300 678 3366 volenti
707 3303 816 3366 animo
846 3302 1035 3366 executioni
1063 3302 1289 3387 demandetur,
1318 3305 1439 3393 placet,
1473 3309 1560 3394 quod

135 3404 248 3470 decem
268 3404 422 3484 seniores,
450 3404 485 3466 in
505 3399 618 3466 eadem
642 3401 867 3488 disputacione
888 3410 1076 3486 praesentes
1098 3412 1130 3467 et
1153 3403 1322 3470 inordina
1344 3429 1401 3472 suo
1423 3428 1561 3493 arguen-

132 3515 195 3586 tes,
223 3512 290 3567 tam
312 3501 369 3566 diu
394 3501 516 3566 ibidem
537 3509 774 3588 permanentes,
805 3499 892 3586 quod
921 3500 1122 3587 praecedens
1149 3513 1181 3567 et
1208 3526 1345 3590 sequens
1371 3505 1562 3592 arguebant,

134 3605 163 3670 si
187 3603 300 3668 saltem
321 3597 567 3687 praecedentem
588 3609 620 3665 et
642 3610 827 3687 sequentem
848 3598 1021 3666 habuerint
1043 3597 1138 3686 (alias
1152 3613 1217 3666 tarn
1234 3603 1291 3668 diu
1308 3602 1451 3688 sedeant,
1473 3605 1604 3692 quod30

135 3703 201 3768 duo
220 3701 369 3788 magistri
389 3707 540 3784 arguant,
561 3700 588 3764 si
609 3699 656 3764 ibi
677 3708 751 3764 sunt
770 3700 919 3785 magistri
941 3722 1077 3786 arguere
1098 3700 1252 3786 volentes,
1273 3705 1302 3768 si
1323 3704 1436 3770 saltem
1457 3705 1563 3770 locum

135 3800 296 3888 arguendi
323 3798 445 3864 habere
475 3796 625 3886 possint),
657 3797 799 3864 babeant
827 3821 927 3864 unum
955 3821 1106 3887 grossum
1135 3823 1255 3866 novum
1287 3801 1437 3891 quilibet,
1468 3827 1565 3890 quem

136 3901 278 3967 decanus
300 3898 423 3966 eisdem
444 3897 556 3964 eodem
580 3897 632 3964 die
653 3897 882 3986 praesentabit

344 4137 394 4202 58.
416 4149 559 4212 ortano
581 4147 654 4197 son
675 4147 792 4195 nanas
813 4147 907 4194 amar
927 4147 1139 4199 masuramo
1162 4148 1361 4200 onnnvsan.

716 4283 776 4348 ναι,
795 4297 820 4332 a.
841 4281 879 4334 st.
897 4283 938 4343 21,
958 4284 997 4336 ιτ.
1572 4298 1605 4355 ³5

222 4415 304 4482 Item
325 4415 412 4506 quod
433 4418 467 4482 in
489 4416 683 4482 annualibus
702 4415 780 4480 foris
796 4437 862 4480 non
877 4413 974 4480 debet
992 4415 1064 4480 fieri
1082 4413 1267 4503 disputacio
1281 4417 1448 4486 ordinaria
1462 4443 1565 4508 neque

139 4517 226 4583 infra
247 4519 473 4583 mutationem.

214 4723 263 4785 59.
285 4732 382 4795 ouon
407 4733 570 4782 rnaroan
594 4731 858 4781 nrsruracmms
882 4731 1092 4781 oraminum
1114 4731 1221 4782 sunm
1241 4735 1351 4784 serus
1375 4735 1496 4783 scons-

741 4830 831 4880 srrcl
852 4831 967 4880 smnr.

716 4968 776 5031 ver.
793 4984 817 5020 a.
836 4967 874 5020 st.
895 4968 935 5024 21.
955 4966 992 5019 rs.
1571 4977 1605 5033 to

225 5101 307 5165 Item
333 5097 420 5184 quod
449 5109 595 5186 ternpore
622 5097 857 5185 disputationis
888 5097 1073 5165 ordinariae
1105 5099 1214 5166 nullae
1243 5099 1360 5165 debent
1392 5099 1461 5164 fieri
1491 5123 1565 5189 pro·

140 5201 390 5264 nuncciaoiones
412 5198 463 5265 vel
484 5198 740 5263 declamaciones
763 5197 814 5263 vel
839 5201 945 5287 quivis
967 5197 1022 5262 alii
1043 5208 1135 5264 actus
1158 5198 1328 5264 scolastici.

211 5315 426 5352 mwwtnucn
445 5315 502 5352 ΜΒ
521 5315 593 5353 um.
610 5314 729 5350 amato.
1357 5305 1396 5366 22
