3768 6072
340 419 401 482 230
908 411 963 460 Das
980 409 1069 460 hletae
1086 409 1193 473 Collcg.

341 608 399 682 tes,
428 605 612 684 respectum
640 605 672 660 et
699 593 989 659 considerationem
1018 613 1092 657 suos
1123 590 1166 655 ad
1195 611 1368 677 personam
1395 591 1526 678 ingenio
1551 591 1766 678 praeclaram,

343 698 589 764 conversatione
611 693 824 776 tractabilem,
846 691 991 758 moribus
1012 700 1045 756 et
1062 691 1132 756 vita
1153 688 1453 773 commendabilem,
1471 689 1660 776 studiosam,
1682 693 1767 779 paci-

342 798 437 862 ficam
475 808 507 862 et
544 796 686 862 sobriam
721 815 760 859 ac
790 791 989 880 reipublicae
1017 799 1085 856 tam
1115 791 1337 856 universitatis
1369 813 1468 879 quam
1500 789 1629 877 collegii
1659 791 1768 857 utilem

341 897 483 962 habeant
504 906 536 961 et
557 896 715 981 dirigant,
742 903 777 958 ut
803 894 851 958 sic
877 915 918 956 ex
944 890 1156 956 laudabilium
1186 911 1226 955 ac
1252 890 1525 956 benemeritorum
1552 913 1768 978 personarum

300 1007 316 1058 5
343 999 545 1083 promotione
575 996 679 1061 honor
703 992 821 1058 nedum
848 992 1054 1056 universitati
1083 1012 1196 1056 verum
1225 991 1324 1056 etiam
1355 988 1470 1076 gloria,
1499 990 1609 1073 decus,
1639 991 1713 1056 laus
1740 1001 1769 1055 et

343 1099 576 1162 incrementum
598 1098 662 1182 ipsi
684 1093 819 1178 collegio
842 1101 1042 1178 procuretur.
1064 1089 1109 1154 Et
1129 1089 1173 1154 ad
1192 1089 1268 1155 talis
1284 1111 1444 1176 personae
1460 1089 1651 1156 electionem
1671 1089 1769 1157 libere

344 1207 375 1260 ot
397 1199 466 1262 sine
487 1195 716 1283 impedimento
738 1195 832 1258 iuxta
851 1213 971 1256 novam
990 1191 1148 1278 principis
1169 1189 1447 1255 reformationem¹
1468 1189 1659 1276 procedant.

369 1387 398 1448 3.
422 1377 484 1468 [Βί.
504 1376 556 1464 2·]
578 1396 625 1443 on
646 1393 884 1444 snsmamonn
905 1391 991 1440 nova
1012 1391 1224 1440 occasuram
1244 1391 1359 1440 casso
1381 1393 1545 1442 taureas
1564 1393 1744 1442 naumann

820 1495 865 1540 sn
887 1491 981 1540 noco
1001 1492 1038 1540 m
1058 1491 1286 1540 sssrousuoo.

303 1623 335 1677 10
427 1610 574 1691 Quilibet
596 1619 782 1698 assumptus
806 1610 841 1673 in
864 1606 1069 1696 collegiatam
1090 1605 1185 1673 huius
1207 1607 1337 1694 collegii
1357 1617 1484 1674 tenetur
1511 1617 1543 1673 et
1569 1607 1670 1674 debet
1690 1609 1772 1674 infla

342 1731 486 1775 mensem
509 1734 529 1774 a
551 1719 696 1796 tempore
723 1731 801 1774 suae
823 1709 1054 1794 assumptionis
1076 1707 1200 1772 intrare
1221 1707 1264 1772 ad
1286 1706 1393 1773 locum
1414 1730 1456 1773 ex
1478 1709 1610 1794 optione
1632 1710 1664 1773 ei
1686 1707 1770 1774 debi-

344 1823 411 1876 tum
430 1809 483 1874 rel
512 1809 745 1874 habitationem
766 1810 795 1872 ei
818 1829 877 1894 per
899 1806 1070 1892 collegium
1096 1807 1337 1893 assignandam,
1369 1807 1429 1872 sub
1450 1829 1557 1895 poena
1580 1809 1771 1894 privationis

264 1971 267 1976 r
343 1909 584 1995 collegiaturae,
607 1909 670 1972 nisi
692 1931 751 1994 per
764 1907 933 1993 collegium
956 1927 1030 1971 eum
1049 1905 1108 1970 tali
1130 1928 1171 1970 ex
1193 1906 1382 1972 rationabili
1403 1929 1503 1972 causa
1523 1909 1623 1972 fuerit
1644 1907 1770 1993 dispen-

343 2021 463 2091 satum3
495 2008 654 2096 debetque
681 2007 755 2072 talis
783 2009 817 2072 in
839 2004 1125 2073 convocationibus
1153 2015 1185 2072 et
1211 2006 1360 2093 prandiis
1389 2005 1517 2093 collegii
1543 2005 1676 2072 ultimus
1703 2029 1771 2072 esse

302 2122 332 2177 15
342 2121 374 2176 et
394 2109 516 2174 haberi.

572 2267 600 2326 4.
628 2277 675 2323 DE
698 2273 985 2324 CONTRIBUTIONE
1009 2273 1072 2322 SEU
1093 2273 1250 2322 Damone
1273 2275 1341 2322 PRO
1365 2273 1543 2324 STATUTIS.

424 2392 544 2474 Placet,
567 2391 653 2476 quod
674 2389 809 2476 quilibet
828 2392 1058 2476 magistrorum
1071 2389 1112 2454 de
1132 2413 1218 2456 novo
1240 2389 1284 2455 ad
1306 2389 1476 2476 collegium
1498 2399 1688 2478 assumptus
1709 2390 1769 2458 sol·

342 2501 399 2556 vat
421 2491 507 2555 infra
526 2513 671 2555 mensem
695 2512 753 2555 suo
776 2489 973 2554 antecessori
994 2488 1047 2554 vel
1067 2490 1119 2554 sui
1141 2490 1403 2577 praedecessoris
1421 2489 1618 2556 haeredibus
1631 2501 1689 2555 aut
1705 2491 1770 2555 suis

343 2591 594 2656 testamentariis
616 2591 732 2675 viginti
755 2587 836 2654 duos
856 2588 996 2653 florenos
1018 2590 1052 2652 in
1072 2611 1162 2672 auro,
1192 2589 1253 2654 sub
1281 2611 1386 2676 poena
1414 2591 1608 2677 privationis
1635 2590 1771 2676 collegii,

302 2703 425 2776 toquos
447 2689 588 2754 florenos
609 2689 695 2753 idem
715 2689 747 2752 in
771 2690 860 2752 exitu
882 2711 939 2753 suo
961 2687 1013 2752 vel
1042 2711 1079 2754 eo
1107 2688 1257 2754 defuncto
1289 2691 1338 2754 sui
1362 2688 1519 2754 haeredes
1541 2713 1562 2754 a
1584 2712 1771 2755 successore

344 2812 402 2855 suo
425 2787 596 2854 rehabebit
617 2799 674 2852 aut
694 2787 904 2855 rehabebunt.
947 2789 1029 2852 Item
1051 2788 1134 2854 duas
1162 2789 1312 2875 antiquas
1336 2811 1517 2876 sexagenas
1543 2813 1605 2877 pro
1635 2791 1772 2877 pecunia

345 2888 510 2954 cellarium
532 2887 662 2974 collegii
689 2896 901 2952 concernente
928 2886 1122 2970 contribuat,
1149 2889 1178 2952 si
1204 2887 1318 2952 saltem
1345 2889 1426 2954 lucri
1455 2887 1495 2954 de
1517 2891 1679 2955 cerevisia
1699 2912 1771 2977 pro-

344 2989 503 3054 venientis
526 2989 691 3075 particeps
715 3009 786 3052 esse
806 2985 956 3052 voluerit.
977 2987 1058 3051 Item
1082 2987 1258 3074 pincernae
1280 2987 1408 3073 collegii
1428 2999 1575 3076 tempore
1593 2991 1773 3054 vocationis

346 3111 423 3152 suae
447 3087 540 3182 dabit
567 3111 666 3152 unum
688 3087 853 3166 florenum,
881 3085 922 3150 de
951 3107 1014 3174 quo
1043 3085 1165 3151 floreno
1194 3085 1286 3152 dabit
1309 3085 1372 3174 [2¹³]
1395 3088 1482 3153 idem
1511 3090 1669 3175 pincerna
1697 3111 1773 3155 coco

303 3187 398 3254 25vel
422 3209 520 3254 cocae
542 3189 683 3276 quinque
713 3207 847 3274 grossos
877 3195 909 3250 et
937 3187 1077 3250 tertiano
1109 3185 1200 3252 duos.
1240 3186 1322 3252 Item
1345 3205 1381 3251 vl
1401 3187 1540 3253 florenos
1568 3211 1629 3276 pro
1658 3187 1772 3255 solatio

342 3288 581 3375 magistrorum.

669 3443 698 3501 5.
720 3453 766 3500 Du
787 3453 963 3501 REGEN'I'IA
984 3453 1157 3502 IUNIORUM
1177 3453 1437 3504 mulsuaoaun.

427 3569 549 3652 Placet,
570 3569 658 3658 quod
680 3567 743 3634 duo
764 3569 914 3654 magistri
936 3571 1077 3636 iuniores
1099 3594 1164 3636 non
1188 3569 1346 3636 sallariati
1367 3593 1427 3658 per
1447 3593 1482 3636 se
1502 3581 1619 3657 regant
1639 3571 1773 3638 bursam

345 3673 414 3735 sive
434 3671 662 3735 conventuriae
691 3671 852 3755 praesint,
882 3669 970 3734 vices
999 3670 1083 3735 inter
1110 3693 1145 3736 se
1176 3670 1312 3757 singulis
1333 3670 1564 3737 mutationibus
1595 3671 1773 3754 alterando,

301 3771 407 3834 tunisi
434 3791 493 3856 per
521 3767 694 3854 collegium
724 3790 796 3832 cum
823 3765 946 3832 eisdem
972 3779 1029 3834 aut
1058 3769 1161 3835 altero
1190 3793 1301 3835 eorum
1328 3771 1424 3836 fuerit
1452 3770 1689 3858 dispensatum.
1730 3772 1774 3836 Et

343 3868 424 3934 tales
455 3891 521 3934 non
551 3869 615 3934 sint
643 3867 769 3932 astricti
797 3867 840 3932 ad
868 3868 1052 3953 ponendum
1079 3868 1213 3936 bursam
1243 3871 1277 3935 in
1311 3871 1451 3958 coquina
1479 3870 1684 3938 dominorum
1716 3871 1773 3936 sed

345 3991 417 4032 oum
438 3969 604 4054 magistris
626 3968 815 4053 posterioris
836 3968 1003 4054 coquinae,
1025 3969 1088 4033 nisi
1110 3992 1169 4056 per
1192 3968 1362 4055 collegium
1384 3969 1424 4036 de
1445 3980 1477 4035 et
1497 3973 1773 4059 superpositione

344 4067 464 4132 bursae
484 4067 579 4134 aliter
598 4067 696 4132 firerit
716 4065 909 4132 ordinatum.

686 4256 714 4318 6.
736 4267 783 4316 os
806 4267 970 4316 asamona
991 4269 1199 4318 susurrores
1219 4272 1434 4321 rnnsrosmr.

303 4394 336 4450 35
428 4382 618 4470 Assumptio
651 4384 722 4449 sive
754 4383 867 4450 electio
901 4387 1079 4471 praepositi
1117 4385 1283 4452 aestivalis
1315 4387 1386 4453 fieri
1417 4387 1513 4454 debet
1544 4411 1585 4454 ac
1616 4389 1774 4456 celebrari

347 4481 491 4548 secunda
514 4485 596 4548 feria
617 4493 692 4570 post
712 4483 908 4549 dominicam
929 4483 1123 4570 palmarum,
1139 4472 1291 4552 hiemalis
1314 4510 1393 4553 vero
1414 4488 1558 4554 secunda
1578 4491 1662 4554 feria
1680 4511 1773 4576 prae-

346 4582 479 4647 cedente
502 4592 627 4647 sextam
650 4583 764 4648 feriam
786 4593 860 4648 ante
878 4583 994 4647 festum
1015 4587 1118 4650 sancti
1130 4584 1292 4670 Mihaelis3
1314 4587 1423 4675 itaque
1437 4591 1667 4676 praepositura
1677 4589 1775 4654 aesti-

344 4682 426 4748 valis
456 4683 631 4770 incipiatur
659 4683 693 4746 in
722 4683 773 4748 die
802 4703 1009 4770 parasceues,
1036 4683 1185 4750 hiemalis
1213 4707 1292 4751 vero
1321 4696 1415 4752 sexta
1441 4687 1523 4752 feria
1550 4688 1774 4755 antedictum

344 4783 461 4848 festum
481 4784 586 4848 sancti
610 4781 768 4848 Mihaelis.

423 5091 435 5140 1
454 5083 583 5143 damaim
600 5084 636 5139 ist
654 5083 792 5140 natiulich
809 5084 854 5140 die
873 5101 935 5138 vom
952 5082 1040 5139 dabre
1063 5088 1134 5140 1496.
1152 5084 1217 5157 vgt
1237 5085 1308 5142 oben
1329 5091 1368 5154 19,
1385 5089 1418 5140 ³7
1430 5085 1470 5157 fg.
