3794 6060
1050 240 1067 277 h

589 506 640 554 Die
658 505 839 556 Reformatiou
857 521 920 558 vom
938 505 1021 557 Jahre
1042 513 1113 562 1⁴96.
1533 517 1572 578 17

145 707 278 773 operam
298 685 511 771 fortunasque
531 697 759 770 exposuerunt.
789 685 830 751 Id
851 689 990 774 primum
1012 691 1136 778 Nynus,
1160 689 1361 756 Assiriurum
1383 691 1569 775 monarcha,

145 786 253 870 exegit
277 783 567 868 Babilonicamque
589 784 728 848 instituit
749 783 987 870 achademiam,
1015 791 1209 880 paulopost
1235 788 1428 878 philozufico
1458 812 1569 856 amore

143 883 350 966 Pharaones,
371 882 485 968 Egipti
504 903 617 966 reges,
639 883 831 948 mirabiliter
853 884 961 950 allecti
982 885 1228 976 Memphiticum
1261 886 1402 953 studium
1422 889 1568 952 institue·

142 991 231 1062 runt3
258 981 379 1047 deinde
407 981 568 1067 Cecrops,
595 980 724 1046 Atticus
753 982 946 1066 monarcha,
973 985 1105 1052 nolebat
1130 989 1272 1054 minores
1299 1008 1371 1050 esse
1396 988 1451 1073 qui
1477 986 1566 1051 vitae

142 1081 304 1163 instituta,
327 1079 416 1167 leges
438 1103 476 1145 au
497 1079 655 1146 humanos
685 1103 792 1147 mores
819 1082 995 1148 conderent
1023 1108 1121 1172 quam
1148 1089 1203 1173 qui
1229 1107 1328 1150 manu
1353 1083 1566 1170 confligerent
1592 1093 1609 1147 5

142 1181 307 1266 armisque
330 1182 366 1245 in
389 1180 460 1245 acie
480 1201 553 1243 cum
573 1178 720 1246 hostibus
748 1192 946 1267 pugnarent:
978 1183 1206 1272 philosophiae
1234 1183 1377 1249 studium
1405 1185 1440 1248 in
1468 1183 1568 1249 Athe·

141 1279 244 1344 niensi
268 1278 431 1344 Graeciae
452 1277 533 1342 urbe
554 1275 722 1364 praeclare
744 1281 864 1362 erexit3
886 1289 1050 1367 postremo
1064 1284 1176 1348 Latini
1190 1283 1314 1348 Romae
1335 1280 1477 1346 studium
1497 1284 1567 1347 uni·

140 1376 267 1442 versele
289 1378 511 1459 instituerumt,
533 1375 620 1462 quod
638 1399 704 1442 nun
724 1377 821 1464 lungo
843 1388 989 1466 tempore
1010 1392 1085 1468 post
1105 1383 1251 1448 Parisius
1274 1383 1309 1445 in
1329 1381 1492 1446 Franciae
1509 1381 1566 1446 vil·

138 1474 203 1540 lam
224 1476 416 1541 traductum
439 1497 511 1541 esse
533 1474 782 1562 comprobatur,
804 1477 890 1542 unde
911 1477 1078 1564 Pragense
1100 1481 1241 1546 studium
1261 1478 1322 1544 suh
1345 1478 1421 1546 divo
1441 1480 1565 1547 Karulu

139 1585 256 1660 quarto
272 1579 473 1664 imperatore
486 1576 645 1661 originem
668 1573 870 1640 inBohemia
882 1578 978 1662 cepit,
1001 1580 1141 1665 quodex
1161 1579 1452 1644 illustrissimorum
1473 1581 1561 1666 prin·
1573 1592 1605 1648 ¹0

139 1675 245 1760 cipum
269 1675 390 1740 ducum
412 1673 586 1756 Senoniae,
608 1674 830 1739 marchionum
851 1673 995 1740 Misenus
1018 1686 1087 1760 etc,
1109 1679 1373 1765 progenitorum,
1403 1678 1564 1743 industria

138 1795 239 1860 usque
262 1773 308 1838 ad
327 1772 510 1862 Lipcaense
531 1772 664 1860 opidum
685 1772 877 1838 translatum
898 1795 969 1840 esse
987 1775 1205 1863 praedicatur,
1227 1775 1385 1863 gravibus
1400 1776 1565 1864 hucusque

138 1871 317 1938 eorundem
337 1871 541 1938 dominorum
555 1873 742 1959 principum
755 1871 964 1938 firndatorum
979 1876 1151 1963 stipendiis
1173 1876 1348 1958 suffultum,
1369 1875 1564 1962 privilegiis-

137 1995 197 2058 que
217 1996 260 2038 ac
280 1970 540 2037 immunitatibus
561 1972 728 2059 pontificio
759 1993 975 2058 caesareoque
1002 1976 1073 2039 iure
1102 1975 1256 2042 dotatum.
1309 1973 1406 2056 Quod
1434 1973 1564 2060 quidem

138 2072 281 2137 studium
304 2073 487 2159 Lipacense
508 2070 621 2158 procul
643 2071 742 2135 dubio
766 2093 862 2156 quam
884 2071 1041 2158 plurimus
1061 2074 1244 2162 theologos,
1274 2076 1392 2140 artium
1414 2073 1606 2156 cultores,15

137 2171 363 2260 philosophos,
384 2180 598 2252 astronomos,
619 2191 786 2234 sacrorum
809 2169 1009 2255 eloquiorum
1031 2171 1276 2258 declamatores,
1297 2173 1463 2255 notarios,
1487 2173 1564 2236 scri-

136 2271 206 2354 bas,
221 2271 378 2359 phisicus,
394 2268 582 2352 advocatos,
600 2277 756 2350 oratores,
778 2267 1023 2335 iurisconsultus
1039 2271 1245 2359 reliquosque
1259 2294 1356 2359 quam
1368 2269 1487 2336 multos
1501 2269 1564 2336 ele

137 2381 254 2456 gantes
282 2372 374 2434 virus
402 2368 554 2434 educavit
580 2391 619 2432 ac
647 2366 691 2432 ad
718 2367 784 2432 alia
816 2387 920 2453 regna
946 2367 1124 2458 longinqua
1150 2381 1182 2437 et
1210 2371 1411 2458 provintias,
1435 2379 1473 2434 ut
1499 2369 1565 2434 illis

136 2469 283 2536 consiliis
306 2477 511 2556 praeessent,
533 2469 640 2533 emisit
662 2477 758 2552 atque
778 2465 911 2552 legavit
934 2467 1056 2534 Verum
1077 2473 1189 2558 paucis
1210 2470 1330 2556 elapsis
1351 2469 1455 2550 annis,
1477 2468 1566 2555 quod

136 2569 285 2656 profectu
304 2566 451 2632 dolenter
471 2567 658 2649 referimus,
680 2566 750 2630 sive
771 2564 806 2628 id
827 2569 982 2652 temporis
1003 2571 1123 2634 inimic
1149 2572 1218 2635 sive
1239 2589 1453 2657 personarum
1473 2569 1605 2633 inco-20

136 2671 200 2752 ria,
229 2677 365 2754 torpore
388 2676 421 2730 et
440 2667 574 2752 ignavia
589 2665 764 2746 effectum,
794 2663 937 2729 veridice
965 2670 1165 2754 accepimus,
1191 2678 1227 2733 ut
1252 2667 1340 2754 quud
1367 2667 1443 2732 olim
1450 2715 1460 2750 ,
1488 2665 1565 2732 dum

136 2766 404 2854 disputauiunes,
426 2765 598 2848 lectiones,
630 2763 821 2828 scolasticae
844 2766 1098 2832 exeruitaoiones
1119 2768 1282 2854 rigidique
1312 2767 1473 2832 examinis
1496 2787 1563 2831 mo-

135 2889 226 2949 rum,
255 2867 410 2944 vestitus,
438 2863 670 2949 impediciones
699 2884 738 2926 ac
758 2863 950 2928 reiectiones
970 2864 1151 2932 crebriores
1173 2864 1563 2950 bierunt,t1mcdictum

136 2964 281 3030 studium
291 2963 474 3049 Lipzccnse
492 2961 755 3026 florentissimum
771 2970 803 3024 et
814 2962 903 3025 omni
922 2983 1042 3048 genere
1063 2964 1224 3030 scibilium
1244 2965 1399 3030 refertum
1416 2963 1562 3030 famaba-

135 3073 204 3147 tur,
230 3062 330 3128 mudo
353 3082 431 3124 veru
453 3082 587 3142 enerve,
611 3061 766 3146 ignavum
788 3081 828 3123 au
850 3062 1001 3146 supinum
1024 3066 1198 3146 corruerit,
1226 3074 1263 3129 ut
1284 3065 1389 3149 magis
1410 3065 1605 3149 privatae25

135 3161 336 3226 erudiciunis
357 3181 453 3243 quam
473 3159 668 3224 universalis
690 3157 899 3224 achademiae
919 3160 1057 3226 formam
1078 3185 1158 3250 prae
1180 3185 1216 3227 se
1238 3165 1323 3230 ferre
1343 3161 1563 3248 praedicatur.

94 3265 101 3273 '
137 3259 235 3341 Quod
259 3257 419 3325 etiamad
439 3257 729 3323 illustrissimorum
752 3258 869 3324 ducum
891 3258 1056 3324 Saxoniau
1076 3272 1108 3324 et
1129 3263 1298 3347 potissime
1318 3260 1454 3326 illustris
1474 3263 1562 3349 prin·

135 3361 217 3446 cipis
240 3370 273 3424 et
295 3357 434 3440 domini,
455 3356 578 3423 domini
599 3355 742 3441 Alberti,
771 3356 863 3422 ducis
886 3357 1069 3441 Saxoniae,
1097 3359 1274 3445 lantgravii
1295 3359 1496 3445 Thuringise
1524 3383 1564 3425 ac

134 3458 335 3524 marchionis
355 3457 498 3539 Misnae,
527 3478 652 3522 necnon
681 3457 731 3520 sui
760 3458 985 3542 primogeniti,
1015 3456 1138 3523 domini
1159 3457 1310 3544 Georgii,
1341 3459 1439 3522 etiam
1468 3456 1561 3523 ducis

136 3557 302 3624 Saxoniae
323 3566 382 3622 etc
404 3557 601 3621 audientiam
635 3555 779 3620 veridico
801 3554 906 3620 relatu
934 3555 1122 3622 deductum:
1149 3556 1244 3622 nobis
1269 3555 1326 3621 illa
1346 3566 1379 3620 et
1398 3555 1464 3620 alia
1485 3566 1600 3622 cum³0

138 3667 265 3724 matum
288 3654 442 3738 consiliu,
462 3656 510 3720 uti
530 3655 609 3720 dicti
625 3654 724 3721 studii
738 3655 929 3742 Lipacensis
953 3655 1146 3722 cancellario
1168 3657 1264 3720 unico
1287 3665 1319 3720 et
1340 3656 1563 3720 conservatori

137 3755 317 3843 apostolico
323 3804 334 3839 ,
356 3753 551 3840 corrigenda
572 3765 606 3819 ct
624 3753 828 3820 emendanda
848 3755 882 3817 in
911 3753 1060 3820 omnibus
1092 3765 1125 3820 et
1150 3755 1287 3842 singulis
1318 3763 1350 3820 ct
1375 3755 1505 3842 scriptis
1532 3764 1563 3820 et

137 3857 232 3921 vivae
254 3856 348 3920 vocis
369 3853 501 3920 oraculo
522 3853 696 3941 diligenter
717 3853 956 3918 commiserunt.

217 3955 288 4020 Nos
310 3955 411 4040 igitur
432 3953 541 4036 Tilo,
572 3955 744 4040 episcopus
766 3950 1045 4038 Merssburgensis
1076 3955 1258 4040 praefatus,
1280 3951 1429 4038 diligenti
1450 3952 1561 4019 habitu

139 4053 271 4120 consiliu
295 4053 515 4137 scrutinioque
537 4051 577 4118 de
599 4051 678 4116 dicti
701 4051 798 4114 studii
821 4061 909 4116 statu
931 4061 964 4116 et
990 4061 1182 4118 statutorum
1208 4054 1450 4135 observatione,
1476 4061 1603 4118 com-35

139 4157 297 4240 perimus,
320 4175 360 4216 ea
380 4153 501 4238 partim
522 4173 581 4238 per
602 4149 748 4215 alumnos
769 4149 849 4215 dicti
876 4151 976 4216 studii
998 4150 1172 4216 observata
1194 4153 1379 4239 partimque
1400 4151 1560 4236 neglecta,

140 4253 310 4317 etidcirco
334 4273 375 4316 ex
398 4249 557 4336 singulari
579 4248 738 4314 dictorum
761 4249 964 4316 dominorum
986 4251 1170 4337 principum
1185 4249 1366 4337 ducumque
1385 4249 1561 4333 Saxoniae,

139 4351 360 4433 fundaturum,
385 4349 627 4432 commissione,
647 4357 775 4414 maturo
798 4349 970 4413 assistente
990 4351 1170 4435 peritorum
1191 4347 1345 4432 consilio,
1368 4348 1561 4414 deliberavi-

141 4473 209 4517 mus
229 4459 327 4539 atque
347 4451 384 4514 in
404 4449 483 4514 dicti
506 4448 604 4514 studii
626 4446 818 4534 Lipacensis
840 4469 1041 4514 communem
1070 4447 1332 4513 commoditatem
1354 4457 1386 4512 et
1406 4448 1562 4513 reforma-

138 4551 254 4616 tionem
277 4560 367 4616 certa
389 4558 508 4615 statuta
531 4557 564 4613 et
584 4545 809 4613 ordinationes
831 4547 981 4612 duximus
1003 4546 1146 4612 edendas
1171 4557 1204 4612 et
1222 4548 1257 4612 in
1286 4546 1454 4635 publicum
1484 4554 1602 4634 pro-40

140 4649 347 4737 mulgendas,
370 4671 505 4736 quarum
526 4655 620 4713 tenor
640 4647 784 4734 sequitur
805 4656 838 4711 et
857 4654 906 4712 cst
926 4645 1015 4713 talis:

522 4821 549 4880 1.
573 4831 621 4878 us
643 4829 857 4878 oenomaum
876 4831 922 4878 au
947 4828 1177 4878 camanum.

219 4945 330 5011 Primo
354 4943 559 5027 ordinamus,
586 4942 673 5028 quod
695 4942 895 5026 ohedientia,
923 4944 993 5009 sine
1013 4963 1079 5028 qua
1097 4941 1187 5008 nulla
1216 4943 1427 5008 communitas
1456 4939 1560 5005 subsi-

145 5053 225 5112 stere
245 5045 383 5132 poterit,
413 5065 453 5107 ac
475 5041 587 5108 debita
613 5043 797 5107 reverentia
824 5040 867 5107 ab
899 5041 1048 5107 omnibus
1076 5043 1268 5128 suppositis,
1292 5050 1360 5105 tam
1392 5038 1562 5126 graduatis

146 5164 238 5228 quam
265 5165 331 5208 non
359 5139 546 5229 mudnatis,
572 5142 692 5206 rectori
716 5142 939 5206 universitatis
968 5163 1031 5228 pro
1058 5149 1204 5227 tempore
1232 5139 1385 5205 existenti
1410 5137 1605 5205 decenterlt

218 5273 442 5314 srnrursrnucn
460 5274 517 5310 oss
534 5273 607 5311 nstv.
625 5271 745 5309 usmaro.
1327 5246 1345 5303 2
