<?xml version="1.0" encoding="UTF-8"?>
<!DOCTYPE html PUBLIC "-//W3C//DTD XHTML 1.0 Transitional//EN"
    "http://www.w3.org/TR/xhtml1/DTD/xhtml1-transitional.dtd">
<html xmlns="http://www.w3.org/1999/xhtml" xml:lang="en" lang="en">
 <head>
  <title>
</title>
<meta http-equiv="Content-Type" content="text/html;charset=utf-8" />
  <meta name='ocr-system' content='tesseract 3.04.00' />
  <meta name='ocr-capabilities' content='ocr_page ocr_carea ocr_par ocr_line ocrx_word'/>
</head>
<body>
  <div class='ocr_page' id='page_1' title='image "./diestatutenbche00leipgoog_0181.png"; bbox 0 0 3794 6066; ppageno 0'>
   <div class='ocr_carea' id='block_1_1' title="bbox 346 431 1408 510">
    <p class='ocr_par' dir='ltr' id='par_1_1' title="bbox 346 431 1408 510">
     <span class='ocr_line' id='line_1_1' title="bbox 346 431 1408 510; baseline 0.006 -24"><span class='ocrx_word' id='word_1_1' title='bbox 346 439 404 510; x_wconf 77' lang='lat'><strong>160</strong></span> <span class='ocrx_word' id='word_1_2' title='bbox 657 435 713 489; x_wconf 86' lang='lat' dir='ltr'><strong>Der</strong></span> <span class='ocrx_word' id='word_1_3' title='bbox 730 433 811 490; x_wconf 81' lang='lat' dir='ltr'><strong>Liber</strong></span> <span class='ocrx_word' id='word_1_4' title='bbox 828 435 951 491; x_wconf 79' lang='lat' dir='ltr'><strong>nacionis</strong></span> <span class='ocrx_word' id='word_1_5' title='bbox 967 435 1131 492; x_wconf 63' lang='lat' dir='ltr'><strong>navarorum</strong></span> <span class='ocrx_word' id='word_1_6' title='bbox 1149 455 1211 492; x_wconf 88' lang='lat' dir='ltr'><strong>voro</strong></span> <span class='ocrx_word' id='word_1_7' title='bbox 1229 433 1313 492; x_wconf 75' lang='lat' dir='ltr'><strong>labra</strong></span> <span class='ocrx_word' id='word_1_8' title='bbox 1334 431 1408 492; x_wconf 79' lang='lat' dir='ltr'><strong>uto.</strong></span> 
     </span>
    </p>
   </div>
   <div class='ocr_carea' id='block_1_2' title="bbox 287 615 1771 5174">
    <p class='ocr_par' dir='ltr' id='par_1_2' title="bbox 287 615 1771 5174">
     <span class='ocr_line' id='line_1_2' title="bbox 339 615 1771 708; baseline 0 -25"><span class='ocrx_word' id='word_1_9' title='bbox 339 641 437 702; x_wconf 91' lang='lat' dir='ltr'><strong>mum,</strong></span> <span class='ocrx_word' id='word_1_10' title='bbox 461 619 521 684; x_wconf 90' lang='lat' dir='ltr'><strong>sub</strong></span> <span class='ocrx_word' id='word_1_11' title='bbox 543 641 658 706; x_wconf 89' lang='lat' dir='ltr'><strong>poena,</strong></span> <span class='ocrx_word' id='word_1_12' title='bbox 688 621 716 684; x_wconf 91' lang='lat' dir='ltr'><strong>si</strong></span> <span class='ocrx_word' id='word_1_13' title='bbox 737 620 815 706; x_wconf 90' lang='lat' dir='ltr'><strong>quid</strong></span> <span class='ocrx_word' id='word_1_14' title='bbox 836 621 922 688; x_wconf 87' lang='lat' dir='ltr'><strong>ultra</strong></span> <span class='ocrx_word' id='word_1_15' title='bbox 943 621 1193 708; x_wconf 75' lang='lat' dir='ltr'><strong>expenderetur,</strong></span> <span class='ocrx_word' id='word_1_16' title='bbox 1214 631 1251 686; x_wconf 92' lang='lat' dir='ltr'><strong>ut</strong></span> <span class='ocrx_word' id='word_1_17' title='bbox 1270 620 1434 686; x_wconf 80' lang='lat' dir='ltr'><strong>solverent</strong></span> <span class='ocrx_word' id='word_1_18' title='bbox 1454 619 1510 702; x_wconf 85' lang='lat' dir='ltr'><strong>bii,</strong></span> <span class='ocrx_word' id='word_1_19' title='bbox 1539 615 1661 708; x_wconf 83' lang='lat' dir='ltr'><strong>quibus</strong></span> <span class='ocrx_word' id='word_1_20' title='bbox 1683 639 1771 684; x_wconf 89' lang='lat' dir='ltr'><strong>com·</strong></span> 
     </span>
     <span class='ocr_line' id='line_1_3' title="bbox 338 719 1238 808; baseline -0.001 -22"><span class='ocrx_word' id='word_1_21' title='bbox 338 721 450 786; x_wconf 79' lang='lat' dir='ltr'><strong>missIo</strong></span> <span class='ocrx_word' id='word_1_22' title='bbox 471 719 679 784; x_wconf 76' lang='lat' dir='ltr'><strong>candelarum</strong></span> <span class='ocrx_word' id='word_1_23' title='bbox 701 741 761 808; x_wconf 92' lang='lat' dir='ltr'><strong>pro</strong></span> <span class='ocrx_word' id='word_1_24' title='bbox 784 729 930 808; x_wconf 89' lang='lat' dir='ltr'><strong>tempore</strong></span> <span class='ocrx_word' id='word_1_25' title='bbox 951 730 1037 786; x_wconf 88' lang='lat' dir='ltr'><strong>esset</strong></span> <span class='ocrx_word' id='word_1_26' title='bbox 1058 723 1238 786; x_wconf 91' lang='lat' dir='ltr'><strong>commissa.</strong></span> 
     </span>
     <span class='ocr_line' id='line_1_4' title="bbox 423 814 1771 907; baseline -0.001 -23"><span class='ocrx_word' id='word_1_27' title='bbox 423 824 469 884; x_wconf 82' lang='lat'><strong>12.</strong></span> <span class='ocrx_word' id='word_1_28' title='bbox 502 818 596 884; x_wconf 86' lang='lat' dir='ltr'><strong>Anno</strong></span> <span class='ocrx_word' id='word_1_29' title='bbox 618 819 741 884; x_wconf 89' lang='lat' dir='ltr'><strong>domini</strong></span> <span class='ocrx_word' id='word_1_30' title='bbox 762 817 815 882; x_wconf 81' lang='lat' dir='ltr'><strong>Mo</strong></span> <span class='ocrx_word' id='word_1_31' title='bbox 836 819 1156 907; x_wconf 84' lang='lat' dir='ltr'><strong>quadringentesimo</strong></span> <span class='ocrx_word' id='word_1_32' title='bbox 1184 819 1455 907; x_wconf 86' lang='lat' dir='ltr'><strong>quinquagesimo</strong></span> <span class='ocrx_word' id='word_1_33' title='bbox 1474 817 1577 882; x_wconf 83' lang='lat' dir='ltr'><strong>tercio</strong></span> <span class='ocrx_word' id='word_1_34' title='bbox 1598 814 1715 902; x_wconf 84' lang='grc'><strong>(1453)</strong></span> <span class='ocrx_word' id='word_1_35' title='bbox 1736 819 1771 882; x_wconf 91' lang='lat' dir='ltr'><strong>in</strong></span> 
     </span>
     <span class='ocr_line' id='line_1_5' title="bbox 337 915 1771 1006; baseline -0.001 -24"><span class='ocrx_word' id='word_1_36' title='bbox 337 917 435 1006; x_wconf 90' lang='lat' dir='ltr'><strong>plena</strong></span> <span class='ocrx_word' id='word_1_37' title='bbox 464 922 721 1003; x_wconf 88' lang='lat' dir='ltr'><strong>congregacione</strong></span> <span class='ocrx_word' id='word_1_38' title='bbox 751 921 980 1004; x_wconf 88' lang='lat' dir='ltr'><strong>magistrorum</strong></span> <span class='ocrx_word' id='word_1_39' title='bbox 1011 919 1052 984; x_wconf 89' lang='lat' dir='ltr'><strong>de</strong></span> <span class='ocrx_word' id='word_1_40' title='bbox 1081 921 1218 983; x_wconf 77' lang='lat' dir='ltr'><strong>nacione</strong></span> <span class='ocrx_word' id='word_1_41' title='bbox 1246 917 1449 982; x_wconf 85' lang='lat' dir='ltr'><strong>Bavarorum</strong></span> <span class='ocrx_word' id='word_1_42' title='bbox 1478 915 1668 982; x_wconf 87' lang='lat' dir='ltr'><strong>conclusum</strong></span> <span class='ocrx_word' id='word_1_43' title='bbox 1698 915 1771 998; x_wconf 84' lang='lat' dir='ltr'><strong>suit,</strong></span> 
     </span>
     <span class='ocr_line' id='line_1_6' title="bbox 296 1015 1770 1103; baseline -0.001 -21"><span class='ocrx_word' id='word_1_44' title='bbox 296 1027 312 1082; x_wconf 82' lang='grc'><strong>5</strong></span> <span class='ocrx_word' id='word_1_45' title='bbox 338 1017 426 1083; x_wconf 94' lang='lat' dir='ltr'><strong>nullo</strong></span> <span class='ocrx_word' id='word_1_46' title='bbox 448 1015 698 1100; x_wconf 75' lang='lat' dir='ltr'><strong>contradicente,</strong></span> <span class='ocrx_word' id='word_1_47' title='bbox 725 1029 761 1083; x_wconf 93' lang='lat' dir='ltr'><strong>ut</strong></span> <span class='ocrx_word' id='word_1_48' title='bbox 784 1020 916 1082; x_wconf 88' lang='lat' dir='ltr'><strong>inantea</strong></span> <span class='ocrx_word' id='word_1_49' title='bbox 941 1017 1129 1103; x_wconf 78' lang='lat' dir='ltr'><strong>diligentior</strong></span> <span class='ocrx_word' id='word_1_50' title='bbox 1155 1017 1214 1082; x_wconf 90' lang='lat' dir='ltr'><strong>liat</strong></span> <span class='ocrx_word' id='word_1_51' title='bbox 1239 1015 1385 1082; x_wconf 80' lang='lat' dir='ltr'><strong>collectio</strong></span> <span class='ocrx_word' id='word_1_52' title='bbox 1412 1017 1498 1080; x_wconf 89' lang='lat' dir='ltr'><strong>inter</strong></span> <span class='ocrx_word' id='word_1_53' title='bbox 1518 1015 1692 1102; x_wconf 88' lang='lat' dir='ltr'><strong>supposita</strong></span> <span class='ocrx_word' id='word_1_54' title='bbox 1713 1037 1770 1080; x_wconf 85' lang='lat' dir='ltr'><strong>na·</strong></span> 
     </span>
     <span class='ocr_line' id='line_1_7' title="bbox 338 1114 1770 1202; baseline -0.001 -20"><span class='ocrx_word' id='word_1_55' title='bbox 338 1118 440 1182; x_wconf 89' lang='lat' dir='ltr'><strong>olonis</strong></span> <span class='ocrx_word' id='word_1_56' title='bbox 462 1138 522 1202; x_wconf 92' lang='lat' dir='ltr'><strong>pro</strong></span> <span class='ocrx_word' id='word_1_57' title='bbox 545 1114 689 1180; x_wconf 89' lang='lat' dir='ltr'><strong>candelis</strong></span> <span class='ocrx_word' id='word_1_58' title='bbox 711 1127 743 1182; x_wconf 88' lang='lat' dir='ltr'><strong>et</strong></span> <span class='ocrx_word' id='word_1_59' title='bbox 765 1120 861 1182; x_wconf 86' lang='lat' dir='ltr'><strong>etiem</strong></span> <span class='ocrx_word' id='word_1_60' title='bbox 890 1138 949 1202; x_wconf 91' lang='lat' dir='ltr'><strong>pro</strong></span> <span class='ocrx_word' id='word_1_61' title='bbox 979 1116 1052 1181; x_wconf 86' lang='lat' dir='ltr'><strong>aliis</strong></span> <span class='ocrx_word' id='word_1_62' title='bbox 1080 1115 1270 1198; x_wconf 71' lang='lat' dir='ltr'><strong>tractandis,</strong></span> <span class='ocrx_word' id='word_1_63' title='bbox 1291 1115 1496 1182; x_wconf 89' lang='lat' dir='ltr'><strong>commodum</strong></span> <span class='ocrx_word' id='word_1_64' title='bbox 1518 1116 1667 1180; x_wconf 85' lang='lat' dir='ltr'><strong>nacionis</strong></span> <span class='ocrx_word' id='word_1_65' title='bbox 1693 1135 1770 1180; x_wconf 90' lang='lat' dir='ltr'><strong>con·</strong></span> 
     </span>
     <span class='ocr_line' id='line_1_8' title="bbox 337 1213 1769 1302; baseline -0.003 -20"><span class='ocrx_word' id='word_1_66' title='bbox 337 1213 558 1282; x_wconf 87' lang='lat' dir='ltr'><strong>cernentibus:</strong></span> <span class='ocrx_word' id='word_1_67' title='bbox 588 1217 697 1280; x_wconf 90' lang='lat' dir='ltr'><strong>statim</strong></span> <span class='ocrx_word' id='word_1_68' title='bbox 725 1225 800 1302; x_wconf 89' lang='lat' dir='ltr'><strong>post</strong></span> <span class='ocrx_word' id='word_1_69' title='bbox 827 1214 1180 1282; x_wconf 83' lang='lat' dir='ltr'><strong>recommendacionenr</strong></span> <span class='ocrx_word' id='word_1_70' title='bbox 1203 1217 1280 1280; x_wconf 90' lang='lat' dir='ltr'><strong>novi</strong></span> <span class='ocrx_word' id='word_1_71' title='bbox 1300 1215 1437 1280; x_wconf 87' lang='lat' dir='ltr'><strong>rectoris</strong></span> <span class='ocrx_word' id='word_1_72' title='bbox 1462 1213 1549 1278; x_wconf 88' lang='lat' dir='ltr'><strong>iufra</strong></span> <span class='ocrx_word' id='word_1_73' title='bbox 1570 1213 1769 1300; x_wconf 84' lang='lat' dir='ltr'><strong>quindenam</strong></span> 
     </span>
     <span class='ocr_line' id='line_1_9' title="bbox 338 1311 1768 1401; baseline -0.003 -20"><span class='ocrx_word' id='word_1_74' title='bbox 338 1316 401 1382; x_wconf 95' lang='lat' dir='ltr'><strong>duo</strong></span> <span class='ocrx_word' id='word_1_75' title='bbox 431 1314 610 1399; x_wconf 85' lang='lat' dir='ltr'><strong>iudiciales,</strong></span> <span class='ocrx_word' id='word_1_76' title='bbox 639 1325 778 1401; x_wconf 91' lang='lat' dir='ltr'><strong>protunc</strong></span> <span class='ocrx_word' id='word_1_77' title='bbox 804 1313 969 1380; x_wconf 90' lang='lat' dir='ltr'><strong>collecturi</strong></span> <span class='ocrx_word' id='word_1_78' title='bbox 992 1317 1163 1400; x_wconf 90' lang='lat' dir='ltr'><strong>pecuniam</strong></span> <span class='ocrx_word' id='word_1_79' title='bbox 1193 1314 1237 1379; x_wconf 88' lang='lat' dir='ltr'><strong>ad</strong></span> <span class='ocrx_word' id='word_1_80' title='bbox 1263 1313 1417 1378; x_wconf 85' lang='lat' dir='ltr'><strong>candelas</strong></span> <span class='ocrx_word' id='word_1_81' title='bbox 1446 1311 1622 1378; x_wconf 87' lang='lat' dir='ltr'><strong>secundum</strong></span> <span class='ocrx_word' id='word_1_82' title='bbox 1642 1335 1768 1378; x_wconf 86' lang='lat' dir='ltr'><strong>morem</strong></span> 
     </span>
     <span class='ocr_line' id='line_1_10' title="bbox 339 1411 1767 1502; baseline -0.002 -21"><span class='ocrx_word' id='word_1_83' title='bbox 339 1417 493 1482; x_wconf 80' lang='lat' dir='ltr'><strong>hactenus</strong></span> <span class='ocrx_word' id='word_1_84' title='bbox 521 1413 739 1495; x_wconf 86' lang='lat' dir='ltr'><strong>observatum,</strong></span> <span class='ocrx_word' id='word_1_85' title='bbox 767 1415 934 1502; x_wconf 87' lang='lat' dir='ltr'><strong>requirant</strong></span> <span class='ocrx_word' id='word_1_86' title='bbox 962 1415 1123 1478; x_wconf 88' lang='lat' dir='ltr'><strong>seniorem</strong></span> <span class='ocrx_word' id='word_1_87' title='bbox 1148 1415 1290 1479; x_wconf 87' lang='lat' dir='ltr'><strong>nationis</strong></span> <span class='ocrx_word' id='word_1_88' title='bbox 1319 1411 1363 1477; x_wconf 88' lang='lat' dir='ltr'><strong>ad</strong></span> <span class='ocrx_word' id='word_1_89' title='bbox 1391 1411 1637 1478; x_wconf 87' lang='lat' dir='ltr'><strong>convocandum</strong></span> <span class='ocrx_word' id='word_1_90' title='bbox 1663 1416 1767 1498; x_wconf 85' lang='lat' dir='ltr'><strong>magi·</strong></span> 
     </span>
     <span class='ocr_line' id='line_1_11' title="bbox 296 1511 1768 1600; baseline -0.005 -17"><span class='ocrx_word' id='word_1_91' title='bbox 296 1525 433 1597; x_wconf 80' lang='lat' dir='ltr'><strong>lustros,</strong></span> <span class='ocrx_word' id='word_1_92' title='bbox 462 1523 496 1578; x_wconf 88' lang='lat' dir='ltr'><strong>ut</strong></span> <span class='ocrx_word' id='word_1_93' title='bbox 520 1512 764 1600; x_wconf 90' lang='lat' dir='ltr'><strong>supradictum</strong></span> <span class='ocrx_word' id='word_1_94' title='bbox 787 1523 846 1595; x_wconf 87' lang='lat' dir='ltr'><strong>est,</strong></span> <span class='ocrx_word' id='word_1_95' title='bbox 874 1511 934 1576; x_wconf 91' lang='lat' dir='ltr'><strong>sub</strong></span> <span class='ocrx_word' id='word_1_96' title='bbox 954 1535 1060 1600; x_wconf 89' lang='lat' dir='ltr'><strong>poena</strong></span> <span class='ocrx_word' id='word_1_97' title='bbox 1080 1515 1175 1578; x_wconf 91' lang='lat' dir='ltr'><strong>unius</strong></span> <span class='ocrx_word' id='word_1_98' title='bbox 1196 1511 1296 1577; x_wconf 90' lang='lat' dir='ltr'><strong>medii</strong></span> <span class='ocrx_word' id='word_1_99' title='bbox 1319 1511 1442 1578; x_wconf 88' lang='lat' dir='ltr'><strong>floreni.</strong></span> <span class='ocrx_word' id='word_1_100' title='bbox 1480 1511 1568 1576; x_wconf 87' lang='lat' dir='ltr'><strong>Acta</strong></span> <span class='ocrx_word' id='word_1_101' title='bbox 1589 1521 1666 1578; x_wconf 89' lang='lat' dir='ltr'><strong>sunt</strong></span> <span class='ocrx_word' id='word_1_102' title='bbox 1686 1511 1768 1576; x_wconf 85' lang='lat' dir='ltr'><strong>haec</strong></span> 
     </span>
     <span class='ocr_line' id='line_1_12' title="bbox 336 1609 1765 1699; baseline -0.004 -18"><span class='ocrx_word' id='word_1_103' title='bbox 336 1615 500 1681; x_wconf 88' lang='lat' dir='ltr'><strong>dominica</strong></span> <span class='ocrx_word' id='word_1_104' title='bbox 521 1611 574 1677; x_wconf 90' lang='lat' dir='ltr'><strong>die</strong></span> <span class='ocrx_word' id='word_1_105' title='bbox 596 1621 727 1676; x_wconf 87' lang='lat' dir='ltr'><strong>sanctae</strong></span> <span class='ocrx_word' id='word_1_106' title='bbox 749 1609 1000 1698; x_wconf 88' lang='lat' dir='ltr'><strong>individuaeque</strong></span> <span class='ocrx_word' id='word_1_107' title='bbox 1011 1611 1183 1677; x_wconf 85' lang='lat' dir='ltr'><strong>Trinitatis</strong></span> <span class='ocrx_word' id='word_1_108' title='bbox 1205 1619 1279 1691; x_wconf 79' lang='lat' dir='ltr'><strong>(dra</strong></span> <span class='ocrx_word' id='word_1_109' title='bbox 1296 1615 1440 1690; x_wconf 70' lang='grc'><strong>15115)</strong></span> <span class='ocrx_word' id='word_1_110' title='bbox 1461 1632 1547 1675; x_wconf 90' lang='lat' dir='ltr'><strong>anno</strong></span> <span class='ocrx_word' id='word_1_111' title='bbox 1567 1633 1632 1698; x_wconf 94' lang='lat' dir='ltr'><strong>quo</strong></span> <span class='ocrx_word' id='word_1_112' title='bbox 1654 1634 1765 1699; x_wconf 88' lang='lat' dir='ltr'><strong>supra.</strong></span> 
     </span>
     <span class='ocr_line' id='line_1_13' title="bbox 422 1709 1767 1800; baseline -0.002 -21"><span class='ocrx_word' id='word_1_113' title='bbox 422 1719 467 1781; x_wconf 88' lang='grc'><strong>13.</strong></span> <span class='ocrx_word' id='word_1_114' title='bbox 497 1711 594 1778; x_wconf 87' lang='lat' dir='ltr'><strong>Anno</strong></span> <span class='ocrx_word' id='word_1_115' title='bbox 617 1710 739 1776; x_wconf 92' lang='lat' dir='ltr'><strong>domini</strong></span> <span class='ocrx_word' id='word_1_116' title='bbox 759 1709 813 1774; x_wconf 78' lang='lat' dir='ltr'><strong>Ml</strong></span> <span class='ocrx_word' id='word_1_117' title='bbox 834 1709 1152 1798; x_wconf 88' lang='lat' dir='ltr'><strong>quadringentesimo</strong></span> <span class='ocrx_word' id='word_1_118' title='bbox 1175 1712 1444 1800; x_wconf 89' lang='lat' dir='ltr'><strong>quinquagesimo</strong></span> <span class='ocrx_word' id='word_1_119' title='bbox 1466 1711 1568 1776; x_wconf 85' lang='lat' dir='ltr'><strong>tercio</strong></span> <span class='ocrx_word' id='word_1_120' title='bbox 1589 1710 1643 1776; x_wconf 90' lang='lat' dir='ltr'><strong>die</strong></span> <span class='ocrx_word' id='word_1_121' title='bbox 1662 1713 1767 1777; x_wconf 88' lang='lat' dir='ltr'><strong>tercia</strong></span> 
     </span>
     <span class='ocr_line' id='line_1_14' title="bbox 336 1809 1767 1897; baseline -0.001 -19"><span class='ocrx_word' id='word_1_122' title='bbox 336 1810 532 1880; x_wconf 87' lang='lat' dir='ltr'><strong>Novembris</strong></span> <span class='ocrx_word' id='word_1_123' title='bbox 553 1817 647 1888; x_wconf 87' lang='grc'><strong>(1453</strong></span> <span class='ocrx_word' id='word_1_124' title='bbox 667 1816 724 1873; x_wconf 82' lang='lat' dir='ltr'><strong>den</strong></span> <span class='ocrx_word' id='word_1_125' title='bbox 746 1815 773 1878; x_wconf 88' lang='lat'><strong>3.</strong></span> <span class='ocrx_word' id='word_1_126' title='bbox 794 1813 969 1887; x_wconf 72' lang='lat' dir='ltr'><strong>November)</strong></span> <span class='ocrx_word' id='word_1_127' title='bbox 993 1811 1028 1874; x_wconf 91' lang='lat' dir='ltr'><strong>in</strong></span> <span class='ocrx_word' id='word_1_128' title='bbox 1054 1809 1151 1896; x_wconf 89' lang='lat' dir='ltr'><strong>plena</strong></span> <span class='ocrx_word' id='word_1_129' title='bbox 1179 1812 1437 1897; x_wconf 81' lang='lat' dir='ltr'><strong>congregacione</strong></span> <span class='ocrx_word' id='word_1_130' title='bbox 1465 1810 1699 1895; x_wconf 87' lang='lat' dir='ltr'><strong>magistrorum</strong></span> <span class='ocrx_word' id='word_1_131' title='bbox 1727 1810 1767 1876; x_wconf 88' lang='lat' dir='ltr'><strong>de</strong></span> 
     </span>
     <span class='ocr_line' id='line_1_15' title="bbox 336 1908 1767 1996; baseline -0.001 -20"><span class='ocrx_word' id='word_1_132' title='bbox 336 1913 474 1976; x_wconf 87' lang='lat' dir='ltr'><strong>nacione</strong></span> <span class='ocrx_word' id='word_1_133' title='bbox 485 1908 691 1974; x_wconf 87' lang='lat' dir='ltr'><strong>Bavarorum</strong></span> <span class='ocrx_word' id='word_1_134' title='bbox 711 1909 843 1996; x_wconf 88' lang='lat' dir='ltr'><strong>placuit,</strong></span> <span class='ocrx_word' id='word_1_135' title='bbox 866 1908 953 1973; x_wconf 92' lang='lat' dir='ltr'><strong>nullo</strong></span> <span class='ocrx_word' id='word_1_136' title='bbox 976 1908 1226 1992; x_wconf 83' lang='lat' dir='ltr'><strong>contradicente,</strong></span> <span class='ocrx_word' id='word_1_137' title='bbox 1249 1909 1335 1995; x_wconf 91' lang='lat' dir='ltr'><strong>quod</strong></span> <span class='ocrx_word' id='word_1_138' title='bbox 1354 1911 1485 1974; x_wconf 86' lang='lat' dir='ltr'><strong>inantea</strong></span> <span class='ocrx_word' id='word_1_139' title='bbox 1507 1910 1595 1974; x_wconf 78' lang='grc'><strong>51555</strong></span> <span class='ocrx_word' id='word_1_140' title='bbox 1616 1909 1767 1975; x_wconf 89' lang='lat' dir='ltr'><strong>solemni·</strong></span> 
     </span>
     <span class='ocr_line' id='line_1_16' title="bbox 295 2007 1766 2096; baseline -0.003 -18"><span class='ocrx_word' id='word_1_141' title='bbox 295 2021 437 2078; x_wconf 77' lang='lat' dir='ltr'><strong>litatem</strong></span> <span class='ocrx_word' id='word_1_142' title='bbox 463 2009 650 2076; x_wconf 82' lang='lat' dir='ltr'><strong>festivitatis</strong></span> <span class='ocrx_word' id='word_1_143' title='bbox 676 2010 821 2096; x_wconf 86' lang='lat' dir='ltr'><strong>corporis</strong></span> <span class='ocrx_word' id='word_1_144' title='bbox 843 2007 965 2074; x_wconf 81' lang='lat' dir='ltr'><strong>Christi</strong></span> <span class='ocrx_word' id='word_1_145' title='bbox 992 2009 1167 2094; x_wconf 81' lang='lat' dir='ltr'><strong>portitores</strong></span> <span class='ocrx_word' id='word_1_146' title='bbox 1194 2008 1414 2092; x_wconf 86' lang='lat' dir='ltr'><strong>candelarum,</strong></span> <span class='ocrx_word' id='word_1_147' title='bbox 1438 2031 1480 2074; x_wconf 86' lang='lat' dir='ltr'><strong>ex</strong></span> <span class='ocrx_word' id='word_1_148' title='bbox 1502 2019 1597 2096; x_wconf 83' lang='lat' dir='ltr'><strong>parte</strong></span> <span class='ocrx_word' id='word_1_149' title='bbox 1617 2011 1766 2075; x_wconf 88' lang='lat' dir='ltr'><strong>nacionis</strong></span> 
     </span>
     <span class='ocr_line' id='line_1_17' title="bbox 336 2107 1767 2198; baseline -0.001 -23"><span class='ocrx_word' id='word_1_150' title='bbox 336 2132 398 2198; x_wconf 91' lang='lat' dir='ltr'><strong>pro</strong></span> <span class='ocrx_word' id='word_1_151' title='bbox 419 2109 607 2173; x_wconf 87' lang='lat' dir='ltr'><strong>reverencia</strong></span> <span class='ocrx_word' id='word_1_152' title='bbox 630 2109 827 2172; x_wconf 87' lang='lat' dir='ltr'><strong>sacramenti</strong></span> <span class='ocrx_word' id='word_1_153' title='bbox 847 2129 937 2172; x_wconf 92' lang='lat' dir='ltr'><strong>more</strong></span> <span class='ocrx_word' id='word_1_154' title='bbox 959 2107 1054 2172; x_wconf 91' lang='lat' dir='ltr'><strong>solito</strong></span> <span class='ocrx_word' id='word_1_155' title='bbox 1080 2107 1235 2195; x_wconf 88' lang='lat' dir='ltr'><strong>deputati,</strong></span> <span class='ocrx_word' id='word_1_156' title='bbox 1266 2111 1294 2173; x_wconf 91' lang='lat' dir='ltr'><strong>si</strong></span> <span class='ocrx_word' id='word_1_157' title='bbox 1320 2130 1385 2196; x_wconf 91' lang='lat' dir='ltr'><strong>qua</strong></span> <span class='ocrx_word' id='word_1_158' title='bbox 1412 2117 1603 2175; x_wconf 83' lang='lat' dir='ltr'><strong>ornamenta</strong></span> <span class='ocrx_word' id='word_1_159' title='bbox 1632 2107 1767 2174; x_wconf 89' lang='lat' dir='ltr'><strong>monilia</strong></span> 
     </span>
     <span class='ocr_line' id='line_1_18' title="bbox 337 2205 1766 2296; baseline -0.002 -21"><span class='ocrx_word' id='word_1_160' title='bbox 337 2219 396 2275; x_wconf 92' lang='lat' dir='ltr'><strong>aut</strong></span> <span class='ocrx_word' id='word_1_161' title='bbox 421 2207 487 2273; x_wconf 89' lang='lat' dir='ltr'><strong>alia</strong></span> <span class='ocrx_word' id='word_1_162' title='bbox 512 2207 695 2272; x_wconf 90' lang='lat' dir='ltr'><strong>huiusmodi</strong></span> <span class='ocrx_word' id='word_1_163' title='bbox 719 2229 780 2294; x_wconf 92' lang='lat' dir='ltr'><strong>pro</strong></span> <span class='ocrx_word' id='word_1_164' title='bbox 803 2215 919 2270; x_wconf 91' lang='lat' dir='ltr'><strong>ornatu</strong></span> <span class='ocrx_word' id='word_1_165' title='bbox 946 2205 1122 2271; x_wconf 85' lang='lat' dir='ltr'><strong>decentiori</strong></span> <span class='ocrx_word' id='word_1_166' title='bbox 1150 2206 1281 2272; x_wconf 88' lang='lat' dir='ltr'><strong>aliunde</strong></span> <span class='ocrx_word' id='word_1_167' title='bbox 1310 2206 1555 2274; x_wconf 82' lang='lat' dir='ltr'><strong>comodsverint</strong></span> <span class='ocrx_word' id='word_1_168' title='bbox 1582 2215 1614 2271; x_wconf 89' lang='lat' dir='ltr'><strong>et</strong></span> <span class='ocrx_word' id='word_1_169' title='bbox 1642 2206 1766 2296; x_wconf 88' lang='lat' dir='ltr'><strong>aliquid</strong></span> 
     </span>
     <span class='ocr_line' id='line_1_19' title="bbox 340 2304 1690 2395; baseline -0.002 -22"><span class='ocrx_word' id='word_1_170' title='bbox 340 2331 382 2374; x_wconf 85' lang='lat' dir='ltr'><strong>ex</strong></span> <span class='ocrx_word' id='word_1_171' title='bbox 405 2307 456 2372; x_wconf 90' lang='lat' dir='ltr'><strong>his</strong></span> <span class='ocrx_word' id='word_1_172' title='bbox 476 2307 686 2395; x_wconf 89' lang='lat' dir='ltr'><strong>perdiderint,</strong></span> <span class='ocrx_word' id='word_1_173' title='bbox 708 2307 797 2370; x_wconf 85' lang='lat' dir='ltr'><strong>natio</strong></span> <span class='ocrx_word' id='word_1_174' title='bbox 817 2327 883 2369; x_wconf 93' lang='lat' dir='ltr'><strong>non</strong></span> <span class='ocrx_word' id='word_1_175' title='bbox 903 2304 981 2369; x_wconf 88' lang='lat' dir='ltr'><strong>velit</strong></span> <span class='ocrx_word' id='word_1_176' title='bbox 1002 2305 1155 2371; x_wconf 86' lang='lat' dir='ltr'><strong>damnum</strong></span> <span class='ocrx_word' id='word_1_177' title='bbox 1176 2306 1241 2370; x_wconf 89' lang='lat' dir='ltr'><strong>tale</strong></span> <span class='ocrx_word' id='word_1_178' title='bbox 1262 2305 1503 2392; x_wconf 90' lang='lat' dir='ltr'><strong>quomodolibet</strong></span> <span class='ocrx_word' id='word_1_179' title='bbox 1524 2307 1690 2372; x_wconf 83' lang='lat' dir='ltr'><strong>resartire.</strong></span> 
     </span>
     <span class='ocr_line' id='line_1_20' title="bbox 423 2403 1765 2494; baseline -0.004 -19"><span class='ocrx_word' id='word_1_180' title='bbox 423 2415 470 2475; x_wconf 91' lang='grc'><strong>14.</strong></span> <span class='ocrx_word' id='word_1_181' title='bbox 504 2403 568 2494; x_wconf 79' lang='lat' dir='ltr'><strong>[ps]</strong></span> <span class='ocrx_word' id='word_1_182' title='bbox 591 2406 672 2470; x_wconf 87' lang='lat' dir='ltr'><strong>Item</strong></span> <span class='ocrx_word' id='word_1_183' title='bbox 693 2427 777 2470; x_wconf 90' lang='lat' dir='ltr'><strong>anno</strong></span> <span class='ocrx_word' id='word_1_184' title='bbox 790 2403 911 2470; x_wconf 88' lang='lat' dir='ltr'><strong>domini</strong></span> <span class='ocrx_word' id='word_1_185' title='bbox 922 2403 974 2468; x_wconf 79' lang='lat' dir='ltr'><strong>Ml</strong></span> <span class='ocrx_word' id='word_1_186' title='bbox 986 2403 1120 2471; x_wconf 77' lang='lat'>00000</span> <span class='ocrx_word' id='word_1_187' title='bbox 1134 2403 1294 2470; x_wconf 85' lang='lat' dir='ltr'><strong>LXVIII⁰</strong></span> <span class='ocrx_word' id='word_1_188' title='bbox 1313 2407 1347 2470; x_wconf 93' lang='lat' dir='ltr'><strong>in</strong></span> <span class='ocrx_word' id='word_1_189' title='bbox 1362 2407 1602 2472; x_wconf 90' lang='lat' dir='ltr'><strong>convocacione</strong></span> <span class='ocrx_word' id='word_1_190' title='bbox 1613 2407 1765 2471; x_wconf 86' lang='lat' dir='ltr'><strong>aestivali</strong></span> 
     </span>
     <span class='ocr_line' id='line_1_21' title="bbox 294 2504 1765 2591; baseline -0.003 -16"><span class='ocrx_word' id='word_1_191' title='bbox 294 2511 425 2575; x_wconf 77' lang='grc'><strong>2051555</strong></span> <span class='ocrx_word' id='word_1_192' title='bbox 453 2508 570 2572; x_wconf 86' lang='lat' dir='ltr'><strong>festum</strong></span> <span class='ocrx_word' id='word_1_193' title='bbox 601 2505 800 2570; x_wconf 84' lang='lat' dir='ltr'><strong>ascensionis</strong></span> <span class='ocrx_word' id='word_1_194' title='bbox 828 2507 921 2581; x_wconf 86' lang='grc'><strong>(1468</strong></span> <span class='ocrx_word' id='word_1_195' title='bbox 944 2509 999 2565; x_wconf 81' lang='lat' dir='ltr'><strong>den</strong></span> <span class='ocrx_word' id='word_1_196' title='bbox 1027 2509 1075 2571; x_wconf 82' lang='lat'><strong>26.</strong></span> <span class='ocrx_word' id='word_1_197' title='bbox 1096 2507 1178 2584; x_wconf 84' lang='lat' dir='ltr'><strong>Mai)</strong></span> <span class='ocrx_word' id='word_1_198' title='bbox 1207 2504 1391 2570; x_wconf 88' lang='lat' dir='ltr'><strong>conclusmn</strong></span> <span class='ocrx_word' id='word_1_199' title='bbox 1418 2505 1478 2570; x_wconf 87' lang='lat' dir='ltr'><strong>luit</strong></span> <span class='ocrx_word' id='word_1_200' title='bbox 1504 2527 1563 2591; x_wconf 91' lang='lat' dir='ltr'><strong>per</strong></span> <span class='ocrx_word' id='word_1_201' title='bbox 1589 2508 1765 2590; x_wconf 86' lang='lat' dir='ltr'><strong>magistros</strong></span> 
     </span>
     <span class='ocr_line' id='line_1_22' title="bbox 335 2599 1763 2692; baseline -0.004 -18"><span class='ocrx_word' id='word_1_202' title='bbox 335 2609 492 2690; x_wconf 87' lang='lat' dir='ltr'><strong>nacionis,</strong></span> <span class='ocrx_word' id='word_1_203' title='bbox 521 2604 608 2692; x_wconf 91' lang='lat' dir='ltr'><strong>quod</strong></span> <span class='ocrx_word' id='word_1_204' title='bbox 629 2603 714 2668; x_wconf 89' lang='lat' dir='ltr'><strong>ultra</strong></span> <span class='ocrx_word' id='word_1_205' title='bbox 737 2602 878 2668; x_wconf 89' lang='lat' dir='ltr'><strong>sedecim</strong></span> <span class='ocrx_word' id='word_1_206' title='bbox 904 2599 956 2686; x_wconf 73' lang='lat' dir='ltr'><strong>gl,</strong></span> <span class='ocrx_word' id='word_1_207' title='bbox 982 2603 1072 2688; x_wconf 90' lang='lat' dir='ltr'><strong>prius</strong></span> <span class='ocrx_word' id='word_1_208' title='bbox 1095 2603 1306 2688; x_wconf 86' lang='lat' dir='ltr'><strong>portitoribus</strong></span> <span class='ocrx_word' id='word_1_209' title='bbox 1335 2625 1394 2690; x_wconf 90' lang='lat' dir='ltr'><strong>per</strong></span> <span class='ocrx_word' id='word_1_210' title='bbox 1422 2605 1594 2670; x_wconf 80' lang='lat' dir='ltr'><strong>necionem</strong></span> <span class='ocrx_word' id='word_1_211' title='bbox 1625 2604 1763 2692; x_wconf 88' lang='lat' dir='ltr'><strong>deputa-</strong></span> 
     </span>
     <span class='ocr_line' id='line_1_23' title="bbox 335 2700 1480 2794; baseline -0.005 -22"><span class='ocrx_word' id='word_1_212' title='bbox 335 2718 396 2791; x_wconf 88' lang='lat' dir='ltr'><strong>tos,</strong></span> <span class='ocrx_word' id='word_1_213' title='bbox 415 2728 476 2794; x_wconf 94' lang='lat' dir='ltr'><strong>pro</strong></span> <span class='ocrx_word' id='word_1_214' title='bbox 498 2704 648 2769; x_wconf 88' lang='lat' dir='ltr'><strong>uberiore</strong></span> <span class='ocrx_word' id='word_1_215' title='bbox 670 2725 780 2766; x_wconf 90' lang='lat' dir='ltr'><strong>eorum</strong></span> <span class='ocrx_word' id='word_1_216' title='bbox 801 2700 1026 2767; x_wconf 89' lang='lat' dir='ltr'><strong>consolacione</strong></span> <span class='ocrx_word' id='word_1_217' title='bbox 1048 2711 1186 2788; x_wconf 90' lang='lat' dir='ltr'><strong>quatuor</strong></span> <span class='ocrx_word' id='word_1_218' title='bbox 1208 2701 1250 2787; x_wconf 87' lang='lat' dir='ltr'><strong>gl.</strong></span> <span class='ocrx_word' id='word_1_219' title='bbox 1273 2701 1480 2768; x_wconf 87' lang='lat' dir='ltr'><strong>adderentur.</strong></span> 
     </span>
     <span class='ocr_line' id='line_1_24' title="bbox 421 2800 1763 2872; baseline -0.004 0"><span class='ocrx_word' id='word_1_220' title='bbox 421 2813 466 2872; x_wconf 83' lang='lat'><strong>15.</strong></span> <span class='ocrx_word' id='word_1_221' title='bbox 498 2805 579 2869; x_wconf 89' lang='lat' dir='ltr'><strong>Item</strong></span> <span class='ocrx_word' id='word_1_222' title='bbox 617 2823 702 2868; x_wconf 90' lang='lat' dir='ltr'><strong>anno</strong></span> <span class='ocrx_word' id='word_1_223' title='bbox 735 2800 856 2864; x_wconf 89' lang='lat' dir='ltr'><strong>domini</strong></span> <span class='ocrx_word' id='word_1_224' title='bbox 891 2805 969 2866; x_wconf 81' lang='grc'><strong>1414</strong></span> <span class='ocrx_word' id='word_1_225' title='bbox 1001 2801 1035 2864; x_wconf 92' lang='lat' dir='ltr'><strong>in</strong></span> <span class='ocrx_word' id='word_1_226' title='bbox 1067 2803 1305 2865; x_wconf 86' lang='lat' dir='ltr'><strong>convocacione</strong></span> <span class='ocrx_word' id='word_1_227' title='bbox 1337 2801 1487 2867; x_wconf 84' lang='lat' dir='ltr'><strong>aestivali</strong></span> <span class='ocrx_word' id='word_1_228' title='bbox 1519 2803 1609 2868; x_wconf 89' lang='lat' dir='ltr'><strong>circa</strong></span> <span class='ocrx_word' id='word_1_229' title='bbox 1645 2804 1763 2867; x_wconf 88' lang='lat' dir='ltr'><strong>festum</strong></span> 
     </span>
     <span class='ocr_line' id='line_1_25' title="bbox 337 2897 1764 2988; baseline -0.005 -18"><span class='ocrx_word' id='word_1_230' title='bbox 337 2904 536 2970; x_wconf 85' lang='lat' dir='ltr'><strong>ascensionis</strong></span> <span class='ocrx_word' id='word_1_231' title='bbox 565 2907 608 2980; x_wconf 83' lang='lat' dir='ltr'><strong>(d.</strong></span> <span class='ocrx_word' id='word_1_232' title='bbox 638 2906 683 2967; x_wconf 81' lang='lat'><strong>19.</strong></span> <span class='ocrx_word' id='word_1_233' title='bbox 710 2903 791 2978; x_wconf 82' lang='lat' dir='ltr'><strong>Mai)</strong></span> <span class='ocrx_word' id='word_1_234' title='bbox 820 2897 1005 2964; x_wconf 89' lang='lat' dir='ltr'><strong>conclusum</strong></span> <span class='ocrx_word' id='word_1_235' title='bbox 1032 2899 1093 2963; x_wconf 91' lang='lat' dir='ltr'><strong>fuit</strong></span> <span class='ocrx_word' id='word_1_236' title='bbox 1119 2921 1178 2984; x_wconf 90' lang='lat' dir='ltr'><strong>per</strong></span> <span class='ocrx_word' id='word_1_237' title='bbox 1207 2901 1391 2983; x_wconf 86' lang='lat' dir='ltr'><strong>necionem,</strong></span> <span class='ocrx_word' id='word_1_238' title='bbox 1420 2901 1506 2988; x_wconf 91' lang='lat' dir='ltr'><strong>quod</strong></span> <span class='ocrx_word' id='word_1_239' title='bbox 1533 2901 1621 2966; x_wconf 89' lang='lat' dir='ltr'><strong>ultra</strong></span> <span class='ocrx_word' id='word_1_240' title='bbox 1651 2907 1692 2967; x_wconf 79' lang='lat'><strong>26</strong></span> <span class='ocrx_word' id='word_1_241' title='bbox 1723 2901 1764 2988; x_wconf 89' lang='lat' dir='ltr'><strong>gl.</strong></span> 
     </span>
     <span class='ocr_line' id='line_1_26' title="bbox 292 2998 1762 3088; baseline -0.004 -18"><span class='ocrx_word' id='word_1_242' title='bbox 292 3003 570 3070; x_wconf 80' lang='lat' dir='ltr'><strong>25adderentur4</strong></span> <span class='ocrx_word' id='word_1_243' title='bbox 593 2999 635 3086; x_wconf 92' lang='lat' dir='ltr'><strong>gl.</strong></span> <span class='ocrx_word' id='word_1_244' title='bbox 656 3000 731 3064; x_wconf 91' lang='lat' dir='ltr'><strong>novi</strong></span> <span class='ocrx_word' id='word_1_245' title='bbox 760 3009 792 3062; x_wconf 92' lang='lat' dir='ltr'><strong>et</strong></span> <span class='ocrx_word' id='word_1_246' title='bbox 812 3021 876 3064; x_wconf 93' lang='lat' dir='ltr'><strong>non</strong></span> <span class='ocrx_word' id='word_1_247' title='bbox 905 2998 1045 3086; x_wconf 89' lang='lat' dir='ltr'><strong>amplius</strong></span> <span class='ocrx_word' id='word_1_248' title='bbox 1071 2998 1283 3084; x_wconf 88' lang='lat' dir='ltr'><strong>portitoribus</strong></span> <span class='ocrx_word' id='word_1_249' title='bbox 1308 2999 1528 3085; x_wconf 88' lang='lat' dir='ltr'><strong>candelarum,</strong></span> <span class='ocrx_word' id='word_1_250' title='bbox 1555 3023 1617 3088; x_wconf 93' lang='lat' dir='ltr'><strong>pro</strong></span> <span class='ocrx_word' id='word_1_251' title='bbox 1646 2999 1762 3087; x_wconf 87' lang='lat' dir='ltr'><strong>quibus</strong></span> 
     </span>
     <span class='ocr_line' id='line_1_27' title="bbox 335 3096 1763 3188; baseline -0.004 -19"><span class='ocrx_word' id='word_1_252' title='bbox 335 3109 374 3170; x_wconf 77' lang='lat'><strong>24</strong></span> <span class='ocrx_word' id='word_1_253' title='bbox 396 3102 439 3188; x_wconf 87' lang='lat' dir='ltr'><strong>gl.</strong></span> <span class='ocrx_word' id='word_1_254' title='bbox 462 3109 651 3188; x_wconf 87' lang='lat' dir='ltr'><strong>comparent</strong></span> <span class='ocrx_word' id='word_1_255' title='bbox 671 3099 717 3162; x_wconf 91' lang='lat' dir='ltr'><strong>eis</strong></span> <span class='ocrx_word' id='word_1_256' title='bbox 739 3097 865 3163; x_wconf 87' lang='lat' dir='ltr'><strong>calceos</strong></span> <span class='ocrx_word' id='word_1_257' title='bbox 886 3107 942 3162; x_wconf 88' lang='lat' dir='ltr'><strong>aut</strong></span> <span class='ocrx_word' id='word_1_258' title='bbox 970 3096 1175 3164; x_wconf 88' lang='lat' dir='ltr'><strong>collationem</strong></span> <span class='ocrx_word' id='word_1_259' title='bbox 1204 3099 1326 3163; x_wconf 88' lang='lat' dir='ltr'><strong>faciant</strong></span> <span class='ocrx_word' id='word_1_260' title='bbox 1355 3108 1411 3164; x_wconf 88' lang='lat' dir='ltr'><strong>aut</strong></span> <span class='ocrx_word' id='word_1_261' title='bbox 1435 3103 1520 3166; x_wconf 87' lang='lat' dir='ltr'><strong>inter</strong></span> <span class='ocrx_word' id='word_1_262' title='bbox 1545 3123 1580 3166; x_wconf 88' lang='lat' dir='ltr'><strong>se</strong></span> <span class='ocrx_word' id='word_1_263' title='bbox 1601 3099 1763 3182; x_wconf 85' lang='lat' dir='ltr'><strong>dividant,</strong></span> 
     </span>
     <span class='ocr_line' id='line_1_28' title="bbox 334 3197 719 3287; baseline -0.016 -19"><span class='ocrx_word' id='word_1_264' title='bbox 334 3203 429 3269; x_wconf 91' lang='lat' dir='ltr'><strong>sicuti</strong></span> <span class='ocrx_word' id='word_1_265' title='bbox 450 3201 533 3287; x_wconf 87' lang='lat' dir='ltr'><strong>ipsis</strong></span> <span class='ocrx_word' id='word_1_266' title='bbox 552 3197 719 3286; x_wconf 89' lang='lat' dir='ltr'><strong>placuerit.</strong></span> 
     </span>
     <span class='ocr_line' id='line_1_29' title="bbox 419 3295 1762 3384; baseline -0.003 -16"><span class='ocrx_word' id='word_1_267' title='bbox 419 3305 466 3367; x_wconf 87' lang='lat'><strong>16.</strong></span> <span class='ocrx_word' id='word_1_268' title='bbox 495 3299 577 3364; x_wconf 89' lang='lat' dir='ltr'><strong>Item</strong></span> <span class='ocrx_word' id='word_1_269' title='bbox 598 3318 682 3362; x_wconf 89' lang='lat' dir='ltr'><strong>anno</strong></span> <span class='ocrx_word' id='word_1_270' title='bbox 705 3295 828 3361; x_wconf 90' lang='lat' dir='ltr'><strong>domini</strong></span> <span class='ocrx_word' id='word_1_271' title='bbox 853 3302 931 3363; x_wconf 84' lang='grc'><strong>1475</strong></span> <span class='ocrx_word' id='word_1_272' title='bbox 959 3297 993 3360; x_wconf 93' lang='lat' dir='ltr'><strong>in</strong></span> <span class='ocrx_word' id='word_1_273' title='bbox 1015 3299 1254 3363; x_wconf 88' lang='lat' dir='ltr'><strong>convocacione</strong></span> <span class='ocrx_word' id='word_1_274' title='bbox 1275 3298 1506 3384; x_wconf 86' lang='lat' dir='ltr'><strong>magistrorum</strong></span> <span class='ocrx_word' id='word_1_275' title='bbox 1532 3299 1682 3364; x_wconf 91' lang='lat' dir='ltr'><strong>nacionis</strong></span> <span class='ocrx_word' id='word_1_276' title='bbox 1701 3298 1762 3364; x_wconf 88' lang='lat' dir='ltr'><strong>Ba·</strong></span> 
     </span>
     <span class='ocr_line' id='line_1_30' title="bbox 334 3395 1765 3484; baseline -0.002 -18"><span class='ocrx_word' id='word_1_277' title='bbox 334 3421 488 3466; x_wconf 79' lang='lat' dir='ltr'><strong>varonum</strong></span> <span class='ocrx_word' id='word_1_278' title='bbox 516 3397 702 3464; x_wconf 90' lang='lat' dir='ltr'><strong>couclusum</strong></span> <span class='ocrx_word' id='word_1_279' title='bbox 728 3395 790 3460; x_wconf 86' lang='lat' dir='ltr'><strong>fuit</strong></span> <span class='ocrx_word' id='word_1_280' title='bbox 818 3395 1021 3460; x_wconf 90' lang='lat' dir='ltr'><strong>concorditer</strong></span> <span class='ocrx_word' id='word_1_281' title='bbox 1049 3419 1107 3482; x_wconf 89' lang='lat' dir='ltr'><strong>per</strong></span> <span class='ocrx_word' id='word_1_282' title='bbox 1137 3419 1247 3462; x_wconf 89' lang='lat' dir='ltr'><strong>omnes</strong></span> <span class='ocrx_word' id='word_1_283' title='bbox 1273 3397 1460 3484; x_wconf 84' lang='lat' dir='ltr'><strong>magistros,</strong></span> <span class='ocrx_word' id='word_1_284' title='bbox 1490 3396 1579 3463; x_wconf 92' lang='lat' dir='ltr'><strong>nullo</strong></span> <span class='ocrx_word' id='word_1_285' title='bbox 1602 3397 1765 3463; x_wconf 89' lang='lat' dir='ltr'><strong>contradi·</strong></span> 
     </span>
     <span class='ocr_line' id='line_1_31' title="bbox 292 3493 1764 3585; baseline -0.003 -19"><span class='ocrx_word' id='word_1_286' title='bbox 292 3507 443 3581; x_wconf 74' lang='lat' dir='ltr'><strong>tonante,</strong></span> <span class='ocrx_word' id='word_1_287' title='bbox 472 3495 559 3585; x_wconf 93' lang='lat' dir='ltr'><strong>quod</strong></span> <span class='ocrx_word' id='word_1_288' title='bbox 588 3517 714 3560; x_wconf 89' lang='lat' dir='ltr'><strong>summa</strong></span> <span class='ocrx_word' id='word_1_289' title='bbox 741 3493 953 3582; x_wconf 88' lang='lat' dir='ltr'><strong>portitoribus</strong></span> <span class='ocrx_word' id='word_1_290' title='bbox 978 3496 1186 3561; x_wconf 87' lang='lat' dir='ltr'><strong>candelarum</strong></span> <span class='ocrx_word' id='word_1_291' title='bbox 1214 3519 1298 3561; x_wconf 87' lang='lat' dir='ltr'><strong>anno</strong></span> <span class='ocrx_word' id='word_1_292' title='bbox 1319 3497 1495 3584; x_wconf 88' lang='lat' dir='ltr'><strong>praeterito</strong></span> <span class='ocrx_word' id='word_1_293' title='bbox 1516 3496 1674 3584; x_wconf 83' lang='lat' dir='ltr'><strong>deputata</strong></span> <span class='ocrx_word' id='word_1_294' title='bbox 1699 3519 1764 3562; x_wconf 87' lang='lat' dir='ltr'><strong>ma-</strong></span> 
     </span>
     <span class='ocr_line' id='line_1_32' title="bbox 334 3592 788 3681; baseline -0.013 -17"><span class='ocrx_word' id='word_1_295' title='bbox 334 3607 423 3681; x_wconf 89' lang='lat' dir='ltr'><strong>neat,</strong></span> <span class='ocrx_word' id='word_1_296' title='bbox 445 3595 627 3662; x_wconf 69' lang='lat' dir='ltr'><strong>scilicetne</strong></span> <span class='ocrx_word' id='word_1_297' title='bbox 649 3592 692 3680; x_wconf 84' lang='lat' dir='ltr'><strong>gl.</strong></span> <span class='ocrx_word' id='word_1_298' title='bbox 713 3617 788 3659; x_wconf 92' lang='lat' dir='ltr'><strong>nov.</strong></span> 
     </span>
     <span class='ocr_line' id='line_1_33' title="bbox 418 3692 1764 3783; baseline -0.001 -21"><span class='ocrx_word' id='word_1_299' title='bbox 418 3702 465 3762; x_wconf 83' lang='grc'><strong>17.</strong></span> <span class='ocrx_word' id='word_1_300' title='bbox 495 3695 576 3760; x_wconf 87' lang='lat' dir='ltr'><strong>Item</strong></span> <span class='ocrx_word' id='word_1_301' title='bbox 609 3714 693 3758; x_wconf 89' lang='lat' dir='ltr'><strong>anno</strong></span> <span class='ocrx_word' id='word_1_302' title='bbox 724 3692 838 3758; x_wconf 91' lang='lat' dir='ltr'><strong>codem</strong></span> <span class='ocrx_word' id='word_1_303' title='bbox 866 3694 960 3758; x_wconf 85' lang='lat' dir='ltr'><strong>nscio</strong></span> <span class='ocrx_word' id='word_1_304' title='bbox 990 3694 1159 3783; x_wconf 88' lang='lat' dir='ltr'><strong>deputavit</strong></span> <span class='ocrx_word' id='word_1_305' title='bbox 1189 3694 1354 3760; x_wconf 88' lang='lat' dir='ltr'><strong>dominum</strong></span> <span class='ocrx_word' id='word_1_306' title='bbox 1385 3693 1550 3762; x_wconf 88' lang='lat' dir='ltr'><strong>doctorem</strong></span> <span class='ocrx_word' id='word_1_307' title='bbox 1582 3693 1764 3782; x_wconf 87' lang='lat' dir='ltr'><strong>Ratispona</strong></span> 
     </span>
     <span class='ocr_line' id='line_1_34' title="bbox 333 3791 913 3884; baseline -0.012 -22"><span class='ocrx_word' id='word_1_308' title='bbox 333 3819 394 3884; x_wconf 91' lang='lat' dir='ltr'><strong>pro</strong></span> <span class='ocrx_word' id='word_1_309' title='bbox 415 3791 623 3860; x_wconf 90' lang='lat' dir='ltr'><strong>conficiendis</strong></span> <span class='ocrx_word' id='word_1_310' title='bbox 642 3792 735 3857; x_wconf 88' lang='lat' dir='ltr'><strong>novis</strong></span> <span class='ocrx_word' id='word_1_311' title='bbox 758 3791 913 3856; x_wconf 87' lang='lat' dir='ltr'><strong>candelis.</strong></span> 
     </span>
     <span class='ocr_line' id='line_1_35' title="bbox 421 3889 1762 3980; baseline -0.001 -21"><span class='ocrx_word' id='word_1_312' title='bbox 421 3899 467 3963; x_wconf 88' lang='grc'><strong>18.</strong></span> <span class='ocrx_word' id='word_1_313' title='bbox 496 3893 579 3957; x_wconf 91' lang='lat' dir='ltr'><strong>Item</strong></span> <span class='ocrx_word' id='word_1_314' title='bbox 611 3913 694 3956; x_wconf 88' lang='lat' dir='ltr'><strong>anno</strong></span> <span class='ocrx_word' id='word_1_315' title='bbox 721 3889 844 3955; x_wconf 90' lang='lat' dir='ltr'><strong>domini</strong></span> <span class='ocrx_word' id='word_1_316' title='bbox 870 3890 1041 3956; x_wconf 89' lang='lat' dir='ltr'><strong>millesimo</strong></span> <span class='ocrx_word' id='word_1_317' title='bbox 1069 3893 1389 3980; x_wconf 85' lang='lat' dir='ltr'><strong>quadringentesimo</strong></span> <span class='ocrx_word' id='word_1_318' title='bbox 1416 3893 1762 3978; x_wconf 86' lang='lat' dir='ltr'><strong>septuagesimosexto,</strong></span> 
     </span>
     <span class='ocr_line' id='line_1_36' title="bbox 290 3989 1766 4080; baseline -0.004 -18"><span class='ocrx_word' id='word_1_319' title='bbox 290 3997 369 4062; x_wconf 76' lang='lat' dir='ltr'><strong>scin</strong></span> <span class='ocrx_word' id='word_1_320' title='bbox 398 3993 634 4059; x_wconf 89' lang='lat' dir='ltr'><strong>convocacione</strong></span> <span class='ocrx_word' id='word_1_321' title='bbox 662 3989 807 4054; x_wconf 89' lang='lat' dir='ltr'><strong>nacionis</strong></span> <span class='ocrx_word' id='word_1_322' title='bbox 836 3991 869 4053; x_wconf 92' lang='lat' dir='ltr'><strong>in</strong></span> <span class='ocrx_word' id='word_1_323' title='bbox 898 3989 1059 4056; x_wconf 89' lang='lat' dir='ltr'><strong>dominica</strong></span> <span class='ocrx_word' id='word_1_324' title='bbox 1084 3992 1169 4056; x_wconf 88' lang='lat' dir='ltr'><strong>infra</strong></span> <span class='ocrx_word' id='word_1_325' title='bbox 1195 4001 1327 4057; x_wconf 87' lang='lat' dir='ltr'><strong>octavas</strong></span> <span class='ocrx_word' id='word_1_326' title='bbox 1355 3991 1564 4074; x_wconf 88' lang='lat' dir='ltr'><strong>ascensionis,</strong></span> <span class='ocrx_word' id='word_1_327' title='bbox 1596 4013 1683 4080; x_wconf 86' lang='lat' dir='ltr'><strong>quae</strong></span> <span class='ocrx_word' id='word_1_328' title='bbox 1707 3993 1766 4056; x_wconf 87' lang='lat' dir='ltr'><strong>fuit</strong></span> 
     </span>
     <span class='ocr_line' id='line_1_37' title="bbox 336 4087 1765 4177; baseline -0.004 -17"><span class='ocrx_word' id='word_1_329' title='bbox 336 4097 370 4160; x_wconf 91' lang='lat' dir='ltr'><strong>in</strong></span> <span class='ocrx_word' id='word_1_330' title='bbox 393 4092 533 4157; x_wconf 88' lang='lat' dir='ltr'><strong>crastino</strong></span> <span class='ocrx_word' id='word_1_331' title='bbox 556 4087 685 4155; x_wconf 87' lang='lat' dir='ltr'><strong>Urbani</strong></span> <span class='ocrx_word' id='word_1_332' title='bbox 708 4093 804 4166; x_wconf 84' lang='grc'><strong>(1476</strong></span> <span class='ocrx_word' id='word_1_333' title='bbox 824 4095 881 4151; x_wconf 82' lang='lat' dir='ltr'><strong>den</strong></span> <span class='ocrx_word' id='word_1_334' title='bbox 905 4094 956 4157; x_wconf 78' lang='lat'><strong>26.</strong></span> <span class='ocrx_word' id='word_1_335' title='bbox 978 4094 1061 4167; x_wconf 82' lang='lat' dir='ltr'><strong>Mai)</strong></span> <span class='ocrx_word' id='word_1_336' title='bbox 1088 4100 1274 4177; x_wconf 89' lang='lat' dir='ltr'><strong>computum</strong></span> <span class='ocrx_word' id='word_1_337' title='bbox 1301 4090 1409 4155; x_wconf 86' lang='lat' dir='ltr'><strong>lacere</strong></span> <span class='ocrx_word' id='word_1_338' title='bbox 1440 4089 1622 4156; x_wconf 88' lang='lat' dir='ltr'><strong>debuerunt</strong></span> <span class='ocrx_word' id='word_1_339' title='bbox 1649 4089 1765 4156; x_wconf 78' lang='lat' dir='ltr'><strong>cande</strong></span> 
     </span>
     <span class='ocr_line' id='line_1_38' title="bbox 334 4186 1766 4276; baseline -0.003 -17"><span class='ocrx_word' id='word_1_340' title='bbox 334 4193 420 4274; x_wconf 90' lang='lat' dir='ltr'><strong>larii,</strong></span> <span class='ocrx_word' id='word_1_341' title='bbox 447 4189 571 4256; x_wconf 90' lang='lat' dir='ltr'><strong>scilicet</strong></span> <span class='ocrx_word' id='word_1_342' title='bbox 596 4189 746 4274; x_wconf 85' lang='lat' dir='ltr'><strong>magistri</strong></span> <span class='ocrx_word' id='word_1_343' title='bbox 771 4186 931 4254; x_wconf 88' lang='lat' dir='ltr'><strong>Iohannes</strong></span> <span class='ocrx_word' id='word_1_344' title='bbox 950 4188 1135 4276; x_wconf 88' lang='lat' dir='ltr'><strong>Marpurgk</strong></span> <span class='ocrx_word' id='word_1_345' title='bbox 1162 4199 1194 4254; x_wconf 92' lang='lat' dir='ltr'><strong>et</strong></span> <span class='ocrx_word' id='word_1_346' title='bbox 1214 4189 1429 4254; x_wconf 88' lang='lat' dir='ltr'><strong>Leonhardus</strong></span> <span class='ocrx_word' id='word_1_347' title='bbox 1455 4187 1497 4253; x_wconf 90' lang='lat' dir='ltr'><strong>de</strong></span> <span class='ocrx_word' id='word_1_348' title='bbox 1517 4189 1709 4276; x_wconf 85' lang='lat' dir='ltr'><strong>Lawingen,</strong></span> <span class='ocrx_word' id='word_1_349' title='bbox 1736 4199 1766 4254; x_wconf 91' lang='lat' dir='ltr'><strong>et</strong></span> 
     </span>
     <span class='ocr_line' id='line_1_39' title="bbox 335 4287 1764 4376; baseline -0.004 -18"><span class='ocrx_word' id='word_1_350' title='bbox 335 4291 442 4358; x_wconf 89' lang='lat' dir='ltr'><strong>nullus</strong></span> <span class='ocrx_word' id='word_1_351' title='bbox 464 4311 574 4355; x_wconf 89' lang='lat' dir='ltr'><strong>eorum</strong></span> <span class='ocrx_word' id='word_1_352' title='bbox 594 4287 778 4374; x_wconf 86' lang='lat' dir='ltr'><strong>comparuit</strong></span> <span class='ocrx_word' id='word_1_353' title='bbox 801 4309 863 4352; x_wconf 90' lang='lat' dir='ltr'><strong>nec</strong></span> <span class='ocrx_word' id='word_1_354' title='bbox 887 4289 1146 4354; x_wconf 89' lang='lat' dir='ltr'><strong>commissionem</strong></span> <span class='ocrx_word' id='word_1_355' title='bbox 1173 4290 1250 4354; x_wconf 86' lang='lat' dir='ltr'><strong>lecit</strong></span> <span class='ocrx_word' id='word_1_356' title='bbox 1275 4311 1317 4354; x_wconf 88' lang='lat' dir='ltr'><strong>ex</strong></span> <span class='ocrx_word' id='word_1_357' title='bbox 1342 4299 1436 4376; x_wconf 87' lang='lat' dir='ltr'><strong>parte</strong></span> <span class='ocrx_word' id='word_1_358' title='bbox 1464 4287 1652 4354; x_wconf 90' lang='lat' dir='ltr'><strong>huiusmodi</strong></span> <span class='ocrx_word' id='word_1_359' title='bbox 1681 4311 1764 4354; x_wconf 91' lang='lat' dir='ltr'><strong>com·</strong></span> 
     </span>
     <span class='ocr_line' id='line_1_40' title="bbox 336 4387 1765 4479; baseline -0.003 -23"><span class='ocrx_word' id='word_1_360' title='bbox 336 4393 415 4479; x_wconf 90' lang='lat' dir='ltr'><strong>puti.</strong></span> <span class='ocrx_word' id='word_1_361' title='bbox 458 4389 502 4454; x_wconf 86' lang='lat' dir='ltr'><strong>Et</strong></span> <span class='ocrx_word' id='word_1_362' title='bbox 523 4389 601 4476; x_wconf 85' lang='lat' dir='ltr'><strong>quia</strong></span> <span class='ocrx_word' id='word_1_363' title='bbox 621 4387 752 4453; x_wconf 76' lang='lat' dir='ltr'><strong>nuncin</strong></span> <span class='ocrx_word' id='word_1_364' title='bbox 772 4388 910 4473; x_wconf 91' lang='lat' dir='ltr'><strong>registro</strong></span> <span class='ocrx_word' id='word_1_365' title='bbox 933 4390 1075 4452; x_wconf 90' lang='lat' dir='ltr'><strong>nationis</strong></span> <span class='ocrx_word' id='word_1_366' title='bbox 1096 4387 1232 4474; x_wconf 87' lang='lat' dir='ltr'><strong>bapireo</strong></span> <span class='ocrx_word' id='word_1_367' title='bbox 1251 4391 1374 4474; x_wconf 89' lang='lat' dir='ltr'><strong>reperti</strong></span> <span class='ocrx_word' id='word_1_368' title='bbox 1392 4389 1522 4454; x_wconf 73' lang='lat' dir='ltr'><strong>filerunt</strong></span> <span class='ocrx_word' id='word_1_369' title='bbox 1541 4389 1664 4474; x_wconf 87' lang='lat' dir='ltr'><strong>signati</strong></span> <span class='ocrx_word' id='word_1_370' title='bbox 1685 4389 1765 4452; x_wconf 88' lang='lat' dir='ltr'><strong>certi</strong></span> 
     </span>
     <span class='ocr_line' id='line_1_41' title="bbox 290 4483 1765 4575; baseline -0.003 -19"><span class='ocrx_word' id='word_1_371' title='bbox 290 4499 523 4566; x_wconf 63' lang='grc'><strong>4055155551,</strong></span> <span class='ocrx_word' id='word_1_372' title='bbox 550 4484 707 4572; x_wconf 90' lang='lat' dir='ltr'><strong>aquibus</strong></span> <span class='ocrx_word' id='word_1_373' title='bbox 724 4533 830 4550; x_wconf 93' lang='grc'><strong>.....</strong></span> <span class='ocrx_word' id='word_1_374' title='bbox 846 4483 893 4566; x_wconf 76' lang='lat' dir='ltr'><strong>(l)</strong></span> <span class='ocrx_word' id='word_1_375' title='bbox 917 4509 937 4552; x_wconf 92' lang='lat' dir='ltr'><strong>a</strong></span> <span class='ocrx_word' id='word_1_376' title='bbox 958 4487 1103 4552; x_wconf 88' lang='lat' dir='ltr'><strong>candelis</strong></span> <span class='ocrx_word' id='word_1_377' title='bbox 1125 4505 1173 4552; x_wconf 87' lang='lat' dir='ltr'><strong>xx</strong></span> <span class='ocrx_word' id='word_1_378' title='bbox 1193 4487 1235 4574; x_wconf 90' lang='lat' dir='ltr'><strong>gl.</strong></span> <span class='ocrx_word' id='word_1_379' title='bbox 1262 4509 1336 4553; x_wconf 87' lang='lat' dir='ltr'><strong>nov.</strong></span> <span class='ocrx_word' id='word_1_380' title='bbox 1362 4497 1394 4553; x_wconf 90' lang='lat' dir='ltr'><strong>et</strong></span> <span class='ocrx_word' id='word_1_381' title='bbox 1422 4487 1462 4552; x_wconf 89' lang='lat' dir='ltr'><strong>de</strong></span> <span class='ocrx_word' id='word_1_382' title='bbox 1489 4486 1596 4575; x_wconf 92' lang='lat' dir='ltr'><strong>spolio</strong></span> <span class='ocrx_word' id='word_1_383' title='bbox 1624 4489 1765 4552; x_wconf 87' lang='lat' dir='ltr'><strong>nationis</strong></span> 
     </span>
     <span class='ocr_line' id='line_1_42' title="bbox 335 4585 1763 4675; baseline -0.004 -19"><span class='ocrx_word' id='word_1_384' title='bbox 335 4609 409 4656; x_wconf 82' lang='lat' dir='ltr'><strong>xxx</strong></span> <span class='ocrx_word' id='word_1_385' title='bbox 438 4587 480 4675; x_wconf 91' lang='lat' dir='ltr'><strong>gl.</strong></span> <span class='ocrx_word' id='word_1_386' title='bbox 510 4609 584 4653; x_wconf 89' lang='lat' dir='ltr'><strong>nov.</strong></span> <span class='ocrx_word' id='word_1_387' title='bbox 623 4585 670 4650; x_wconf 85' lang='lat' dir='ltr'><strong>Et</strong></span> <span class='ocrx_word' id='word_1_388' title='bbox 696 4585 737 4650; x_wconf 92' lang='lat' dir='ltr'><strong>de</strong></span> <span class='ocrx_word' id='word_1_389' title='bbox 764 4586 828 4649; x_wconf 87' lang='lat' dir='ltr'><strong>ista</strong></span> <span class='ocrx_word' id='word_1_390' title='bbox 856 4607 982 4651; x_wconf 87' lang='lat' dir='ltr'><strong>summa</strong></span> <span class='ocrx_word' id='word_1_391' title='bbox 1009 4585 1100 4651; x_wconf 85' lang='lat' dir='ltr'><strong>totali</strong></span> <span class='ocrx_word' id='word_1_392' title='bbox 1129 4595 1254 4651; x_wconf 86' lang='lat' dir='ltr'><strong>tuntum</strong></span> <span class='ocrx_word' id='word_1_393' title='bbox 1282 4593 1302 4652; x_wconf 87' lang='grc'><strong>4</strong></span> <span class='ocrx_word' id='word_1_394' title='bbox 1329 4587 1371 4672; x_wconf 90' lang='lat' dir='ltr'><strong>gl.</strong></span> <span class='ocrx_word' id='word_1_395' title='bbox 1400 4609 1473 4652; x_wconf 90' lang='lat' dir='ltr'><strong>nov.</strong></span> <span class='ocrx_word' id='word_1_396' title='bbox 1501 4607 1561 4674; x_wconf 88' lang='lat' dir='ltr'><strong>per</strong></span> <span class='ocrx_word' id='word_1_397' title='bbox 1587 4586 1763 4654; x_wconf 88' lang='lat' dir='ltr'><strong>Iohannem</strong></span> 
     </span>
     <span class='ocr_line' id='line_1_43' title="bbox 335 4683 1762 4776; baseline -0.004 -21"><span class='ocrx_word' id='word_1_398' title='bbox 335 4691 505 4776; x_wconf 89' lang='lat' dir='ltr'><strong>Ottingam</strong></span> <span class='ocrx_word' id='word_1_399' title='bbox 527 4685 728 4774; x_wconf 87' lang='lat' dir='ltr'><strong>praesentati</strong></span> <span class='ocrx_word' id='word_1_400' title='bbox 747 4683 876 4750; x_wconf 83' lang='lat' dir='ltr'><strong>lusnmt</strong></span> <span class='ocrx_word' id='word_1_401' title='bbox 898 4686 1031 4750; x_wconf 91' lang='lat' dir='ltr'><strong>nationi.</strong></span> <span class='ocrx_word' id='word_1_402' title='bbox 1077 4683 1182 4772; x_wconf 85' lang='lat' dir='ltr'><strong>Super</strong></span> <span class='ocrx_word' id='word_1_403' title='bbox 1210 4685 1272 4750; x_wconf 89' lang='lat' dir='ltr'><strong>hiis</strong></span> <span class='ocrx_word' id='word_1_404' title='bbox 1300 4685 1481 4774; x_wconf 88' lang='lat' dir='ltr'><strong>supradicti</strong></span> <span class='ocrx_word' id='word_1_405' title='bbox 1508 4685 1689 4752; x_wconf 84' lang='lat' dir='ltr'><strong>candelarii</strong></span> <span class='ocrx_word' id='word_1_406' title='bbox 1710 4685 1762 4750; x_wconf 83' lang='lat' dir='ltr'><strong>lra-</strong></span> 
     </span>
     <span class='ocr_line' id='line_1_44' title="bbox 334 4783 1761 4874; baseline -0.006 -19"><span class='ocrx_word' id='word_1_407' title='bbox 334 4791 412 4856; x_wconf 89' lang='lat' dir='ltr'><strong>bent</strong></span> <span class='ocrx_word' id='word_1_408' title='bbox 437 4784 636 4874; x_wconf 87' lang='lat' dir='ltr'><strong>respondere</strong></span> <span class='ocrx_word' id='word_1_409' title='bbox 663 4785 796 4866; x_wconf 90' lang='lat' dir='ltr'><strong>nationi,</strong></span> <span class='ocrx_word' id='word_1_410' title='bbox 827 4783 868 4848; x_wconf 91' lang='lat' dir='ltr'><strong>de</strong></span> <span class='ocrx_word' id='word_1_411' title='bbox 890 4783 1007 4870; x_wconf 89' lang='lat' dir='ltr'><strong>quibus</strong></span> <span class='ocrx_word' id='word_1_412' title='bbox 1030 4784 1215 4871; x_wconf 89' lang='lat' dir='ltr'><strong>providebit</strong></span> <span class='ocrx_word' id='word_1_413' title='bbox 1235 4787 1329 4850; x_wconf 91' lang='lat' dir='ltr'><strong>nacio</strong></span> <span class='ocrx_word' id='word_1_414' title='bbox 1350 4795 1496 4872; x_wconf 87' lang='lat' dir='ltr'><strong>tempore</strong></span> <span class='ocrx_word' id='word_1_415' title='bbox 1518 4808 1585 4851; x_wconf 88' lang='lat' dir='ltr'><strong>suo.</strong></span> <span class='ocrx_word' id='word_1_416' title='bbox 1631 4785 1697 4851; x_wconf 90' lang='lat' dir='ltr'><strong>Sed</strong></span> <span class='ocrx_word' id='word_1_417' title='bbox 1724 4806 1761 4848; x_wconf 92' lang='lat' dir='ltr'><strong>ne</strong></span> 
     </span>
     <span class='ocr_line' id='line_1_45' title="bbox 330 4882 1758 4972; baseline -0.003 -19"><span class='ocrx_word' id='word_1_418' title='bbox 330 4891 365 4958; x_wconf 88' lang='lat' dir='ltr'><strong>in</strong></span> <span class='ocrx_word' id='word_1_419' title='bbox 391 4890 535 4954; x_wconf 87' lang='lat' dir='ltr'><strong>futurum</strong></span> <span class='ocrx_word' id='word_1_420' title='bbox 565 4882 685 4950; x_wconf 88' lang='lat' dir='ltr'><strong>similia</strong></span> <span class='ocrx_word' id='word_1_421' title='bbox 712 4883 909 4970; x_wconf 83' lang='lat' dir='ltr'><strong>contingant,</strong></span> <span class='ocrx_word' id='word_1_422' title='bbox 938 4882 1063 4972; x_wconf 88' lang='lat' dir='ltr'><strong>placuit</strong></span> <span class='ocrx_word' id='word_1_423' title='bbox 1081 4886 1204 4950; x_wconf 88' lang='lat' dir='ltr'><strong>nationi</strong></span> <span class='ocrx_word' id='word_1_424' title='bbox 1225 4885 1440 4967; x_wconf 86' lang='lat' dir='ltr'><strong>concorditer,</strong></span> <span class='ocrx_word' id='word_1_425' title='bbox 1467 4883 1554 4972; x_wconf 91' lang='lat' dir='ltr'><strong>quod</strong></span> <span class='ocrx_word' id='word_1_426' title='bbox 1575 4883 1758 4965; x_wconf 87' lang='lat' dir='ltr'><strong>candelarii,</strong></span> 
     </span>
     <span class='ocr_line' id='line_1_46' title="bbox 287 4981 1758 5072; baseline -0.005 -18"><span class='ocrx_word' id='word_1_427' title='bbox 287 4991 462 5054; x_wconf 80' lang='lat' dir='ltr'><strong>ttinantea</strong></span> <span class='ocrx_word' id='word_1_428' title='bbox 492 4981 685 5064; x_wconf 90' lang='lat' dir='ltr'><strong>ordinandi,</strong></span> <span class='ocrx_word' id='word_1_429' title='bbox 715 4981 899 5048; x_wconf 91' lang='lat' dir='ltr'><strong>huiusmodi</strong></span> <span class='ocrx_word' id='word_1_430' title='bbox 920 4983 1158 5069; x_wconf 85' lang='lat' dir='ltr'><strong>negligenciam</strong></span> <span class='ocrx_word' id='word_1_431' title='bbox 1177 4995 1397 5069; x_wconf 86' lang='lat' dir='ltr'><strong>praecaveant</strong></span> <span class='ocrx_word' id='word_1_432' title='bbox 1418 4982 1479 5048; x_wconf 93' lang='lat' dir='ltr'><strong>sub</strong></span> <span class='ocrx_word' id='word_1_433' title='bbox 1501 5005 1608 5070; x_wconf 88' lang='lat' dir='ltr'><strong>poena</strong></span> <span class='ocrx_word' id='word_1_434' title='bbox 1628 4993 1758 5072; x_wconf 75' lang='lat' dir='ltr'><strong>protrmo</strong></span> 
     </span>
     <span class='ocr_line' id='line_1_47' title="bbox 329 5081 767 5174; baseline -0.011 -22"><span class='ocrx_word' id='word_1_435' title='bbox 329 5109 387 5174; x_wconf 90' lang='lat' dir='ltr'><strong>per</strong></span> <span class='ocrx_word' id='word_1_436' title='bbox 409 5086 581 5151; x_wconf 79' lang='lat' dir='ltr'><strong>racionem</strong></span> <span class='ocrx_word' id='word_1_437' title='bbox 603 5081 767 5148; x_wconf 88' lang='lat' dir='ltr'><strong>dictanda.</strong></span> 
     </span>
    </p>
   </div>
   <div class='ocr_carea' id='block_1_3' title="bbox 0 0 1902 6066">
    <p class='ocr_par' dir='ltr' id='par_1_3' title="bbox 0 0 1902 6066">
     <span class='ocr_line' id='line_1_48' title="bbox 0 0 1902 6066; baseline 0 3"><span class='ocrx_word' id='word_1_438' title='bbox 0 0 1902 6066; x_wconf 95' lang='lat' dir='ltr'><strong> </strong></span> 
     </span>
    </p>
   </div>
  </div>
 </body>
</html>
