<?xml version="1.0" encoding="UTF-8"?>
<!DOCTYPE html PUBLIC "-//W3C//DTD XHTML 1.0 Transitional//EN"
    "http://www.w3.org/TR/xhtml1/DTD/xhtml1-transitional.dtd">
<html xmlns="http://www.w3.org/1999/xhtml" xml:lang="en" lang="en">
 <head>
  <title>
</title>
<meta http-equiv="Content-Type" content="text/html;charset=utf-8" />
  <meta name='ocr-system' content='tesseract 3.04.00' />
  <meta name='ocr-capabilities' content='ocr_page ocr_carea ocr_par ocr_line ocrx_word'/>
</head>
<body>
  <div class='ocr_page' id='page_1' title='image "./diestatutenbche00leipgoog_0149.png"; bbox 0 0 3794 6066; ppageno 0'>
   <div class='ocr_carea' id='block_1_1' title="bbox 339 422 1283 488">
    <p class='ocr_par' dir='ltr' id='par_1_1' title="bbox 339 422 1283 488">
     <span class='ocr_line' id='line_1_1' title="bbox 339 422 1283 488; baseline -0.012 -1"><span class='ocrx_word' id='word_1_1' title='bbox 339 423 398 488; x_wconf 78' lang='lat'><strong>128</strong></span> <span class='ocrx_word' id='word_1_2' title='bbox 795 422 850 474; x_wconf 87' lang='lat' dir='ltr'><strong>Des</strong></span> <span class='ocrx_word' id='word_1_3' title='bbox 868 425 1002 476; x_wconf 81' lang='lat' dir='ltr'><strong>lohannes</strong></span> <span class='ocrx_word' id='word_1_4' title='bbox 1020 425 1099 476; x_wconf 79' lang='lat' dir='ltr'><strong>Fabri</strong></span> <span class='ocrx_word' id='word_1_5' title='bbox 1118 425 1151 476; x_wconf 83' lang='lat' dir='ltr'><strong>ds</strong></span> <span class='ocrx_word' id='word_1_6' title='bbox 1168 425 1283 478; x_wconf 71' lang='lat' dir='ltr'><strong>versu</strong></span> 
     </span>
    </p>
   </div>
   <div class='ocr_carea' id='block_1_2' title="bbox 300 601 1760 1884">
    <p class='ocr_par' dir='ltr' id='par_1_2' title="bbox 336 601 1759 993">
     <span class='ocr_line' id='line_1_2' title="bbox 337 601 1758 694; baseline -0.001 -24"><span class='ocrx_word' id='word_1_7' title='bbox 337 601 509 692; x_wconf 89' lang='lat' dir='ltr'><strong>perhibere</strong></span> <span class='ocrx_word' id='word_1_8' title='bbox 529 605 678 686; x_wconf 90' lang='lat' dir='ltr'><strong>veritati,</strong></span> <span class='ocrx_word' id='word_1_9' title='bbox 706 611 818 672; x_wconf 89' lang='lat' dir='ltr'><strong>tenore</strong></span> <span class='ocrx_word' id='word_1_10' title='bbox 839 607 1059 694; x_wconf 82' lang='lat' dir='ltr'><strong>praesentium</strong></span> <span class='ocrx_word' id='word_1_11' title='bbox 1080 605 1209 693; x_wconf 88' lang='lat' dir='ltr'><strong>publice</strong></span> <span class='ocrx_word' id='word_1_12' title='bbox 1228 615 1339 671; x_wconf 87' lang='lat' dir='ltr'><strong>notum</strong></span> <span class='ocrx_word' id='word_1_13' title='bbox 1359 604 1497 672; x_wconf 87' lang='lat' dir='ltr'><strong>facimus</strong></span> <span class='ocrx_word' id='word_1_14' title='bbox 1516 613 1586 670; x_wconf 86' lang='lat' dir='ltr'><strong>tam</strong></span> <span class='ocrx_word' id='word_1_15' title='bbox 1606 625 1758 693; x_wconf 88' lang='lat' dir='ltr'><strong>praesen·</strong></span> 
     </span>
     <span class='ocr_line' id='line_1_3' title="bbox 336 703 1758 792; baseline 0 -24"><span class='ocrx_word' id='word_1_16' title='bbox 336 703 424 769; x_wconf 90' lang='lat' dir='ltr'><strong>tibus</strong></span> <span class='ocrx_word' id='word_1_17' title='bbox 446 725 544 790; x_wconf 90' lang='lat' dir='ltr'><strong>quam</strong></span> <span class='ocrx_word' id='word_1_18' title='bbox 564 704 695 786; x_wconf 77' lang='lat' dir='ltr'><strong>bituris,</strong></span> <span class='ocrx_word' id='word_1_19' title='bbox 718 705 806 791; x_wconf 90' lang='lat' dir='ltr'><strong>quod</strong></span> <span class='ocrx_word' id='word_1_20' title='bbox 826 706 992 792; x_wconf 88' lang='lat' dir='ltr'><strong>praefatus</strong></span> <span class='ocrx_word' id='word_1_21' title='bbox 1014 707 1171 792; x_wconf 88' lang='lat' dir='ltr'><strong>magister</strong></span> <span class='ocrx_word' id='word_1_22' title='bbox 1193 707 1241 772; x_wconf 88' lang='lat' dir='ltr'><strong>.N.</strong></span> <span class='ocrx_word' id='word_1_23' title='bbox 1263 727 1348 770; x_wconf 90' lang='lat' dir='ltr'><strong>anno</strong></span> <span class='ocrx_word' id='word_1_24' title='bbox 1375 703 1498 771; x_wconf 91' lang='lat' dir='ltr'><strong>domini</strong></span> <span class='ocrx_word' id='word_1_25' title='bbox 1520 713 1579 772; x_wconf 84' lang='lat' dir='ltr'><strong>eta</strong></span> <span class='ocrx_word' id='word_1_26' title='bbox 1604 704 1659 770; x_wconf 90' lang='lat' dir='ltr'><strong>die</strong></span> <span class='ocrx_word' id='word_1_27' title='bbox 1681 726 1758 769; x_wconf 90' lang='lat' dir='ltr'><strong>vero</strong></span> 
     </span>
     <span class='ocr_line' id='line_1_4' title="bbox 338 803 1759 891; baseline 0.002 -26"><span class='ocrx_word' id='word_1_28' title='bbox 338 826 395 886; x_wconf 91' lang='lat' dir='ltr'><strong>.n.,</strong></span> <span class='ocrx_word' id='word_1_29' title='bbox 420 803 577 888; x_wconf 90' lang='lat' dir='ltr'><strong>rigorosis</strong></span> <span class='ocrx_word' id='word_1_30' title='bbox 603 805 813 891; x_wconf 85' lang='lat' dir='ltr'><strong>temptamina</strong></span> <span class='ocrx_word' id='word_1_31' title='bbox 839 813 871 868; x_wconf 87' lang='lat' dir='ltr'><strong>et</strong></span> <span class='ocrx_word' id='word_1_32' title='bbox 898 807 1046 870; x_wconf 81' lang='lat' dir='ltr'><strong>examine</strong></span> <span class='ocrx_word' id='word_1_33' title='bbox 1075 805 1252 870; x_wconf 66' lang='lat' dir='ltr'><strong>secumdum</strong></span> <span class='ocrx_word' id='word_1_34' title='bbox 1281 827 1405 871; x_wconf 89' lang='lat' dir='ltr'><strong>morem</strong></span> <span class='ocrx_word' id='word_1_35' title='bbox 1434 815 1466 870; x_wconf 91' lang='lat' dir='ltr'><strong>et</strong></span> <span class='ocrx_word' id='word_1_36' title='bbox 1494 804 1759 871; x_wconf 86' lang='lat' dir='ltr'><strong>consuetudinem</strong></span> 
     </span>
     <span class='ocr_line' id='line_1_5' title="bbox 338 903 1758 993; baseline 0.003 -27"><span class='ocrx_word' id='word_1_37' title='bbox 338 903 520 968; x_wconf 78' lang='lat' dir='ltr'>antedictae</span> <span class='ocrx_word' id='word_1_38' title='bbox 541 911 671 968; x_wconf 87' lang='lat' dir='ltr'><strong>nostrae</strong></span> <span class='ocrx_word' id='word_1_39' title='bbox 692 903 856 968; x_wconf 77' lang='lat' dir='ltr'><strong>facultatis</strong></span> <span class='ocrx_word' id='word_1_40' title='bbox 877 903 1049 990; x_wconf 85' lang='lat' dir='ltr'><strong>diligenter</strong></span> <span class='ocrx_word' id='word_1_41' title='bbox 1070 903 1271 992; x_wconf 80' lang='lat' dir='ltr'><strong>praehabitis</strong></span> <span class='ocrx_word' id='word_1_42' title='bbox 1293 905 1485 993; x_wconf 73' lang='lat' dir='ltr'><strong>licentiaque</strong></span> <span class='ocrx_word' id='word_1_43' title='bbox 1507 914 1657 991; x_wconf 89' lang='lat' dir='ltr'><strong>recepta,</strong></span> <span class='ocrx_word' id='word_1_44' title='bbox 1686 925 1758 989; x_wconf 84' lang='lat' dir='ltr'><strong>gra·</strong></span> 
     </span>
    </p>

    <p class='ocr_par' dir='ltr' id='par_1_3' title="bbox 314 999 1760 1487">
     <span class='ocr_line' id='line_1_6' title="bbox 314 999 1759 1090; baseline 0.001 -25"><span class='ocrx_word' id='word_1_45' title='bbox 314 1000 418 1068; x_wconf 70' lang='lat' dir='ltr'><strong>idum</strong></span> <span class='ocrx_word' id='word_1_46' title='bbox 439 1003 618 1087; x_wconf 79' lang='lat' dir='ltr'><strong>magisterii</strong></span> <span class='ocrx_word' id='word_1_47' title='bbox 638 1003 671 1065; x_wconf 92' lang='lat' dir='ltr'><strong>in</strong></span> <span class='ocrx_word' id='word_1_48' title='bbox 692 1001 817 1067; x_wconf 89' lang='lat' dir='ltr'><strong>artibus</strong></span> <span class='ocrx_word' id='word_1_49' title='bbox 841 1001 1054 1086; x_wconf 77' lang='lat' dir='ltr'><strong>sollemniter,</strong></span> <span class='ocrx_word' id='word_1_50' title='bbox 1077 1005 1138 1068; x_wconf 82' lang='lat' dir='ltr'><strong>rita</strong></span> <span class='ocrx_word' id='word_1_51' title='bbox 1158 1027 1198 1069; x_wconf 88' lang='lat' dir='ltr'><strong>ac</strong></span> <span class='ocrx_word' id='word_1_52' title='bbox 1216 1003 1359 1089; x_wconf 82' lang='lat' dir='ltr'><strong>legitime</strong></span> <span class='ocrx_word' id='word_1_53' title='bbox 1382 999 1548 1070; x_wconf 85' lang='lat' dir='ltr'><strong>assecutus</strong></span> <span class='ocrx_word' id='word_1_54' title='bbox 1569 1014 1603 1068; x_wconf 88' lang='lat' dir='ltr'><strong>et</strong></span> <span class='ocrx_word' id='word_1_55' title='bbox 1624 1002 1759 1090; x_wconf 88' lang='lat' dir='ltr'><strong>adeptus</strong></span> 
     </span>
     <span class='ocr_line' id='line_1_7' title="bbox 338 1099 1760 1189; baseline -0.001 -23"><span class='ocrx_word' id='word_1_56' title='bbox 338 1113 395 1166; x_wconf 86' lang='lat' dir='ltr'><strong>est</strong></span> <span class='ocrx_word' id='word_1_57' title='bbox 439 1099 646 1189; x_wconf 79' lang='lat' dir='ltr'><strong>Quapropter</strong></span> <span class='ocrx_word' id='word_1_58' title='bbox 666 1113 959 1187; x_wconf 88' lang='lat' dir='ltr'><strong>praememoratum</strong></span> <span class='ocrx_word' id='word_1_59' title='bbox 983 1103 1049 1185; x_wconf 89' lang='lat' dir='ltr'><strong>.N.,</strong></span> <span class='ocrx_word' id='word_1_60' title='bbox 1077 1105 1111 1168; x_wconf 90' lang='lat' dir='ltr'><strong>in</strong></span> <span class='ocrx_word' id='word_1_61' title='bbox 1131 1102 1257 1168; x_wconf 87' lang='lat' dir='ltr'><strong>artibus</strong></span> <span class='ocrx_word' id='word_1_62' title='bbox 1277 1105 1485 1189; x_wconf 89' lang='lat' dir='ltr'><strong>magistrum,</strong></span> <span class='ocrx_word' id='word_1_63' title='bbox 1512 1102 1710 1168; x_wconf 80' lang='lat' dir='ltr'><strong>confratrem</strong></span> <span class='ocrx_word' id='word_1_64' title='bbox 1729 1111 1760 1166; x_wconf 89' lang='lat' dir='ltr'><strong>et</strong></span> 
     </span>
     <span class='ocr_line' id='line_1_8' title="bbox 338 1199 1757 1290; baseline -0.001 -24"><span class='ocrx_word' id='word_1_65' title='bbox 338 1203 476 1266; x_wconf 88' lang='lat' dir='ltr'><strong>amicum</strong></span> <span class='ocrx_word' id='word_1_66' title='bbox 497 1209 640 1265; x_wconf 89' lang='lat' dir='ltr'><strong>nostrum</strong></span> <span class='ocrx_word' id='word_1_67' title='bbox 662 1199 833 1284; x_wconf 85' lang='lat' dir='ltr'><strong>dilectum,</strong></span> <span class='ocrx_word' id='word_1_68' title='bbox 865 1202 1014 1268; x_wconf 89' lang='lat' dir='ltr'><strong>omnibus</strong></span> <span class='ocrx_word' id='word_1_69' title='bbox 1044 1213 1075 1266; x_wconf 91' lang='lat' dir='ltr'><strong>et</strong></span> <span class='ocrx_word' id='word_1_70' title='bbox 1099 1201 1250 1288; x_wconf 90' lang='lat' dir='ltr'><strong>singulis,</strong></span> <span class='ocrx_word' id='word_1_71' title='bbox 1280 1201 1397 1290; x_wconf 87' lang='lat' dir='ltr'><strong>quibus</strong></span> <span class='ocrx_word' id='word_1_72' title='bbox 1419 1211 1607 1288; x_wconf 78' lang='lat' dir='ltr'><strong>praesentes</strong></span> <span class='ocrx_word' id='word_1_73' title='bbox 1627 1211 1757 1266; x_wconf 86' lang='lat' dir='ltr'><strong>nostras</strong></span> 
     </span>
     <span class='ocr_line' id='line_1_9' title="bbox 338 1298 1757 1388; baseline 0 -24"><span class='ocrx_word' id='word_1_74' title='bbox 338 1301 465 1365; x_wconf 82' lang='lat' dir='ltr'><strong>litterae</strong></span> <span class='ocrx_word' id='word_1_75' title='bbox 485 1298 651 1365; x_wconf 86' lang='lat' dir='ltr'><strong>exhibitae</strong></span> <span class='ocrx_word' id='word_1_76' title='bbox 670 1310 728 1365; x_wconf 89' lang='lat' dir='ltr'><strong>aut</strong></span> <span class='ocrx_word' id='word_1_77' title='bbox 748 1312 975 1388; x_wconf 80' lang='lat' dir='ltr'><strong>praesentatae</strong></span> <span class='ocrx_word' id='word_1_78' title='bbox 995 1302 1131 1386; x_wconf 72' lang='lat' dir='ltr'><strong>fixerint,</strong></span> <span class='ocrx_word' id='word_1_79' title='bbox 1151 1300 1288 1366; x_wconf 89' lang='lat' dir='ltr'><strong>fideliter</strong></span> <span class='ocrx_word' id='word_1_80' title='bbox 1309 1300 1626 1384; x_wconf 85' lang='lat' dir='ltr'><strong>recommendamus,</strong></span> <span class='ocrx_word' id='word_1_81' title='bbox 1657 1309 1757 1366; x_wconf 88' lang='lat' dir='ltr'><strong>atten-</strong></span> 
     </span>
     <span class='ocr_line' id='line_1_10' title="bbox 337 1399 1757 1487; baseline 0 -23"><span class='ocrx_word' id='word_1_82' title='bbox 337 1402 402 1465; x_wconf 90' lang='lat' dir='ltr'><strong>tius</strong></span> <span class='ocrx_word' id='word_1_83' title='bbox 422 1408 590 1484; x_wconf 87' lang='lat' dir='ltr'><strong>rogantes,</strong></span> <span class='ocrx_word' id='word_1_84' title='bbox 621 1409 778 1486; x_wconf 89' lang='lat' dir='ltr'><strong>quatenus</strong></span> <span class='ocrx_word' id='word_1_85' title='bbox 799 1401 906 1486; x_wconf 92' lang='lat' dir='ltr'><strong>ipsum</strong></span> <span class='ocrx_word' id='word_1_86' title='bbox 925 1411 1109 1466; x_wconf 88' lang='lat' dir='ltr'><strong>nostrarum</strong></span> <span class='ocrx_word' id='word_1_87' title='bbox 1131 1423 1264 1487; x_wconf 86' lang='lat' dir='ltr'><strong>precum</strong></span> <span class='ocrx_word' id='word_1_88' title='bbox 1286 1423 1325 1465; x_wconf 91' lang='lat' dir='ltr'><strong>ac</strong></span> <span class='ocrx_word' id='word_1_89' title='bbox 1346 1400 1453 1468; x_wconf 64' lang='lat' dir='ltr'><strong>dicae</strong></span> <span class='ocrx_word' id='word_1_90' title='bbox 1473 1411 1604 1467; x_wconf 90' lang='lat' dir='ltr'><strong>nostrae</strong></span> <span class='ocrx_word' id='word_1_91' title='bbox 1623 1399 1757 1466; x_wconf 77' lang='lat' dir='ltr'><strong>facrdta-</strong></span> 
     </span>
    </p>

    <p class='ocr_par' dir='ltr' id='par_1_4' title="bbox 300 1498 1760 1884">
     <span class='ocr_line' id='line_1_11' title="bbox 300 1498 1755 1588; baseline -0.001 -24"><span class='ocrx_word' id='word_1_92' title='bbox 300 1509 332 1564; x_wconf 86' lang='lat'><strong>10</strong></span> <span class='ocrx_word' id='word_1_93' title='bbox 342 1501 383 1564; x_wconf 93' lang='lat' dir='ltr'><strong>tis</strong></span> <span class='ocrx_word' id='word_1_94' title='bbox 404 1498 523 1563; x_wconf 87' lang='lat' dir='ltr'><strong>intuitu</strong></span> <span class='ocrx_word' id='word_1_95' title='bbox 534 1498 711 1582; x_wconf 86' lang='lat' dir='ltr'><strong>favoribus,</strong></span> <span class='ocrx_word' id='word_1_96' title='bbox 731 1500 988 1586; x_wconf 87' lang='lat' dir='ltr'><strong>promotionibus</strong></span> <span class='ocrx_word' id='word_1_97' title='bbox 1009 1511 1040 1565; x_wconf 91' lang='lat' dir='ltr'><strong>et</strong></span> <span class='ocrx_word' id='word_1_98' title='bbox 1061 1499 1204 1566; x_wconf 85' lang='lat' dir='ltr'><strong>consiliis</strong></span> <span class='ocrx_word' id='word_1_99' title='bbox 1223 1502 1376 1587; x_wconf 87' lang='lat' dir='ltr'><strong>prosequi</strong></span> <span class='ocrx_word' id='word_1_100' title='bbox 1397 1501 1569 1588; x_wconf 87' lang='lat' dir='ltr'><strong>dignentur</strong></span> <span class='ocrx_word' id='word_1_101' title='bbox 1585 1501 1755 1581; x_wconf 86' lang='lat' dir='ltr'><strong>favorosie,</strong></span> 
     </span>
     <span class='ocr_line' id='line_1_12' title="bbox 338 1595 1758 1687; baseline 0.001 -25"><span class='ocrx_word' id='word_1_102' title='bbox 338 1621 396 1664; x_wconf 90' lang='lat' dir='ltr'><strong>nos</strong></span> <span class='ocrx_word' id='word_1_103' title='bbox 419 1619 478 1684; x_wconf 91' lang='lat' dir='ltr'><strong>per</strong></span> <span class='ocrx_word' id='word_1_104' title='bbox 498 1597 560 1662; x_wconf 92' lang='lat' dir='ltr'><strong>hoc</strong></span> <span class='ocrx_word' id='word_1_105' title='bbox 582 1595 625 1662; x_wconf 90' lang='lat' dir='ltr'><strong>ad</strong></span> <span class='ocrx_word' id='word_1_106' title='bbox 647 1597 829 1664; x_wconf 83' lang='lat' dir='ltr'><strong>consimilia</strong></span> <span class='ocrx_word' id='word_1_107' title='bbox 851 1611 882 1664; x_wconf 88' lang='lat' dir='ltr'><strong>et</strong></span> <span class='ocrx_word' id='word_1_108' title='bbox 901 1599 1089 1666; x_wconf 82' lang='lat' dir='ltr'><strong>facultatem</strong></span> <span class='ocrx_word' id='word_1_109' title='bbox 1109 1609 1253 1665; x_wconf 91' lang='lat' dir='ltr'><strong>nostram</strong></span> <span class='ocrx_word' id='word_1_110' title='bbox 1279 1596 1362 1687; x_wconf 73' lang='lat'>[42¹²]</span> <span class='ocrx_word' id='word_1_111' title='bbox 1387 1599 1606 1686; x_wconf 85' lang='lat' dir='ltr'><strong>saepedictam</strong></span> <span class='ocrx_word' id='word_1_112' title='bbox 1628 1599 1673 1664; x_wconf 89' lang='lat' dir='ltr'><strong>ad</strong></span> <span class='ocrx_word' id='word_1_113' title='bbox 1693 1621 1758 1664; x_wconf 90' lang='lat' dir='ltr'><strong>ma-</strong></span> 
     </span>
     <span class='ocr_line' id='line_1_13' title="bbox 339 1696 1760 1786; baseline 0.001 -23"><span class='ocrx_word' id='word_1_114' title='bbox 339 1699 410 1763; x_wconf 91' lang='lat' dir='ltr'><strong>iora</strong></span> <span class='ocrx_word' id='word_1_115' title='bbox 428 1696 704 1785; x_wconf 88' lang='lat' dir='ltr'><strong>beneplacitorum</strong></span> <span class='ocrx_word' id='word_1_116' title='bbox 726 1721 848 1784; x_wconf 90' lang='lat' dir='ltr'><strong>genera</strong></span> <span class='ocrx_word' id='word_1_117' title='bbox 870 1701 1138 1786; x_wconf 87' lang='lat' dir='ltr'><strong>constringentes.</strong></span> <span class='ocrx_word' id='word_1_118' title='bbox 1179 1699 1217 1764; x_wconf 92' lang='lat' dir='ltr'><strong>In</strong></span> <span class='ocrx_word' id='word_1_119' title='bbox 1243 1721 1380 1786; x_wconf 89' lang='lat' dir='ltr'><strong>quorum</strong></span> <span class='ocrx_word' id='word_1_120' title='bbox 1401 1701 1545 1766; x_wconf 91' lang='lat' dir='ltr'><strong>omniurn</strong></span> <span class='ocrx_word' id='word_1_121' title='bbox 1567 1711 1600 1764; x_wconf 91' lang='lat' dir='ltr'><strong>et</strong></span> <span class='ocrx_word' id='word_1_122' title='bbox 1620 1697 1760 1784; x_wconf 90' lang='lat' dir='ltr'><strong>singulo·</strong></span> 
     </span>
     <span class='ocr_line' id='line_1_14' title="bbox 339 1797 887 1884; baseline 0.005 -23"><span class='ocrx_word' id='word_1_123' title='bbox 339 1820 413 1862; x_wconf 92' lang='lat' dir='ltr'><strong>rum</strong></span> <span class='ocrx_word' id='word_1_124' title='bbox 434 1798 688 1884; x_wconf 87' lang='lat' dir='ltr'><strong>praemissorum</strong></span> <span class='ocrx_word' id='word_1_125' title='bbox 709 1797 806 1864; x_wconf 87' lang='lat' dir='ltr'><strong>fidem</strong></span> <span class='ocrx_word' id='word_1_126' title='bbox 828 1808 887 1864; x_wconf 90' lang='lat' dir='ltr'><strong>etc.</strong></span> 
     </span>
    </p>
   </div>
   <div class='ocr_carea' id='block_1_3' title="bbox 424 1933 1221 2013">
    <p class='ocr_par' dir='ltr' id='par_1_5' title="bbox 424 1933 1221 2013">
     <span class='ocr_line' id='line_1_15' title="bbox 424 1933 1221 2013; baseline 0.005 -22"><span class='ocrx_word' id='word_1_127' title='bbox 424 1934 490 1992; x_wconf 82' lang='lat' dir='ltr'><strong>Der</strong></span> <span class='ocrx_word' id='word_1_128' title='bbox 511 1933 615 2010; x_wconf 67' lang='lat' dir='ltr'><strong>tibriye</strong></span> <span class='ocrx_word' id='word_1_129' title='bbox 639 1933 725 1994; x_wconf 76' lang='lat' dir='ltr'><strong>Theil</strong></span> <span class='ocrx_word' id='word_1_130' title='bbox 745 1937 799 1994; x_wconf 79' lang='lat' dir='ltr'><strong>der</strong></span> <span class='ocrx_word' id='word_1_131' title='bbox 820 1935 899 1995; x_wconf 77' lang='lat' dir='ltr'><strong>Scite</strong></span> <span class='ocrx_word' id='word_1_132' title='bbox 920 1937 959 1996; x_wconf 83' lang='lat' dir='ltr'><strong>ist</strong></span> <span class='ocrx_word' id='word_1_133' title='bbox 981 1937 1043 1994; x_wconf 80' lang='lat' dir='ltr'><strong>laer</strong></span> <span class='ocrx_word' id='word_1_134' title='bbox 1064 1935 1221 2013; x_wconf 75' lang='lat' dir='ltr'><strong>ycblieben.</strong></span> 
     </span>
    </p>
   </div>
   <div class='ocr_carea' id='block_1_4' title="bbox 298 2210 1658 2379">
    <p class='ocr_par' dir='ltr' id='par_1_6' title="bbox 298 2210 1658 2379">
     <span class='ocr_line' id='line_1_16' title="bbox 298 2210 1658 2300; baseline -0.002 -18"><span class='ocrx_word' id='word_1_135' title='bbox 298 2225 329 2283; x_wconf 82' lang='lat'><strong>15</strong></span> <span class='ocrx_word' id='word_1_136' title='bbox 433 2219 483 2282; x_wconf 86' lang='lat'><strong>90.</strong></span> <span class='ocrx_word' id='word_1_137' title='bbox 514 2210 575 2300; x_wconf 91' lang='lat' dir='ltr'><strong>[Bl.</strong></span> <span class='ocrx_word' id='word_1_138' title='bbox 599 2213 669 2300; x_wconf 79' lang='lat'>43⁸]</span> <span class='ocrx_word' id='word_1_139' title='bbox 699 2230 818 2279; x_wconf 79' lang='lat' dir='ltr'><strong>roam</strong></span> <span class='ocrx_word' id='word_1_140' title='bbox 839 2230 1109 2280; x_wconf 82' lang='lat' dir='ltr'><strong>ancosrurrorus</strong></span> <span class='ocrx_word' id='word_1_141' title='bbox 1132 2229 1430 2280; x_wconf 78' lang='lat' dir='ltr'><strong>cumosmsnams</strong></span> <span class='ocrx_word' id='word_1_142' title='bbox 1451 2231 1520 2280; x_wconf 79' lang='lat' dir='ltr'><strong>sao</strong></span> <span class='ocrx_word' id='word_1_143' title='bbox 1543 2231 1658 2280; x_wconf 81' lang='lat' dir='ltr'><strong>cnam</strong></span> 
     </span>
     <span class='ocr_line' id='line_1_17' title="bbox 862 2329 1232 2379; baseline -0.005 -1"><span class='ocrx_word' id='word_1_144' title='bbox 862 2331 1086 2379; x_wconf 73' lang='lat' dir='ltr'><strong>assummum</strong></span> <span class='ocrx_word' id='word_1_145' title='bbox 1107 2329 1232 2378; x_wconf 72' lang='lat' dir='ltr'><strong>sunus</strong></span> 
     </span>
    </p>
   </div>
   <div class='ocr_carea' id='block_1_5' title="bbox 300 2443 1761 3033">
    <p class='ocr_par' dir='ltr' id='par_1_7' title="bbox 340 2443 1761 2734">
     <span class='ocr_line' id='line_1_18' title="bbox 420 2443 1759 2535; baseline -0.001 -24"><span class='ocrx_word' id='word_1_146' title='bbox 420 2447 488 2511; x_wconf 88' lang='lat' dir='ltr'><strong>Nos</strong></span> <span class='ocrx_word' id='word_1_147' title='bbox 510 2446 557 2511; x_wconf 89' lang='lat' dir='ltr'><strong>.N.</strong></span> <span class='ocrx_word' id='word_1_148' title='bbox 580 2455 638 2510; x_wconf 91' lang='lat' dir='ltr'><strong>etc.</strong></span> <span class='ocrx_word' id='word_1_149' title='bbox 660 2455 766 2511; x_wconf 89' lang='lat' dir='ltr'><strong>rector</strong></span> <span class='ocrx_word' id='word_1_150' title='bbox 788 2455 899 2512; x_wconf 86' lang='lat' dir='ltr'><strong>tenore</strong></span> <span class='ocrx_word' id='word_1_151' title='bbox 919 2448 1138 2533; x_wconf 90' lang='lat' dir='ltr'><strong>praesentium</strong></span> <span class='ocrx_word' id='word_1_152' title='bbox 1160 2443 1289 2533; x_wconf 88' lang='lat' dir='ltr'><strong>publice</strong></span> <span class='ocrx_word' id='word_1_153' title='bbox 1311 2445 1517 2532; x_wconf 87' lang='lat' dir='ltr'><strong>profitemur,</strong></span> <span class='ocrx_word' id='word_1_154' title='bbox 1549 2445 1637 2535; x_wconf 89' lang='lat' dir='ltr'><strong>quod</strong></span> <span class='ocrx_word' id='word_1_155' title='bbox 1659 2447 1759 2511; x_wconf 85' lang='lat' dir='ltr'><strong>scien·</strong></span> 
     </span>
     <span class='ocr_line' id='line_1_19' title="bbox 340 2545 1761 2628; baseline -0.003 -15"><span class='ocrx_word' id='word_1_156' title='bbox 340 2547 445 2613; x_wconf 87' lang='lat' dir='ltr'><strong>tificus</strong></span> <span class='ocrx_word' id='word_1_157' title='bbox 469 2545 668 2628; x_wconf 81' lang='lat' dir='ltr'><strong>.N.,&#39;artium</strong></span> <span class='ocrx_word' id='word_1_158' title='bbox 686 2545 906 2628; x_wconf 89' lang='lat' dir='ltr'><strong>baccalarius,</strong></span> <span class='ocrx_word' id='word_1_159' title='bbox 928 2558 1058 2612; x_wconf 88' lang='lat' dir='ltr'><strong>nostrae</strong></span> <span class='ocrx_word' id='word_1_160' title='bbox 1079 2547 1301 2611; x_wconf 90' lang='lat' dir='ltr'><strong>universitatis</strong></span> <span class='ocrx_word' id='word_1_161' title='bbox 1322 2545 1504 2610; x_wconf 89' lang='lat' dir='ltr'><strong>antedictae</strong></span> <span class='ocrx_word' id='word_1_162' title='bbox 1526 2545 1708 2611; x_wconf 90' lang='lat' dir='ltr'><strong>membrum</strong></span> <span class='ocrx_word' id='word_1_163' title='bbox 1731 2557 1761 2609; x_wconf 90' lang='lat' dir='ltr'><strong>et</strong></span> 
     </span>
     <span class='ocr_line' id='line_1_20' title="bbox 342 2641 1760 2734; baseline -0.002 -22"><span class='ocrx_word' id='word_1_164' title='bbox 342 2645 562 2734; x_wconf 88' lang='lat' dir='ltr'><strong>suppositum,</strong></span> <span class='ocrx_word' id='word_1_165' title='bbox 584 2642 713 2731; x_wconf 89' lang='lat' dir='ltr'><strong>publice</strong></span> <span class='ocrx_word' id='word_1_166' title='bbox 735 2655 913 2733; x_wconf 85' lang='lat' dir='ltr'><strong>sponteque</strong></span> <span class='ocrx_word' id='word_1_167' title='bbox 935 2669 1043 2711; x_wconf 92' lang='lat' dir='ltr'><strong>coram</strong></span> <span class='ocrx_word' id='word_1_168' title='bbox 1064 2646 1159 2710; x_wconf 89' lang='lat' dir='ltr'><strong>nobis</strong></span> <span class='ocrx_word' id='word_1_169' title='bbox 1179 2647 1384 2731; x_wconf 87' lang='lat' dir='ltr'><strong>recognovit,</strong></span> <span class='ocrx_word' id='word_1_170' title='bbox 1414 2667 1485 2711; x_wconf 88' lang='lat' dir='ltr'><strong>sese</strong></span> <span class='ocrx_word' id='word_1_171' title='bbox 1506 2641 1693 2712; x_wconf 90' lang='lat' dir='ltr'><strong>honorabili</strong></span> <span class='ocrx_word' id='word_1_172' title='bbox 1715 2647 1760 2709; x_wconf 88' lang='lat' dir='ltr'><strong>vi-</strong></span> 
     </span>
    </p>

    <p class='ocr_par' dir='ltr' id='par_1_8' title="bbox 300 2743 1761 3033">
     <span class='ocr_line' id='line_1_21' title="bbox 300 2743 1761 2832; baseline -0.003 -19"><span class='ocrx_word' id='word_1_173' title='bbox 300 2757 394 2828; x_wconf 83' lang='lat' dir='ltr'><strong>20r0,</strong></span> <span class='ocrx_word' id='word_1_174' title='bbox 417 2743 547 2809; x_wconf 88' lang='lat' dir='ltr'><strong>domino</strong></span> <span class='ocrx_word' id='word_1_175' title='bbox 569 2744 630 2826; x_wconf 90' lang='lat' dir='ltr'><strong>.N.,</strong></span> <span class='ocrx_word' id='word_1_176' title='bbox 652 2745 857 2831; x_wconf 87' lang='lat' dir='ltr'><strong>praeceptori</strong></span> <span class='ocrx_word' id='word_1_177' title='bbox 877 2766 934 2809; x_wconf 90' lang='lat' dir='ltr'><strong>suo</strong></span> <span class='ocrx_word' id='word_1_178' title='bbox 960 2744 1104 2828; x_wconf 87' lang='lat' dir='ltr'><strong>colendo,</strong></span> <span class='ocrx_word' id='word_1_179' title='bbox 1127 2767 1187 2832; x_wconf 92' lang='lat' dir='ltr'><strong>pro</strong></span> <span class='ocrx_word' id='word_1_180' title='bbox 1208 2745 1361 2832; x_wconf 89' lang='lat' dir='ltr'><strong>expensis</strong></span> <span class='ocrx_word' id='word_1_181' title='bbox 1383 2767 1422 2809; x_wconf 88' lang='lat' dir='ltr'><strong>ac</strong></span> <span class='ocrx_word' id='word_1_182' title='bbox 1444 2744 1517 2810; x_wconf 90' lang='lat' dir='ltr'><strong>aliis</strong></span> <span class='ocrx_word' id='word_1_183' title='bbox 1540 2744 1761 2811; x_wconf 89' lang='lat' dir='ltr'><strong>accomodatis</strong></span> 
     </span>
     <span class='ocr_line' id='line_1_22' title="bbox 340 2843 1761 2931; baseline -0.002 -20"><span class='ocrx_word' id='word_1_184' title='bbox 340 2845 477 2930; x_wconf 91' lang='lat' dir='ltr'><strong>obligari</strong></span> <span class='ocrx_word' id='word_1_185' title='bbox 506 2866 545 2908; x_wconf 85' lang='lat' dir='ltr'><strong>n.</strong></span> <span class='ocrx_word' id='word_1_186' title='bbox 570 2843 639 2908; x_wconf 88' lang='lat' dir='ltr'><strong>flor.</strong></span> <span class='ocrx_word' id='word_1_187' title='bbox 666 2845 700 2906; x_wconf 91' lang='lat' dir='ltr'><strong>in</strong></span> <span class='ocrx_word' id='word_1_188' title='bbox 729 2865 808 2908; x_wconf 89' lang='lat' dir='ltr'><strong>auro</strong></span> <span class='ocrx_word' id='word_1_189' title='bbox 835 2845 928 2908; x_wconf 88' lang='lat' dir='ltr'><strong>iuxta</strong></span> <span class='ocrx_word' id='word_1_190' title='bbox 957 2843 1167 2931; x_wconf 86' lang='lat' dir='ltr'><strong>chirographi</strong></span> <span class='ocrx_word' id='word_1_191' title='bbox 1197 2846 1247 2909; x_wconf 92' lang='lat' dir='ltr'><strong>sui</strong></span> <span class='ocrx_word' id='word_1_192' title='bbox 1272 2844 1410 2931; x_wconf 88' lang='lat' dir='ltr'><strong>desuper</strong></span> <span class='ocrx_word' id='word_1_193' title='bbox 1430 2845 1500 2910; x_wconf 91' lang='lat' dir='ltr'><strong>dati</strong></span> <span class='ocrx_word' id='word_1_194' title='bbox 1520 2847 1761 2926; x_wconf 88' lang='lat' dir='ltr'><strong>continentiam,</strong></span> 
     </span>
     <span class='ocr_line' id='line_1_23' title="bbox 340 2940 1761 3033; baseline -0.001 -24"><span class='ocrx_word' id='word_1_195' title='bbox 340 2967 476 3033; x_wconf 91' lang='lat' dir='ltr'><strong>quorum</strong></span> <span class='ocrx_word' id='word_1_196' title='bbox 498 2942 629 3028; x_wconf 93' lang='lat' dir='ltr'><strong>quidem</strong></span> <span class='ocrx_word' id='word_1_197' title='bbox 649 2966 687 3007; x_wconf 91' lang='lat' dir='ltr'><strong>.n.</strong></span> <span class='ocrx_word' id='word_1_198' title='bbox 710 2940 903 3007; x_wconf 88' lang='lat' dir='ltr'><strong>florenorum</strong></span> <span class='ocrx_word' id='word_1_199' title='bbox 929 2942 1134 3009; x_wconf 89' lang='lat' dir='ltr'><strong>medietatem</strong></span> <span class='ocrx_word' id='word_1_200' title='bbox 1163 2943 1205 3009; x_wconf 89' lang='lat' dir='ltr'><strong>ad</strong></span> <span class='ocrx_word' id='word_1_201' title='bbox 1230 2944 1347 3008; x_wconf 91' lang='lat' dir='ltr'><strong>festum</strong></span> <span class='ocrx_word' id='word_1_202' title='bbox 1370 2943 1534 3028; x_wconf 88' lang='lat' dir='ltr'><strong>Paschae,</strong></span> <span class='ocrx_word' id='word_1_203' title='bbox 1563 2944 1661 3010; x_wconf 88' lang='lat' dir='ltr'><strong>aliam</strong></span> <span class='ocrx_word' id='word_1_204' title='bbox 1684 2966 1761 3010; x_wconf 90' lang='lat' dir='ltr'><strong>vero</strong></span> 
     </span>
    </p>
   </div>
   <div class='ocr_carea' id='block_1_6' title="bbox 297 3040 1762 4124">
    <p class='ocr_par' dir='ltr' id='par_1_9' title="bbox 340 3040 1761 3231">
     <span class='ocr_line' id='line_1_24' title="bbox 342 3040 1760 3130; baseline -0.001 -22"><span class='ocrx_word' id='word_1_205' title='bbox 342 3053 515 3108; x_wconf 91' lang='lat' dir='ltr'><strong>restantem</strong></span> <span class='ocrx_word' id='word_1_206' title='bbox 539 3040 743 3106; x_wconf 89' lang='lat' dir='ltr'><strong>medietatem</strong></span> <span class='ocrx_word' id='word_1_207' title='bbox 766 3041 809 3107; x_wconf 90' lang='lat' dir='ltr'><strong>ad</strong></span> <span class='ocrx_word' id='word_1_208' title='bbox 831 3041 917 3106; x_wconf 90' lang='lat' dir='ltr'><strong>diem</strong></span> <span class='ocrx_word' id='word_1_209' title='bbox 938 3043 1042 3108; x_wconf 88' lang='lat' dir='ltr'><strong>sancti</strong></span> <span class='ocrx_word' id='word_1_210' title='bbox 1063 3041 1232 3108; x_wconf 88' lang='lat' dir='ltr'><strong>Michaelis</strong></span> <span class='ocrx_word' id='word_1_211' title='bbox 1255 3045 1403 3130; x_wconf 89' lang='lat' dir='ltr'><strong>proxime</strong></span> <span class='ocrx_word' id='word_1_212' title='bbox 1424 3044 1583 3129; x_wconf 83' lang='lat' dir='ltr'><strong>futumm,</strong></span> <span class='ocrx_word' id='word_1_213' title='bbox 1608 3054 1640 3109; x_wconf 92' lang='lat' dir='ltr'><strong>et</strong></span> <span class='ocrx_word' id='word_1_214' title='bbox 1662 3065 1684 3108; x_wconf 92' lang='lat' dir='ltr'><strong>a</strong></span> <span class='ocrx_word' id='word_1_215' title='bbox 1704 3043 1760 3108; x_wconf 91' lang='lat' dir='ltr'><strong>da-</strong></span> 
     </span>
     <span class='ocr_line' id='line_1_25' title="bbox 340 3139 1761 3231; baseline -0.004 -20"><span class='ocrx_word' id='word_1_216' title='bbox 340 3147 381 3211; x_wconf 91' lang='lat' dir='ltr'><strong>tis</strong></span> <span class='ocrx_word' id='word_1_217' title='bbox 403 3141 628 3231; x_wconf 88' lang='lat' dir='ltr'><strong>praesentibus</strong></span> <span class='ocrx_word' id='word_1_218' title='bbox 652 3139 924 3228; x_wconf 91' lang='lat' dir='ltr'><strong>computandum,</strong></span> <span class='ocrx_word' id='word_1_219' title='bbox 946 3142 1123 3230; x_wconf 90' lang='lat' dir='ltr'><strong>spopondit</strong></span> <span class='ocrx_word' id='word_1_220' title='bbox 1143 3153 1334 3230; x_wconf 89' lang='lat' dir='ltr'><strong>maturaque</strong></span> <span class='ocrx_word' id='word_1_221' title='bbox 1356 3142 1589 3210; x_wconf 89' lang='lat' dir='ltr'><strong>deliberatione</strong></span> <span class='ocrx_word' id='word_1_222' title='bbox 1611 3153 1643 3210; x_wconf 91' lang='lat' dir='ltr'><strong>et</strong></span> <span class='ocrx_word' id='word_1_223' title='bbox 1666 3165 1761 3230; x_wconf 92' lang='lat' dir='ltr'><strong>spon·</strong></span> 
     </span>
    </p>

    <p class='ocr_par' dir='ltr' id='par_1_10' title="bbox 297 3241 1762 3731">
     <span class='ocr_line' id='line_1_26' title="bbox 297 3241 1761 3330; baseline -0.002 -20"><span class='ocrx_word' id='word_1_224' title='bbox 297 3253 436 3310; x_wconf 73' lang='lat' dir='ltr'><strong>titanes</strong></span> <span class='ocrx_word' id='word_1_225' title='bbox 461 3242 628 3308; x_wconf 87' lang='lat' dir='ltr'><strong>voluntate</strong></span> <span class='ocrx_word' id='word_1_226' title='bbox 656 3241 818 3330; x_wconf 88' lang='lat' dir='ltr'><strong>pollicitus</strong></span> <span class='ocrx_word' id='word_1_227' title='bbox 845 3252 895 3306; x_wconf 90' lang='lat' dir='ltr'><strong>est</strong></span> <span class='ocrx_word' id='word_1_228' title='bbox 930 3244 1076 3330; x_wconf 89' lang='lat' dir='ltr'><strong>praefato</strong></span> <span class='ocrx_word' id='word_1_229' title='bbox 1103 3245 1260 3328; x_wconf 89' lang='lat' dir='ltr'><strong>magistro</strong></span> <span class='ocrx_word' id='word_1_230' title='bbox 1287 3243 1335 3307; x_wconf 90' lang='lat' dir='ltr'><strong>.N.</strong></span> <span class='ocrx_word' id='word_1_231' title='bbox 1366 3243 1563 3309; x_wconf 88' lang='lat' dir='ltr'><strong>sollemniter</strong></span> <span class='ocrx_word' id='word_1_232' title='bbox 1592 3242 1761 3330; x_wconf 90' lang='lat' dir='ltr'><strong>stipulanti</strong></span> 
     </span>
     <span class='ocr_line' id='line_1_27' title="bbox 341 3340 1761 3430; baseline -0.002 -21"><span class='ocrx_word' id='word_1_233' title='bbox 341 3345 409 3410; x_wconf 91' lang='lat' dir='ltr'><strong>sine</strong></span> <span class='ocrx_word' id='word_1_234' title='bbox 439 3342 594 3407; x_wconf 87' lang='lat' dir='ltr'><strong>dilatione</strong></span> <span class='ocrx_word' id='word_1_235' title='bbox 629 3364 700 3406; x_wconf 91' lang='lat' dir='ltr'><strong>cum</strong></span> <span class='ocrx_word' id='word_1_236' title='bbox 729 3343 910 3428; x_wconf 89' lang='lat' dir='ltr'><strong>gratiarum</strong></span> <span class='ocrx_word' id='word_1_237' title='bbox 939 3344 1064 3408; x_wconf 86' lang='lat' dir='ltr'><strong>actione</strong></span> <span class='ocrx_word' id='word_1_238' title='bbox 1093 3340 1243 3407; x_wconf 89' lang='lat' dir='ltr'><strong>benivole</strong></span> <span class='ocrx_word' id='word_1_239' title='bbox 1267 3340 1350 3408; x_wconf 91' lang='lat' dir='ltr'><strong>velle</strong></span> <span class='ocrx_word' id='word_1_240' title='bbox 1377 3343 1578 3430; x_wconf 88' lang='lat' dir='ltr'><strong>persolvere,</strong></span> <span class='ocrx_word' id='word_1_241' title='bbox 1610 3342 1761 3430; x_wconf 88' lang='lat' dir='ltr'><strong>nulloque</strong></span> 
     </span>
     <span class='ocr_line' id='line_1_28' title="bbox 339 3440 1761 3533; baseline -0.002 -24"><span class='ocrx_word' id='word_1_242' title='bbox 339 3441 527 3533; x_wconf 88' lang='lat' dir='ltr'><strong>privilegio,</strong></span> <span class='ocrx_word' id='word_1_243' title='bbox 554 3441 676 3506; x_wconf 88' lang='lat' dir='ltr'><strong>auxilio</strong></span> <span class='ocrx_word' id='word_1_244' title='bbox 699 3440 751 3505; x_wconf 91' lang='lat' dir='ltr'><strong>vel</strong></span> <span class='ocrx_word' id='word_1_245' title='bbox 778 3440 935 3506; x_wconf 86' lang='lat' dir='ltr'><strong>beneficio</strong></span> <span class='ocrx_word' id='word_1_246' title='bbox 962 3443 1128 3527; x_wconf 87' lang='lat' dir='ltr'><strong>utriusque</strong></span> <span class='ocrx_word' id='word_1_247' title='bbox 1156 3443 1236 3506; x_wconf 87' lang='lat' dir='ltr'><strong>iuris</strong></span> <span class='ocrx_word' id='word_1_248' title='bbox 1262 3451 1328 3506; x_wconf 90' lang='lat' dir='ltr'><strong>tam</strong></span> <span class='ocrx_word' id='word_1_249' title='bbox 1358 3443 1505 3510; x_wconf 88' lang='lat' dir='ltr'><strong>canonici</strong></span> <span class='ocrx_word' id='word_1_250' title='bbox 1531 3466 1629 3531; x_wconf 91' lang='lat' dir='ltr'><strong>quam</strong></span> <span class='ocrx_word' id='word_1_251' title='bbox 1657 3443 1761 3508; x_wconf 89' lang='lat' dir='ltr'><strong>civilis</strong></span> 
     </span>
     <span class='ocr_line' id='line_1_29' title="bbox 340 3540 1762 3629; baseline -0.004 -19"><span class='ocrx_word' id='word_1_252' title='bbox 340 3553 453 3610; x_wconf 87' lang='lat' dir='ltr'><strong>contra</strong></span> <span class='ocrx_word' id='word_1_253' title='bbox 472 3553 620 3606; x_wconf 86' lang='lat' dir='ltr'><strong>tenerem</strong></span> <span class='ocrx_word' id='word_1_254' title='bbox 640 3540 860 3626; x_wconf 88' lang='lat' dir='ltr'><strong>praesentium</strong></span> <span class='ocrx_word' id='word_1_255' title='bbox 883 3549 1069 3605; x_wconf 87' lang='lat' dir='ltr'><strong>nostrarum</strong></span> <span class='ocrx_word' id='word_1_256' title='bbox 1088 3540 1269 3606; x_wconf 88' lang='lat' dir='ltr'><strong>litterarum</strong></span> <span class='ocrx_word' id='word_1_257' title='bbox 1290 3540 1451 3626; x_wconf 90' lang='lat' dir='ltr'><strong>gaudere,</strong></span> <span class='ocrx_word' id='word_1_258' title='bbox 1480 3563 1541 3606; x_wconf 91' lang='lat' dir='ltr'><strong>nec</strong></span> <span class='ocrx_word' id='word_1_259' title='bbox 1569 3565 1627 3629; x_wconf 90' lang='lat' dir='ltr'><strong>per</strong></span> <span class='ocrx_word' id='word_1_260' title='bbox 1650 3565 1685 3608; x_wconf 88' lang='lat' dir='ltr'><strong>se</strong></span> <span class='ocrx_word' id='word_1_261' title='bbox 1708 3551 1762 3606; x_wconf 86' lang='lat' dir='ltr'><strong>aut</strong></span> 
     </span>
     <span class='ocr_line' id='line_1_30' title="bbox 339 3638 1760 3731; baseline -0.001 -23"><span class='ocrx_word' id='word_1_262' title='bbox 339 3666 399 3731; x_wconf 90' lang='lat' dir='ltr'><strong>per</strong></span> <span class='ocrx_word' id='word_1_263' title='bbox 427 3643 525 3707; x_wconf 84' lang='lat' dir='ltr'><strong>ahum</strong></span> <span class='ocrx_word' id='word_1_264' title='bbox 555 3639 665 3725; x_wconf 89' lang='lat' dir='ltr'><strong>aliqua</strong></span> <span class='ocrx_word' id='word_1_265' title='bbox 693 3639 883 3725; x_wconf 87' lang='lat' dir='ltr'><strong>exceptione</strong></span> <span class='ocrx_word' id='word_1_266' title='bbox 910 3638 964 3703; x_wconf 87' lang='lat' dir='ltr'><strong>vel</strong></span> <span class='ocrx_word' id='word_1_267' title='bbox 992 3642 1194 3727; x_wconf 84' lang='lat' dir='ltr'><strong>exemptione</strong></span> <span class='ocrx_word' id='word_1_268' title='bbox 1221 3643 1463 3724; x_wconf 86' lang='lat' dir='ltr'><strong>contravenire,</strong></span> <span class='ocrx_word' id='word_1_269' title='bbox 1492 3642 1550 3706; x_wconf 90' lang='lat' dir='ltr'><strong>sed</strong></span> <span class='ocrx_word' id='word_1_270' title='bbox 1576 3641 1760 3706; x_wconf 91' lang='lat' dir='ltr'><strong>huiusmodi</strong></span> 
     </span>
    </p>

    <p class='ocr_par' dir='ltr' id='par_1_11' title="bbox 298 3737 1761 4124">
     <span class='ocr_line' id='line_1_31' title="bbox 298 3737 1761 3826; baseline -0.003 -16"><span class='ocrx_word' id='word_1_271' title='bbox 298 3754 434 3810; x_wconf 78' lang='lat' dir='ltr'><strong>ausuum</strong></span> <span class='ocrx_word' id='word_1_272' title='bbox 457 3740 652 3826; x_wconf 88' lang='lat' dir='ltr'><strong>promissum</strong></span> <span class='ocrx_word' id='word_1_273' title='bbox 671 3737 810 3802; x_wconf 84' lang='lat' dir='ltr'><strong>fideliter</strong></span> <span class='ocrx_word' id='word_1_274' title='bbox 832 3737 1017 3822; x_wconf 88' lang='lat' dir='ltr'><strong>adimplere.</strong></span> <span class='ocrx_word' id='word_1_275' title='bbox 1062 3737 1129 3802; x_wconf 86' lang='lat' dir='ltr'><strong>Sub</strong></span> <span class='ocrx_word' id='word_1_276' title='bbox 1158 3761 1263 3825; x_wconf 89' lang='lat' dir='ltr'><strong>poena</strong></span> <span class='ocrx_word' id='word_1_277' title='bbox 1284 3741 1420 3826; x_wconf 90' lang='lat' dir='ltr'><strong>periurii</strong></span> <span class='ocrx_word' id='word_1_278' title='bbox 1441 3749 1498 3805; x_wconf 88' lang='lat' dir='ltr'><strong>aut</strong></span> <span class='ocrx_word' id='word_1_279' title='bbox 1517 3763 1537 3805; x_wconf 92' lang='lat' dir='ltr'><strong>a</strong></span> <span class='ocrx_word' id='word_1_280' title='bbox 1558 3750 1672 3806; x_wconf 89' lang='lat' dir='ltr'><strong>nostra</strong></span> <span class='ocrx_word' id='word_1_281' title='bbox 1694 3743 1761 3806; x_wconf 91' lang='lat' dir='ltr'><strong>uni·</strong></span> 
     </span>
     <span class='ocr_line' id='line_1_32' title="bbox 339 3837 1761 3929; baseline -0.001 -23"><span class='ocrx_word' id='word_1_282' title='bbox 339 3844 493 3908; x_wconf 86' lang='lat' dir='ltr'><strong>versitate</strong></span> <span class='ocrx_word' id='word_1_283' title='bbox 519 3837 725 3902; x_wconf 87' lang='lat' dir='ltr'><strong>exclusionis.</strong></span> <span class='ocrx_word' id='word_1_284' title='bbox 766 3837 805 3902; x_wconf 92' lang='lat' dir='ltr'><strong>In</strong></span> <span class='ocrx_word' id='word_1_285' title='bbox 833 3838 925 3902; x_wconf 91' lang='lat' dir='ltr'><strong>cuius</strong></span> <span class='ocrx_word' id='word_1_286' title='bbox 953 3837 1003 3900; x_wconf 90' lang='lat' dir='ltr'><strong>rei</strong></span> <span class='ocrx_word' id='word_1_287' title='bbox 1029 3839 1262 3922; x_wconf 87' lang='lat' dir='ltr'><strong>testimonium,</strong></span> <span class='ocrx_word' id='word_1_288' title='bbox 1295 3839 1337 3903; x_wconf 88' lang='lat' dir='ltr'><strong>ad</strong></span> <span class='ocrx_word' id='word_1_289' title='bbox 1375 3842 1568 3927; x_wconf 90' lang='lat' dir='ltr'><strong>peticionem</strong></span> <span class='ocrx_word' id='word_1_290' title='bbox 1594 3843 1761 3929; x_wconf 88' lang='lat' dir='ltr'><strong>utriusque</strong></span> 
     </span>
     <span class='ocr_line' id='line_1_33' title="bbox 341 3937 1760 4030; baseline 0.001 -25"><span class='ocrx_word' id='word_1_291' title='bbox 341 3943 444 4030; x_wconf 89' lang='lat' dir='ltr'><strong>partis</strong></span> <span class='ocrx_word' id='word_1_292' title='bbox 462 3945 757 4026; x_wconf 90' lang='lat' dir='ltr'><strong>praememoratae,</strong></span> <span class='ocrx_word' id='word_1_293' title='bbox 786 3937 889 4002; x_wconf 86' lang='lat' dir='ltr'><strong>nostri</strong></span> <span class='ocrx_word' id='word_1_294' title='bbox 917 3946 1097 4002; x_wconf 91' lang='lat' dir='ltr'><strong>rectoratus</strong></span> <span class='ocrx_word' id='word_1_295' title='bbox 1123 3937 1266 4024; x_wconf 90' lang='lat' dir='ltr'><strong>sigillum</strong></span> <span class='ocrx_word' id='word_1_296' title='bbox 1287 3942 1451 4024; x_wconf 90' lang='lat' dir='ltr'><strong>praesenti</strong></span> <span class='ocrx_word' id='word_1_297' title='bbox 1472 3943 1687 4028; x_wconf 87' lang='lat' dir='ltr'><strong>recognitioni</strong></span> <span class='ocrx_word' id='word_1_298' title='bbox 1708 3965 1760 4006; x_wconf 93' lang='lat' dir='ltr'><strong>no·</strong></span> 
     </span>
     <span class='ocr_line' id='line_1_34' title="bbox 341 4035 1083 4124; baseline -0.009 -17"><span class='ocrx_word' id='word_1_299' title='bbox 341 4051 427 4106; x_wconf 89' lang='lat' dir='ltr'><strong>strae</strong></span> <span class='ocrx_word' id='word_1_300' title='bbox 450 4037 745 4124; x_wconf 89' lang='lat' dir='ltr'><strong>subimpressimus.</strong></span> <span class='ocrx_word' id='word_1_301' title='bbox 786 4035 896 4101; x_wconf 87' lang='lat' dir='ltr'><strong>Datae</strong></span> <span class='ocrx_word' id='word_1_302' title='bbox 917 4057 1002 4100; x_wconf 89' lang='lat' dir='ltr'><strong>anno</strong></span> <span class='ocrx_word' id='word_1_303' title='bbox 1024 4045 1083 4100; x_wconf 89' lang='lat' dir='ltr'><strong>etc.</strong></span> 
     </span>
    </p>
   </div>
   <div class='ocr_carea' id='block_1_7' title="bbox 450 4251 1648 4342">
    <p class='ocr_par' dir='ltr' id='par_1_12' title="bbox 450 4251 1648 4342">
     <span class='ocr_line' id='line_1_35' title="bbox 450 4251 1648 4342; baseline 0 -20"><span class='ocrx_word' id='word_1_304' title='bbox 450 4261 499 4322; x_wconf 82' lang='lat'><strong>91.</strong></span> <span class='ocrx_word' id='word_1_305' title='bbox 523 4251 583 4342; x_wconf 82' lang='lat' dir='ltr'><strong>[Bi.</strong></span> <span class='ocrx_word' id='word_1_306' title='bbox 598 4251 670 4341; x_wconf 73' lang='lat'><strong>43¹³]</strong></span> <span class='ocrx_word' id='word_1_307' title='bbox 698 4269 801 4320; x_wconf 76' lang='lat' dir='ltr'><strong>eoem</strong></span> <span class='ocrx_word' id='word_1_308' title='bbox 822 4267 1048 4318; x_wconf 80' lang='lat' dir='ltr'><strong>arrrnaaauu</strong></span> <span class='ocrx_word' id='word_1_309' title='bbox 1069 4267 1353 4320; x_wconf 77' lang='lat' dir='ltr'><strong>canunurmmuu</strong></span> <span class='ocrx_word' id='word_1_310' title='bbox 1371 4271 1419 4320; x_wconf 82' lang='lat' dir='ltr'><strong>ao</strong></span> <span class='ocrx_word' id='word_1_311' title='bbox 1441 4271 1648 4322; x_wconf 78' lang='lat' dir='ltr'><strong>xmscoruu.</strong></span> 
     </span>
    </p>
   </div>
   <div class='ocr_carea' id='block_1_8' title="bbox 299 4386 1760 5173">
    <p class='ocr_par' dir='ltr' id='par_1_13' title="bbox 299 4386 1760 4875">
     <span class='ocr_line' id='line_1_36' title="bbox 299 4386 1760 4476; baseline -0.003 -18"><span class='ocrx_word' id='word_1_312' title='bbox 299 4399 333 4458; x_wconf 80' lang='lat'><strong>35</strong></span> <span class='ocrx_word' id='word_1_313' title='bbox 424 4387 612 4453; x_wconf 84' lang='lat' dir='ltr'><strong>Reverendo</strong></span> <span class='ocrx_word' id='word_1_314' title='bbox 634 4389 668 4453; x_wconf 90' lang='lat' dir='ltr'><strong>in</strong></span> <span class='ocrx_word' id='word_1_315' title='bbox 690 4387 821 4454; x_wconf 89' lang='lat' dir='ltr'><strong>Christo</strong></span> <span class='ocrx_word' id='word_1_316' title='bbox 846 4394 939 4472; x_wconf 89' lang='lat' dir='ltr'><strong>pater</strong></span> <span class='ocrx_word' id='word_1_317' title='bbox 966 4409 1006 4451; x_wconf 87' lang='lat' dir='ltr'><strong>ac</strong></span> <span class='ocrx_word' id='word_1_318' title='bbox 1025 4386 1154 4452; x_wconf 90' lang='lat' dir='ltr'><strong>domine</strong></span> <span class='ocrx_word' id='word_1_319' title='bbox 1173 4387 1331 4473; x_wconf 77' lang='lat' dir='ltr'><strong>gratiose!</strong></span> <span class='ocrx_word' id='word_1_320' title='bbox 1373 4386 1412 4452; x_wconf 92' lang='lat' dir='ltr'><strong>In</strong></span> <span class='ocrx_word' id='word_1_321' title='bbox 1430 4388 1670 4475; x_wconf 89' lang='lat' dir='ltr'><strong>emergentibus</strong></span> <span class='ocrx_word' id='word_1_322' title='bbox 1691 4391 1760 4476; x_wconf 90' lang='lat' dir='ltr'><strong>qni·</strong></span> 
     </span>
     <span class='ocr_line' id='line_1_37' title="bbox 341 4486 1759 4566; baseline -0.004 -9"><span class='ocrx_word' id='word_1_323' title='bbox 341 4488 480 4558; x_wconf 89' lang='lat' dir='ltr'><strong>busdam</strong></span> <span class='ocrx_word' id='word_1_324' title='bbox 510 4486 621 4552; x_wconf 87' lang='lat' dir='ltr'><strong>arduis</strong></span> <span class='ocrx_word' id='word_1_325' title='bbox 648 4490 754 4552; x_wconf 91' lang='lat' dir='ltr'><strong>causis</strong></span> <span class='ocrx_word' id='word_1_326' title='bbox 783 4496 914 4552; x_wconf 89' lang='lat' dir='ltr'><strong>nostrae</strong></span> <span class='ocrx_word' id='word_1_327' title='bbox 942 4487 1162 4551; x_wconf 90' lang='lat' dir='ltr'><strong>universitatis</strong></span> <span class='ocrx_word' id='word_1_328' title='bbox 1189 4486 1257 4566; x_wconf 86' lang='lat' dir='ltr'><strong>(vel</strong></span> <span class='ocrx_word' id='word_1_329' title='bbox 1276 4486 1455 4566; x_wconf 87' lang='lat' dir='ltr'><strong>facultatis)</strong></span> <span class='ocrx_word' id='word_1_330' title='bbox 1478 4499 1597 4553; x_wconf 76' lang='lat' dir='ltr'><strong>statrun</strong></span> <span class='ocrx_word' id='word_1_331' title='bbox 1619 4495 1692 4566; x_wconf 90' lang='lat' dir='ltr'><strong>(seu</strong></span> <span class='ocrx_word' id='word_1_332' title='bbox 1714 4490 1759 4552; x_wconf 90' lang='lat' dir='ltr'><strong>in·</strong></span> 
     </span>
     <span class='ocr_line' id='line_1_38' title="bbox 342 4584 1758 4676; baseline -0.002 -20"><span class='ocrx_word' id='word_1_333' title='bbox 342 4585 552 4676; x_wconf 88' lang='lat' dir='ltr'><strong>crementum)</strong></span> <span class='ocrx_word' id='word_1_334' title='bbox 573 4586 822 4674; x_wconf 88' lang='lat' dir='ltr'><strong>respicientibus</strong></span> <span class='ocrx_word' id='word_1_335' title='bbox 843 4584 1024 4652; x_wconf 92' lang='lat' dir='ltr'><strong>honorabili</strong></span> <span class='ocrx_word' id='word_1_336' title='bbox 1045 4587 1115 4650; x_wconf 89' lang='lat' dir='ltr'><strong>viro</strong></span> <span class='ocrx_word' id='word_1_337' title='bbox 1135 4587 1203 4670; x_wconf 90' lang='lat' dir='ltr'><strong>.N.,</strong></span> <span class='ocrx_word' id='word_1_338' title='bbox 1225 4588 1343 4651; x_wconf 85' lang='lat' dir='ltr'><strong>artium</strong></span> <span class='ocrx_word' id='word_1_339' title='bbox 1363 4589 1537 4674; x_wconf 88' lang='lat' dir='ltr'><strong>magistro,</strong></span> <span class='ocrx_word' id='word_1_340' title='bbox 1566 4587 1690 4676; x_wconf 90' lang='lat' dir='ltr'><strong>aliquot</strong></span> <span class='ocrx_word' id='word_1_341' title='bbox 1710 4611 1758 4653; x_wconf 89' lang='lat' dir='ltr'><strong>ar·</strong></span> 
     </span>
     <span class='ocr_line' id='line_1_39' title="bbox 343 4685 1759 4775; baseline -0.003 -19"><span class='ocrx_word' id='word_1_342' title='bbox 343 4689 459 4756; x_wconf 87' lang='lat' dir='ltr'><strong>tieulos</strong></span> <span class='ocrx_word' id='word_1_343' title='bbox 479 4685 677 4754; x_wconf 88' lang='lat' dir='ltr'><strong>reverendae</strong></span> <span class='ocrx_word' id='word_1_344' title='bbox 697 4687 884 4775; x_wconf 89' lang='lat' dir='ltr'><strong>paternitati</strong></span> <span class='ocrx_word' id='word_1_345' title='bbox 905 4694 1033 4750; x_wconf 87' lang='lat' dir='ltr'><strong>vestrae</strong></span> <span class='ocrx_word' id='word_1_346' title='bbox 1053 4685 1239 4751; x_wconf 87' lang='lat' dir='ltr'><strong>referendos</strong></span> <span class='ocrx_word' id='word_1_347' title='bbox 1262 4688 1496 4771; x_wconf 85' lang='lat' dir='ltr'><strong>commisimus,</strong></span> <span class='ocrx_word' id='word_1_348' title='bbox 1526 4691 1577 4754; x_wconf 88' lang='lat' dir='ltr'><strong>cni</strong></span> <span class='ocrx_word' id='word_1_349' title='bbox 1606 4688 1650 4754; x_wconf 91' lang='lat' dir='ltr'><strong>ad</strong></span> <span class='ocrx_word' id='word_1_350' title='bbox 1669 4710 1759 4774; x_wconf 78' lang='lat' dir='ltr'><strong>prae</strong></span> 
     </span>
     <span class='ocr_line' id='line_1_40' title="bbox 344 4783 1758 4875; baseline -0.002 -20"><span class='ocrx_word' id='word_1_351' title='bbox 344 4813 417 4856; x_wconf 91' lang='lat' dir='ltr'><strong>sens</strong></span> <span class='ocrx_word' id='word_1_352' title='bbox 438 4802 601 4875; x_wconf 90' lang='lat' dir='ltr'><strong>tamquam</strong></span> <span class='ocrx_word' id='word_1_353' title='bbox 623 4787 658 4851; x_wconf 91' lang='lat' dir='ltr'><strong>in</strong></span> <span class='ocrx_word' id='word_1_354' title='bbox 671 4785 733 4850; x_wconf 92' lang='lat' dir='ltr'><strong>hiis</strong></span> <span class='ocrx_word' id='word_1_355' title='bbox 749 4783 936 4872; x_wconf 91' lang='lat' dir='ltr'><strong>adplenum</strong></span> <span class='ocrx_word' id='word_1_356' title='bbox 951 4785 1123 4850; x_wconf 87' lang='lat' dir='ltr'><strong>informato</strong></span> <span class='ocrx_word' id='word_1_357' title='bbox 1138 4783 1234 4850; x_wconf 88' lang='lat' dir='ltr'><strong>fidem</strong></span> <span class='ocrx_word' id='word_1_358' title='bbox 1250 4785 1398 4852; x_wconf 91' lang='lat' dir='ltr'><strong>adhiberi</strong></span> <span class='ocrx_word' id='word_1_359' title='bbox 1411 4788 1551 4875; x_wconf 86' lang='lat' dir='ltr'><strong>petimus</strong></span> <span class='ocrx_word' id='word_1_360' title='bbox 1570 4787 1758 4853; x_wconf 86' lang='lat' dir='ltr'><strong>ereditivam</strong></span> 
     </span>
    </p>

    <p class='ocr_par' dir='ltr' id='par_1_14' title="bbox 302 4883 1758 5173">
     <span class='ocr_line' id='line_1_41' title="bbox 302 4883 1758 4974; baseline -0.003 -18"><span class='ocrx_word' id='word_1_361' title='bbox 302 4901 383 4956; x_wconf 76' lang='lat' dir='ltr'><strong>toas</strong></span> <span class='ocrx_word' id='word_1_362' title='bbox 411 4891 439 4954; x_wconf 91' lang='lat' dir='ltr'><strong>si</strong></span> <span class='ocrx_word' id='word_1_363' title='bbox 463 4910 523 4953; x_wconf 91' lang='lat' dir='ltr'><strong>nos</strong></span> <span class='ocrx_word' id='word_1_364' title='bbox 551 4909 662 4953; x_wconf 90' lang='lat' dir='ltr'><strong>omncs</strong></span> <span class='ocrx_word' id='word_1_365' title='bbox 692 4907 802 4952; x_wconf 88' lang='lat' dir='ltr'><strong>coram</strong></span> <span class='ocrx_word' id='word_1_366' title='bbox 821 4883 1020 4950; x_wconf 85' lang='lat' dir='ltr'><strong>reverendae</strong></span> <span class='ocrx_word' id='word_1_367' title='bbox 1042 4886 1228 4970; x_wconf 87' lang='lat' dir='ltr'><strong>paternitati</strong></span> <span class='ocrx_word' id='word_1_368' title='bbox 1250 4897 1377 4951; x_wconf 88' lang='lat' dir='ltr'><strong>vestrae</strong></span> <span class='ocrx_word' id='word_1_369' title='bbox 1399 4887 1528 4954; x_wconf 90' lang='lat' dir='ltr'><strong>eosdem</strong></span> <span class='ocrx_word' id='word_1_370' title='bbox 1549 4887 1758 4974; x_wconf 89' lang='lat' dir='ltr'><strong>personaliter</strong></span> 
     </span>
     <span class='ocr_line' id='line_1_42' title="bbox 342 4983 1757 5071; baseline -0.003 -17"><span class='ocrx_word' id='word_1_371' title='bbox 342 5010 597 5071; x_wconf 87' lang='lat' dir='ltr'><strong>recenseremus,</strong></span> <span class='ocrx_word' id='word_1_372' title='bbox 624 4985 830 5050; x_wconf 86' lang='lat' dir='ltr'><strong>affectuosius</strong></span> <span class='ocrx_word' id='word_1_373' title='bbox 858 4994 1029 5070; x_wconf 89' lang='lat' dir='ltr'><strong>rogantes,</strong></span> <span class='ocrx_word' id='word_1_374' title='bbox 1056 4983 1236 5049; x_wconf 88' lang='lat' dir='ltr'><strong>reverenda</strong></span> <span class='ocrx_word' id='word_1_375' title='bbox 1266 4994 1330 5071; x_wconf 84' lang='lat' dir='ltr'><strong>pat</strong></span> <span class='ocrx_word' id='word_1_376' title='bbox 1354 5011 1383 5051; x_wconf 91' lang='lat' dir='ltr'><strong>v.</strong></span> <span class='ocrx_word' id='word_1_377' title='bbox 1403 4986 1497 5054; x_wconf 90' lang='lat' dir='ltr'><strong>nobis</strong></span> <span class='ocrx_word' id='word_1_378' title='bbox 1518 5009 1558 5052; x_wconf 86' lang='lat' dir='ltr'><strong>aa</strong></span> <span class='ocrx_word' id='word_1_379' title='bbox 1578 4985 1684 5054; x_wconf 86' lang='lat' dir='ltr'><strong>dictae</strong></span> <span class='ocrx_word' id='word_1_380' title='bbox 1704 5007 1757 5050; x_wconf 42' lang='lat' dir='ltr'><strong>uon</strong></span> 
     </span>
     <span class='ocr_line' id='line_1_43' title="bbox 347 5083 1757 5173; baseline -0.004 -19"><span class='ocrx_word' id='word_1_381' title='bbox 347 5099 433 5154; x_wconf 90' lang='lat' dir='ltr'><strong>strae</strong></span> <span class='ocrx_word' id='word_1_382' title='bbox 452 5088 654 5154; x_wconf 88' lang='lat' dir='ltr'><strong>universitati</strong></span> <span class='ocrx_word' id='word_1_383' title='bbox 678 5083 742 5173; x_wconf 89' lang='lat' dir='ltr'><strong>(vel</strong></span> <span class='ocrx_word' id='word_1_384' title='bbox 766 5083 925 5169; x_wconf 89' lang='lat' dir='ltr'><strong>facultati)</strong></span> <span class='ocrx_word' id='word_1_385' title='bbox 948 5083 988 5148; x_wconf 92' lang='lat' dir='ltr'><strong>de</strong></span> <span class='ocrx_word' id='word_1_386' title='bbox 1010 5091 1041 5146; x_wconf 90' lang='lat' dir='ltr'><strong>et</strong></span> <span class='ocrx_word' id='word_1_387' title='bbox 1054 5105 1152 5169; x_wconf 89' lang='lat' dir='ltr'><strong>super</strong></span> <span class='ocrx_word' id='word_1_388' title='bbox 1167 5083 1352 5150; x_wconf 89' lang='lat' dir='ltr'><strong>huiusmodi</strong></span> <span class='ocrx_word' id='word_1_389' title='bbox 1367 5089 1494 5173; x_wconf 88' lang='lat' dir='ltr'><strong>punctis</strong></span> <span class='ocrx_word' id='word_1_390' title='bbox 1507 5089 1590 5166; x_wconf 89' lang='lat' dir='ltr'><strong>(sive</strong></span> <span class='ocrx_word' id='word_1_391' title='bbox 1605 5085 1757 5162; x_wconf 86' lang='lat' dir='ltr'><strong>articulis)</strong></span> 
     </span>
    </p>
   </div>
   <div class='ocr_carea' id='block_1_9' title="bbox 0 0 1902 6066">
    <p class='ocr_par' dir='ltr' id='par_1_15' title="bbox 0 0 1902 6066">
     <span class='ocr_line' id='line_1_44' title="bbox 0 0 1902 6066; baseline 0 0"><span class='ocrx_word' id='word_1_392' title='bbox 0 0 1902 6066; x_wconf 95' lang='lat' dir='ltr'><strong> </strong></span> 
     </span>
    </p>
   </div>
  </div>
 </body>
</html>
