3762 6074
821 489 872 541 nu
888 489 1107 554 philosophialis
1125 487 1253 538 Faculttt.

566 677 619 741 26.
639 689 686 739 nn
708 689 965 740 msrurscrosn
987 687 1179 738 ommam
1198 687 1500 738 nsccsnsmosuu

403 805 526 890 Placet,
548 807 634 891 quod
661 806 798 894 quilibet
816 806 1021 873 hamularius
1048 805 1082 870 in
1104 804 1230 870 artibus
1255 813 1403 869 teneatur
1425 801 1596 869 inordina
1619 824 1675 867 suo
1696 801 1743 867 die

197 919 202 934 ’
321 903 483 971 dominico
505 906 672 992 disputare
693 907 857 974 ordinarie
881 929 953 972 cum
973 906 1184 970 intimacionc
1208 903 1341 992 publica
1361 926 1426 970 non
1447 901 1552 966 solum
1574 899 1619 965 ad
1638 899 1745 966 valvas

321 1003 532 1091 collegiorum
563 1005 620 1070 sed
651 1007 754 1071 eciam
784 1004 828 1071 ad
858 1005 994 1071 bursam
1024 1003 1199 1086 facultatis,
1231 1025 1314 1091 quae
1343 1012 1393 1068 est
1425 999 1516 1068 locus
1544 999 1746 1088 paedagogii

278 1112 295 1167 5
322 1102 431 1184 Quam
453 1103 704 1191 disputationem
732 1106 875 1171 decanus
903 1114 1029 1171 tenetur
1056 1103 1119 1170 sibi
1148 1101 1192 1168 ad
1218 1113 1291 1169 octo
1319 1101 1389 1167 dies
1419 1109 1494 1164 ante
1517 1121 1578 1186 per
1598 1097 1747 1164 famulum

320 1204 541 1270 universitatis
562 1205 722 1270 intimare.
763 1204 807 1269 Et
828 1207 861 1269 in
890 1203 1087 1292 disputando
1112 1203 1159 1267 sic
1180 1201 1345 1269 ordinarie
1366 1223 1431 1267 non
1459 1201 1571 1287 capiat
1591 1201 1747 1286 quaestio

322 1323 379 1366 nes
399 1303 463 1368 uisi
485 1305 520 1367 in
540 1303 649 1388 logica
676 1305 762 1369 etin
784 1302 991 1390 philosophia
1012 1301 1163 1384 naturali,
1191 1323 1251 1366 nec
1278 1301 1482 1389 sophismata
1502 1301 1567 1364 nisi
1589 1301 1624 1362 in
1646 1319 1747 1384 gram-

322 1403 442 1466 matica
464 1413 496 1466 et
516 1402 621 1489 loyca,
651 1402 710 1468 sub
733 1424 839 1489 poena
865 1401 975 1466 decem
1005 1423 1203 1488 grossorum,
1234 1423 1316 1487 quos
1336 1399 1479 1465 decanus
1502 1395 1562 1462 sub
1585 1419 1645 1463 suo
1666 1397 1747 1462 iura-

321 1511 428 1566 mento
454 1511 581 1566 tenetur
607 1503 753 1587 rigorose
783 1511 975 1587 extorquere
1003 1500 1045 1566 ab
1073 1499 1194 1566 eodem.
1238 1499 1334 1580 Quod
1363 1500 1467 1564 eciam
1493 1495 1696 1582 intelligitur,
1723 1497 1747 1560 si

281 1604 355 1665 toin
389 1600 516 1665 artibus
546 1623 613 1666 non
644 1601 820 1682 studuerit,
852 1603 929 1688 quia
956 1601 1064 1666 adhuc
1095 1599 1264 1688 disputare
1291 1607 1429 1680 tenetur,
1459 1596 1562 1664 donoc
1588 1594 1748 1661 biennium

322 1699 541 1788 compleverit.

506 1855 554 1916 27.
575 1867 622 1914 ns
643 1867 903 1917 n1srurar10un
927 1866 1240 1916 nxrnsonnmunm
1262 1863 1569 1914 nsccsnsmonuu.

403 1981 525 2062 Placet,
547 1982 634 2070 quod
655 1983 762 2049 nullus
784 1983 1042 2049 baccalariorum
1065 1983 1255 2070 plusquam
1276 1981 1375 2048 semel
1397 1983 1430 2046 in
1452 1979 1505 2046 die
1527 1978 1748 2046 extraordina-

320 2083 369 2148 rie
390 2082 534 2168 disputet
552 2084 587 2148 in
608 2081 716 2170 aliquo
738 2084 943 2150 lectoriorum
965 2105 1038 2148 cum
1058 2083 1266 2148 intimacione
1294 2081 1427 2168 publica
1454 2091 1487 2146 ct
1509 2077 1626 2144 habitu
1652 2079 1748 2163 magi-

283 2180 426 2263 ttstrali,
454 2190 487 2247 et
505 2181 626 2246 habeat
647 2183 729 2247 duas
750 2185 952 2271 quaestiones
973 2193 1006 2247 et
1026 2182 1090 2248 duo
1111 2179 1403 2268 zophis[23⁸]mate
1423 2181 1457 2244 in
1480 2179 1620 2246 materia
1642 2199 1749 2264 supra·

320 2282 497 2362 nominata,
525 2280 722 2368 disputando
743 2281 788 2346 ed
816 2281 940 2364 horam,
969 2281 1030 2348 sub
1060 2303 1165 2369 poena
1191 2303 1257 2348 non
1281 2281 1537 2368 computecionis
1564 2279 1661 2344 istius
1689 2276 1748 2342 dis·

320 2382 499 2466 putationis
519 2382 674 2468 utrisque,
696 2391 763 2446 tam
786 2380 1058 2468 respondentibus
1079 2402 1179 2469 quam
1201 2381 1393 2470 disputanti.

319 2551 369 2614 28·
402 2563 450 2610 ΒΕ
472 2563 702 2612 LECTIONIBUS
722 2564 897 2613 LEGENDIS
917 2564 984 2612 PER
1006 2563 1246 2613 nsccsnsmos
1266 2565 1303 2612 m
1324 2563 1451 2612 manus
1474 2561 1748 2612 contestamus

837 2664 884 2710 AD
906 2663 993 2711 'PRES
1016 2663 1239 2712 aerumma.

278 2784 312 2841 20
405 2774 590 2841 Buccelarii
627 2785 773 2864 tempore
813 2781 1035 2865 suspensionis
1073 2779 1247 2844 lectionum
1285 2779 1320 2842 in
1358 2777 1472 2843 diebus
1510 2777 1747 2842 canicularibus

318 2873 456 2960 legendo
480 2873 604 2960 aliquid
623 2877 658 2939 iu
678 2879 901 2960 grammatica,
922 2879 1086 2944 rethorica
1105 2887 1162 2944 aut
1181 2879 1217 2942 in
1238 2877 1499 2965 computualibns
1521 2888 1555 2942 et
1575 2877 1747 2963 algorismo

320 2973 439 3041 debent
461 2997 495 3041 se
517 2974 689 3060 diligenter
711 2977 899 3043 exercitare.
929 2979 974 3044 Et
994 2988 1168 3067 antequam
1189 2978 1252 3043 hcc
1271 2977 1417 3058 fecerint,
1438 2999 1500 3064 pro
1521 2975 1630 3063 gradu
1649 2977 1748 3062 magi·

319 3075 410 3139 sterii
431 3097 635 3161 nequaquam
658 3074 878 3142 admittantur.

380 3244 429 3307 29.
457 3257 504 3304 cn
526 3258 670 3307 munao
691 3259 987 3309 ssocsnlsroeuu
1008 3260 1269 3310 msrurmcrun
1288 3260 1416 3310 omnus
1435 3259 1619 3310 noumms
1641 3262 1687 3309 nr

275 3347 309 3404 25
730 3359 934 3410 mensumn
955 3363 1038 3409 mon
1061 3359 1330 3410 anonmnnruu.

400 3471 526 3556 Placet,
553 3483 589 3539 ut
615 3473 798 3558 quindecim
827 3475 1004 3542 baccalarii
1033 3479 1186 3558 seniores,
1212 3474 1328 3541 diebus
1350 3474 1521 3540 dominicis
1548 3477 1584 3540 in
1606 3475 1745 3564 disputa·

318 3573 410 3638 cione
430 3571 690 3639 baccalariorum
712 3585 910 3660 praesentes,
937 3575 1081 3642 habeant
1109 3573 1244 3664 quilibet
1269 3573 1412 3638 medium
1442 3596 1594 3660 grossum
1620 3597 1745 3656 novum,

319 3693 398 3760 quos
419 3670 624 3737 baccalarius
646 3671 817 3760 disputans
839 3674 1061 3762 praesentabit
1081 3675 1202 3740 eisdem
1225 3695 1300 3738 mox
1321 3673 1355 3737 in
1376 3672 1491 3738 eadem
1512 3673 1744 3762 disputacicne,

320 3769 379 3836 sub
401 3792 507 3855 poena
530 3781 602 3838 octo
626 3795 824 3857 grossorum,
846 3797 926 3862 quos
948 3774 1091 3841 decenus
1113 3783 1307 3858 extorquere
1327 3783 1462 3838 tenetur.

276 3945 310 4002 30
536 3941 586 4004 30.
608 3956 654 4002 nn
674 3956 790 4003 conus
813 3959 1044 4006 onsunvnuos
1066 3958 1102 4006 nr
1124 3955 1308 4004 conusens
1328 3956 1374 4002 nu
1395 3955 1527 4004 suasu.

399 4067 527 4151 Placet,
565 4071 654 4158 quod
689 4073 723 4137 in
755 4072 842 4138 nullo
874 4072 1083 4160 collegiorum
1114 4072 1167 4138 vel
1198 4071 1371 4138 bursarum
1404 4073 1577 4160 supposita
1619 4083 1743 4140 servent

317 4187 453 4232 coenam
477 4169 530 4234 vel
558 4169 602 4234 ad
628 4193 700 4236 eam
728 4171 853 4257 pulsari
880 4175 1005 4239 faciant
1031 4184 1106 4238 ante
1134 4173 1247 4238 horam
1276 4174 1431 4259 quintam,
1461 4183 1528 4238 tam
1559 4173 1593 4237 in
1624 4183 1743 4240 aestate

317 4289 414 4352 quam
434 4269 468 4330 in
491 4267 616 4354 hyeme,
635 4270 696 4336 sub
717 4295 824 4359 poena
844 4283 981 4360 quatuor
1002 4295 1189 4359 grossorum
1210 4294 1270 4359 per
1290 4271 1449 4338 decanum
1471 4295 1493 4336 a
1514 4275 1742 4339 contr-sladen·

315 4365 403 4433 tibus
423 4369 727 4455 extorquendorum.

273 4543 307 4600 35
536 4533 628 4600 XIV.
650 4533 710 4624 [Bl.
733 4534 804 4624 23b]
828 4555 1071 4606 csrrrunuu
1092 4555 1286 4604 nsc1ucu
1309 4556 1522 4616 Quassus.

411 4683 578 4750 Statuta
598 4689 897 4753 concernencia
917 4687 1242 4775 magistrandos,
1269 4711 1371 4778 quae
1396 4689 1481 4776 legi
1503 4690 1653 4757 dehent

676 4795 858 4874 tempore
879 4788 1216 4876 dispensacionis
1238 4811 1383 4856 eorum

400 4941 425 4999 l.
447 4931 594 5014 Quilibet
606 4930 747 5000 decanus
760 4945 886 5004 tenetur
907 4939 1016 5024 legere
1031 4937 1265 5026 subsequencia
1287 4947 1408 5006 statuta
1427 4943 1615 5028 promoveri
1636 4939 1736 5008 volen-

315 5032 401 5099 tibus
421 5033 464 5098 sd
487 5033 625 5116 gradum
645 5035 824 5119 maffl'sterii
844 5049 991 5126 tempore
1013 5038 1278 5124 dispensacionis.
1317 5039 1362 5104 Et
1383 5039 1571 5129 subscripta
1590 5041 1736 5108 iurabunt

275 5143 354 5198 lose
375 5133 598 5221 complevisse,
619 5134 683 5198 nisi
705 5157 802 5222 super
823 5139 885 5226 bys
906 5161 978 5202 cum
999 5138 1046 5202 eis
1067 5139 1165 5204 fuerit
1186 5138 1417 5227 dispensamus
