3768 6072
297 473 357 538 210
842 464 898 518 Das
916 475 1010 532 posse
1029 463 1134 531 colleg.

293 653 370 718 licet
381 653 516 733 Psecas,
541 651 748 731 ascensionis,
763 648 1004 728 Penthecostss,
1023 648 1170 732 corporis
1185 645 1317 728 Christi,
1333 645 1553 712 dedicationis
1569 644 1735 712 ecelesiae

295 753 399 816 sancti
421 749 548 816 Nicolai
569 760 601 814 et
622 750 859 835 assumptionis
879 747 932 812 dci
954 746 1128 832 genetricis
1152 753 1285 810 sanctae
1304 744 1440 810 Mariae.

377 850 516 934 Iusuper
538 857 724 913 consuetum
748 849 853 912 estin
874 845 988 911 eodem
1009 843 1145 929 collegio
1167 843 1347 926 observari,
1375 857 1411 908 ut
1435 855 1486 908 ter
1506 846 1541 909 in
1560 866 1648 908 auno
1673 841 1734 907 ad-

295 949 518 1012 ministrentur
542 969 642 1012 aucae
663 956 802 1028 assatae,
831 943 967 1010 cuilibet
986 965 1086 1008 unum
1107 941 1265 1028 quartale,
1292 942 1363 1009 loco
1384 951 1619 1025 assatursrum,
1643 942 1733 1008 scili·

254 1057 270 1110 5
295 1057 346 1111 cet
366 1045 512 1128 Martini,
542 1047 623 1110 siin
646 1044 732 1110 diem
753 1046 899 1110 carnium
916 1042 1071 1107 ceciderit
1092 1037 1189 1126 (alias
1211 1043 1244 1106 in
1267 1040 1351 1106 diem
1373 1042 1519 1106 carnium
1541 1039 1733 1106 immediate

296 1154 482 1232 sequentem
503 1141 743 1230 transferatur),
766 1165 839 1208 cum
856 1143 996 1228 propina
1017 1151 1182 1226 utsupra,
1202 1141 1237 1204 in
1260 1139 1313 1204 dis
1327 1139 1548 1204 dedicacionis
1569 1139 1733 1204 ecclesiae

296 1245 400 1308 sancti
421 1241 558 1324 Nicolai,
584 1243 686 1308 eciam
709 1264 781 1306 oum
802 1239 962 1327 solempni
982 1241 1132 1327 propina,
1154 1238 1195 1302 de
1214 1259 1280 1324 qua
1301 1260 1411 1326 supra,
1440 1247 1472 1303 et
1490 1240 1525 1303 in
1547 1239 1601 1304 die
1623 1241 1732 1304 sancti

296 1341 481 1406 Burckardi
503 1363 575 1406 cum
597 1342 745 1427 propina.

378 1439 528 1505 Ceterum
562 1463 582 1504 a
615 1439 778 1505 dominica
808 1437 1075 1524 septuagesimae
1106 1458 1208 1524 usque
1238 1435 1283 1500 ad
1312 1435 1398 1500 diem
1431 1437 1576 1500 cinerum
1609 1434 1734 1500 debent

260 1539 422 1625 topistata
443 1538 665 1604 administrari
686 1559 747 1624 pro
768 1535 917 1602 omnibus
938 1534 1104 1620 magistris
1127 1533 1364 1620 praesentibus,
1394 1537 1428 1598 in
1456 1544 1489 1598 et
1518 1545 1613 1598 extra
1641 1555 1732 1598 men-

297 1659 366 1702 sam
389 1636 615 1718 existentibus,
639 1636 680 1701 de
709 1657 781 1701 sero
810 1645 860 1699 ter
885 1637 920 1700 in
948 1636 1140 1720 septimana,
1171 1631 1295 1696 scilicet
1318 1631 1492 1714 dominica,
1522 1633 1626 1696 tercia
1646 1633 1733 1696 feria

297 1745 329 1800 et
356 1737 470 1822 quinta
490 1735 574 1800 feria
598 1745 631 1800 et
657 1734 779 1800 ultimis
806 1733 911 1798 tribus
940 1731 1054 1798 diebus
1084 1731 1302 1817 carnisprivii,
1333 1731 1451 1814 quibus
1478 1729 1593 1796 diebus
1623 1729 1732 1796 tribus

295 1835 400 1898 eciam
421 1843 591 1898 assaturae
612 1855 706 1898 mane
727 1843 759 1898 et
781 1853 852 1898 sero
873 1831 1003 1918 disponi
1023 1830 1143 1896 debent
1163 1851 1222 1916 per
1244 1830 1467 1917 praepositum
1487 1841 1564 1894 tunc
1584 1831 1732 1895 existen·

295 1941 360 1997 tem
393 1953 453 2018 pro
484 1931 621 2017 singulis
653 1932 819 2017 magistris
850 1929 1092 2017 praesentibus,
1123 1929 1187 1994 nisi
1218 1928 1289 1994 dies
1318 1927 1429 2015 aliqua
1457 1927 1643 1994 ieiunabilis
1672 1931 1732 1994 im·

256 2041 288 2096 1⁵
296 2030 468 2116 pediverit

378 2129 520 2193 Demum
541 2128 645 2193 tribus
666 2129 792 2193 vicibus
820 2130 856 2192 in
882 2149 967 2192 anno
994 2137 1070 2192 ente
1096 2128 1221 2192 omnia¹
1244 2125 1368 2192 fercula
1396 2127 1563 2212 magistris
1591 2125 1731 2192 admini-

298 2227 434 2294 stranda
462 2249 521 2312 pro
543 2229 709 2313 magistris
736 2229 770 2291 in
803 2249 915 2292 mensa
947 2225 1109 2291 duntaxat
1139 2224 1388 2292 consedentibus
1419 2247 1598 2312 procurare
1631 2224 1730 2290 debet

297 2324 491 2392 sermodium
507 2325 657 2409 calidum,
674 2329 807 2413 proprie
829 2349 893 2412 eyn
914 2323 1083 2410 gebaelren
1104 2323 1251 2410 qvorgk,
1274 2324 1398 2390 scilieet
1418 2325 1452 2388 in
1474 2324 1588 2409 vigilia
1612 2347 1725 2388 ascen-

298 2427 398 2490 sionis
424 2423 557 2506 domini,
586 2426 619 2488 in
647 2424 761 2509 vigilia
782 2424 1011 2489 Penthecostss
1038 2433 1070 2488 et
1095 2425 1131 2487 in
1153 2422 1268 2508 vigilia
1296 2423 1443 2508 corporis
1465 2421 1600 2487 Christi.
1638 2422 1731 2487 ldem

255 2523 368 2588 wfieri
395 2522 586 2587 debetcum
615 2523 744 2608 laganis
772 2533 804 2587 et
831 2545 873 2609 po
896 2572 904 2587 .
927 2572 935 2587 .
957 2571 995 2587 ..
1025 2520 1152 2586 calibus
1182 2532 1215 2586 et
1245 2543 1330 2608 pane
1360 2520 1482 2587 Christi
1507 2520 1615 2608 longo,
1643 2523 1732 2608 quod

297 2632 405 2686 tamen
429 2618 542 2706 (trium
563 2621 595 2708 l)
618 2623 815 2708 principium
838 2625 1006 2687 consuevit
1026 2618 1111 2706 qurlr
1126 2617 1173 2705 (l)
1196 2618 1366 2706 appellari,
1392 2629 1428 2684 ut
1447 2621 1531 2685 inter
1553 2623 1732 2706 magistros

298 2722 332 2784 in
353 2741 466 2784 mensa
488 2721 665 2785 existentes
686 2720 901 2786 distribuatur
922 2769 930 2784 .
953 2770 961 2784 .
984 2769 993 2784 .
1016 2770 1023 2783 .
1045 2717 1316 2803 quemadmodum
1336 2717 1373 2784 fit
1395 2741 1469 2783 oum
1490 2741 1586 2784 caseo
1609 2733 1642 2784 et
1664 2721 1727 2785 fru-

298 2817 405 2884 ctibus
426 2829 458 2882 et
480 2865 695 2884 ........
717 2829 812 2885 extra
834 2819 949 2886 diebus
971 2816 1212 2884 ieiunabilibus.

992 3040 1043 3102 66.

258 3207 291 3262 25
383 3204 452 3277 Auf
469 3206 523 3262 der
542 3205 651 3262 funera
672 3203 751 3263 Seite
772 3207 823 3262 des
847 3205 937 3262 obera
959 3205 1085 3262 Declcels
1107 3204 1177 3261 siud
1202 3221 1258 3260 oca
1280 3204 1299 3264 2
1320 3203 1454 3261 Eanum
1476 3206 1527 3262 des
1553 3205 1600 3264 15.
1620 3207 1732 3266 Jahrb.

301 3302 347 3358 dic
362 3304 529 3378 solpendsa
551 3303 652 3362 beiden
674 3303 898 3380 Bemerlcuapea
915 3304 1119 3380 peschriebcu:

388 3463 426 3528 Iu
459 3465 547 3529 omni
577 3467 713 3551 angaria
743 3463 839 3528 debet
869 3465 940 3528 fieri
970 3465 1115 3530 visitatio
1150 3463 1323 3528 bursarum
1358 3485 1417 3549 per
1446 3467 1673 3550 praepositum
1702 3477 1735 3531 et

303 3561 450 3627 aedituos
473 3562 612 3648 collegii,
634 3587 695 3650 pro
718 3587 780 3650 quo
801 3563 936 3650 quilibet
955 3561 1090 3627 habebit
1112 3569 1131 3631 8
1151 3566 1192 3642 ‹3-
1213 3562 1373 3649 antiquos.

382 3693 547 3780 Deinceps
570 3698 657 3760 omni
679 3698 862 3760 mutacione
883 3711 915 3759 et
935 3698 970 3761 in
991 3696 1155 3782 principio
1177 3694 1364 3760 visitabitur
1385 3693 1569 3780 disputacio
1589 3699 1734 3762 serotina

260 3793 463 3856 tosociorum
485 3815 543 3877 per
566 3793 732 3858 dominum
753 3794 910 3859 decanum
933 3803 965 3859 et
986 3817 1062 3860 suos
1083 3793 1238 3860 aedituos.

739 4017 787 4075 67.
809 4027 1039 4076 1uasunuuuu
1060 4009 1283 4075 amoenans.²

385 4155 441 4220 leh
462 4155 511 4218 .N.
534 4156 686 4238 schwere,
713 4159 772 4223 das
795 4159 847 4222 ich
866 4181 1005 4244 meynen
1033 4160 1160 4240 herren,
1188 4156 1251 4221 den
1283 4153 1476 4240 collegiateu
1506 4155 1564 4220 des
1593 4180 1732 4242 grosseu

302 4253 439 4339 collegii,
468 4263 547 4318 trew
568 4254 635 4319 vnd
663 4257 829 4342 geworhre
862 4279 952 4342 seyn,
983 4257 1053 4321 iren
1076 4253 1219 4322 schadeu
1240 4253 1412 4319 verhiitten
1431 4253 1498 4318 vnd
1520 4253 1728 4342 derselbigeu

300 4353 434 4436 humen,
463 4377 498 4418 so
520 4353 583 4418 viel
604 4356 665 4418 mir
689 4354 840 4440 mdglich,
863 4354 1016 4438 schsffen,
1044 4356 1110 4420 vnd
1136 4354 1220 4419 noch
1246 4353 1339 4418 deme
1359 4353 1413 4418 ich
1440 4352 1629 4418 siinderlieh
1657 4379 1728 4420 aum

260 4453 485 4518 atechencken
504 4475 581 4538 yres
610 4452 696 4519 biers
723 4477 967 4540 sugenommeu,
992 4457 1052 4520 mit
1077 4453 1151 4519 dem
1172 4453 1267 4519 kauff
1293 4451 1359 4518 und
1387 4451 1579 4518 verkauffen
1611 4453 1728 4520 dessel-

382 4757 393 4806 1
413 4750 468 4806 Die
486 4751 586 4805 Worte
603 4757 666 4804 aaa
684 4751 777 4804 omnio
796 4749 856 4804 sind
874 4747 953 4804 nicht
969 4767 1041 4819 gana
1060 4747 1190 4804 deutlich.

377 4835 476 4890 2Von
494 4831 636 4888 derselben
653 4833 737 4888 Haud
761 4832 814 4888 auf
832 4831 877 4888 die
899 4831 1044 4888 Stirnseits
1068 4831 1117 4887 des
1142 4837 1232 4888 maten
1256 4831 1363 4890 Blattes
1388 4831 1577 4906 gescbrisbsn,
1601 4835 1646 4891 die
1665 4840 1724 4892 1549

300 4917 351 4972 das
370 4917 400 4972 iu
422 4918 476 4973 den
494 4915 631 4974 Urkuudl
651 4915 767 4981 Quellen
794 4915 822 4973 S.
846 4922 894 4972 745
919 4915 1057 4972 erwihnte
1074 4915 1324 4972 Verueiobniss
1347 4916 1405 4972 der
1427 4917 1641 4976 Einnabmcn
1663 4918 1726 4974 und

299 5002 497 5072 Ausgabeu
514 4999 573 5054 des
591 5017 738 5070 grossen
756 5000 905 5072 Collega
921 4999 1038 5056 sebrieb.
1075 4999 1144 5054 Dies
1162 4999 1352 5056 Verseicbniss
1376 5001 1435 5056 hier
1453 5002 1654 5060 auluuuebmen
1675 5019 1726 5056 var

302 5085 383 5140 keiue
400 5085 622 5155 Vernulassung;
641 5101 671 5139 es
687 5083 788 5156 gehtirt
804 5083 938 5140 vielmehr
955 5083 983 5138 in
1001 5083 1054 5140 deu
1074 5082 1309 5156 geschichtlicheu
1329 5085 1420 5142 Baud.
