3758 6072
458 489 542 544 Drion
560 489 828 558 sacramencum,
847 503 899 542 von
919 489 1106 544 totth-149⁰.
1425 497 1484 558 417

65 669 385 739 coexaminatoribus
406 671 554 739 dederint
574 673 819 760 responsiones,
840 685 916 740 ante
941 673 1115 755 iudicium,
1140 671 1259 738 detali
1279 671 1331 736 vel
1354 671 1483 758 talibus,

64 773 97 838 in
114 772 327 860 temptamina
346 771 399 838 val
419 775 568 838 examine
589 775 762 840 constituto
783 773 835 840 vel
856 775 1048 856 constitutis,
1068 773 1161 838 iuxta
1181 770 1343 836 facultatis
1363 774 1487 836 arcium

66 870 332 938 consuetudinem
341 870 461 936 factum
478 883 509 938 et
526 871 730 960 completum,
752 872 874 938 nullum
897 875 1035 960 penitus,
1056 873 1142 937 omni
1164 869 1272 936 colore
1294 872 1485 958 postposito,

64 993 123 1036 nec
140 969 264 1036 directe
276 992 337 1036 nec
353 971 510 1038 indirecte
526 971 704 1038 certificare
720 982 776 1038 aut
790 971 831 1038 de
850 973 912 1040 hoc
933 994 1044 1038 coram
1063 971 1180 1057 aliquo,
1202 971 1305 1035 eciam
1325 992 1368 1036 ex
1388 969 1487 1035 michi

66 1069 291 1158 condeputatis
319 1071 612 1155 examinatoribus,
638 1094 690 1138 me
717 1072 880 1138 resolvere
915 1082 970 1138 aut
1004 1070 1141 1157 aliquem
1171 1093 1213 1134 cx
1238 1068 1304 1134 illis
1332 1072 1366 1134 in
1393 1078 1528 1157 prae-5

65 1173 195 1258 scriptis
214 1170 258 1235 ad
277 1191 313 1234 se
330 1169 557 1236 resolvendum
576 1169 739 1256 inducere,
761 1172 819 1237 sed
839 1172 1014 1237 secundum
1035 1169 1198 1236 facultatis
1219 1170 1343 1234 arcium
1366 1177 1488 1234 statuta

66 1269 182 1356 dignos
201 1267 392 1355 simpliciter
411 1269 581 1336 admittere
597 1279 630 1336 et
646 1269 796 1357 indignos
817 1271 1006 1359 simpliciter
1021 1271 1152 1352 reicere,
1174 1279 1207 1334 et
1227 1278 1302 1356 post
1323 1267 1486 1352 iudicium,

67 1393 125 1456 per
142 1390 195 1434 me
216 1377 249 1433 et
265 1367 346 1434 alios
368 1370 500 1453 factum,
522 1369 599 1457 quid
621 1392 682 1457 ego
703 1379 758 1435 aut
779 1369 895 1458 aliquis
918 1371 1214 1436 coexaminatorum
1236 1390 1380 1434 meorum
1402 1366 1487 1432 feee-

66 1471 176 1552 rimua,
194 1465 277 1532 nulli
299 1467 445 1534 revelare
461 1467 551 1534 volo:
574 1468 634 1534 sub
655 1491 762 1556 poena
782 1470 925 1556 periurii,
947 1468 1032 1556 quod
1053 1469 1287 1534 contrafaciens
1307 1467 1380 1554 ipso
1402 1466 1487 1532 facto

65 1569 218 1650 incurro,
245 1577 277 1632 et
306 1565 503 1633 exclusionis
524 1591 545 1634 a
566 1567 699 1635 consilio
724 1568 887 1634 facultatis
913 1577 1011 1654 atque
1040 1568 1261 1655 suspensionis
1288 1567 1358 1632 sive
1379 1569 1530 1654 priva-10

68 1669 168 1734 donis
199 1688 220 1731 a
250 1665 388 1752 singulis
416 1667 628 1734 emolimentis
653 1668 688 1734 in
716 1668 828 1734 eadem
856 1667 1009 1734 facultate
1032 1689 1117 1732 nuno
1144 1677 1176 1732 et
1195 1669 1229 1731 in
1251 1667 1394 1732 liranum
1415 1688 1486 1752 per-

67 1765 246 1854 cipiendis,
267 1767 347 1830 siin
368 1765 477 1854 aliquo
499 1767 741 1855 praedictorum
763 1766 936 1855 culpabilis
956 1777 1104 1853 repertus
1128 1777 1185 1832 aut
1204 1767 1368 1832 convictus
1387 1766 1488 1850 fuero,

68 1876 137 1949 aut,
160 1865 204 1931 de
233 1865 295 1932 hoc
323 1888 383 1953 per
403 1864 568 1953 publicam
598 1889 710 1932 vocem
742 1877 774 1934 et
798 1867 920 1932 famam
941 1875 1119 1954 suspectus,
1141 1887 1193 1931 me
1212 1867 1306 1932 iuxta
1325 1865 1488 1932 facultatis

68 1965 235 2032 decretum
255 1987 440 2052 expurgare
468 1969 653 2054 nequivero.
696 1965 751 2032 Sic
777 1988 829 2032 me
855 1966 934 2032 deus
963 1964 1096 2032 adiuvet
1124 1987 1163 2030 ac
1191 1965 1273 2031 haec
1301 1976 1414 2032 sancta
1435 1965 1489 2031 dei

69 2063 271 2151 evangelia.“
1224 2093 1227 2100 ¹
1500 2073 1530 2130 15

152 2163 198 2229 Et
221 2161 295 2228 illos
317 2173 447 2252 reputat
467 2163 604 2230 facultas
625 2163 782 2250 gradibus
804 2164 936 2251 dignos,
960 2162 1076 2252 quibus
1105 2186 1170 2228 non
1200 2161 1303 2228 solum
1323 2163 1489 2230 literarum

70 2265 211 2330 sciencia
230 2285 343 2327 verum
365 2262 468 2328 eciam
488 2264 575 2328 vitae
595 2265 744 2330 meritum
765 2265 978 2350 suffragatum
1005 2266 1040 2328 in
1061 2265 1210 2330 scienciis
1232 2273 1339 2330 autem
1360 2263 1419 2330 hos
1439 2288 1488 2328 re

70 2373 160 2452 putat
177 2363 297 2448 dignos
307 2363 505 2448 magisterio,
528 2365 582 2448 qui
604 2362 686 2430 bano
708 2387 742 2430 se
764 2363 885 2429 habent
904 2365 938 2429 in
959 2365 1061 2428 veteri
1082 2372 1163 2447 arte,
1182 2364 1216 2428 in
1235 2385 1321 2429 nova
1341 2363 1438 2451 loyca
1459 2371 1490 2428 et

70 2460 211 2526 naturali
234 2460 461 2549 philosophia,
488 2465 521 2528 in
551 2463 624 2528 aliis
650 2486 728 2530 vero
755 2473 982 2550 competenter.
1024 2463 1097 2528 Non
1119 2472 1212 2527 curat
1238 2462 1375 2530 facultas
1394 2465 1430 2528 in
1450 2485 1489 2528 ea

71 2571 161 2648 parte
190 2561 357 2626 miciorem
392 2562 500 2627 facere
535 2559 807 2645 declaracionem,
835 2563 926 2649 quia,
955 2583 1027 2626 cum
1056 2561 1278 2648 magisterium
1304 2564 1339 2627 in
1367 2561 1533 2628 arubmao

72 2660 259 2726 doctoratus
280 2661 373 2724 sitin
393 2659 515 2725 eisdem
538 2657 622 2750 [20b]
645 2661 815 2749 nullusque
835 2661 870 2726 in
890 2661 971 2748 ipsis
991 2659 1142 2726 alciorem
1164 2661 1302 2748 gradum
1324 2663 1493 2750 percipere

72 2761 186 2846 possit,
210 2756 344 2844 dignum
363 2769 466 2847 putat,
487 2782 706 2846 quemcunque
725 2763 760 2825 in
781 2762 972 2847 magistrum
993 2761 1178 2847 promoveri
1199 2761 1360 2827 volentem
1381 2763 1437 2846 ita,
1458 2771 1495 2826 ut

73 2860 301 2946 praemittitur,
324 2881 386 2946 quo
409 2858 452 2924 ad
473 2860 630 2924 scienciae
651 2859 869 2946 qualificatum
891 2861 960 2926 foro
982 2858 1110 2926 debere.
1143 2859 1372 2927 Baccalariatn
1386 2871 1494 2926 autem

72 2959 210 3024 facultas
232 2957 348 3045 dignos
369 2967 502 3044 reputat
520 2960 554 3022 in
576 2959 740 3043 scienciis,
762 2961 817 3048 qui
844 2958 926 3025 bene
948 2981 982 3024 se
1010 2957 1184 3026 habentia
1207 2962 1436 3047 grammatica,
1458 2963 1493 3025 in

74 3061 185 3147 parvis
207 3055 388 3145 loycalibus
412 3059 499 3123 etin
519 3061 621 3123 veteri
643 3067 730 3142 arte,
758 3059 792 3122 in
819 3057 892 3123 aliis
912 3080 991 3123 vero
1014 3068 1242 3146 competenter.
1284 3059 1329 3124 Et
1354 3059 1535 3126 facultasli

75 3155 272 3226 declarando
299 3155 358 3222 hos
385 3167 516 3244 reputat
543 3159 576 3221 in
601 3158 879 3244 grammatica
899 3179 934 3222 se
955 3156 1038 3223 bene
1057 3157 1193 3241 habere,
1223 3159 1295 3246 qui,
1323 3161 1494 3248 proposita

74 3257 181 3344 aliqua
215 3253 373 3339 dictione,
406 3279 491 3338 eam,
531 3279 573 3321 an
606 3277 722 3320 nomen
754 3257 796 3320 sit
834 3252 884 3320 vel
913 3256 1050 3322 verbum
1082 3255 1188 3323 aliave
1218 3279 1296 3344 pars
1325 3259 1491 3344 orationis,

73 3359 164 3422 iuxta
184 3355 365 3420 doctrinam
378 3353 501 3420 Donati
516 3377 576 3442 per
589 3354 821 3420 diffinicionum
842 3355 1100 3441 assignacionem
1120 3353 1230 3422 valent
1250 3355 1439 3442 diiudicare,
1461 3367 1494 3424 et

76 3479 144 3522 eam
167 3457 202 3520 in
230 3453 453 3520 accidentibus
481 3455 548 3519 suis
575 3453 784 3537 declinando,
811 3455 1031 3541 coniugando,
1058 3453 1237 3538 movendo,
1264 3455 1492 3542 comparando,

77 3579 177 3642 genus
210 3552 409 3641 assignando
431 3563 464 3618 et
485 3554 575 3636 aliis,
598 3575 806 3642 quaecunque
832 3551 888 3618 illa
916 3555 997 3638 sint,
1026 3555 1244 3640 congruitates
1270 3553 1407 3640 denique
1433 3565 1536 3644 per³0

76 3654 205 3743 regulas
228 3653 500 3740 grammaticales,
520 3654 680 3740 regimina
695 3654 798 3718 eciam
812 3664 843 3718 et
857 3655 1116 3720 construcciones
1138 3651 1294 3740 expedire
1313 3665 1344 3718 et
1364 3653 1494 3742 regulas

78 3753 117 3820 de
137 3753 340 3820 Allexandro
363 3752 407 3818 ad
429 3751 556 3840 singula
584 3752 755 3841 praedicta
782 3752 950 3840 adaptare.
1003 3753 1043 3818 In
1072 3755 1223 3840 parvis
1254 3751 1494 3841 loycalibus

77 3877 152 3922 vero
181 3850 379 3919 declarando
411 3851 547 3918 facultas
574 3851 634 3918 hos
663 3861 794 3940 reputat
822 3874 856 3916 se
884 3851 966 3916 bene
993 3850 1133 3936 habere,
1166 3855 1221 3939 qui
1241 3853 1276 3918 in
1303 3853 1495 3920 tractatibus

79 3954 354 4042 supposicionum,
374 3951 638 4038 ampliacionum,
659 3952 905 4017 restricoionum
926 3961 959 4016 et
980 3954 1280 4039 consequentiarum
1301 3952 1496 4039 generaliter

79 4076 112 4119 se
129 4051 286 4142 expedire
307 4060 457 4140 possunt,
477 4053 524 4116 ita
545 4061 580 4115 ut
601 4053 718 4134 sciant,
740 4049 879 4137 qualiter
899 4051 1053 4116 terminus
1076 4053 1110 4116 in
1131 4072 1249 4138 genere
1271 4062 1303 4116 et
1322 4053 1358 4117 in
1386 4056 1537 4140 specieti

80 4161 243 4241 supponat
265 4149 372 4238 ample
391 4149 443 4215 vel
463 4153 621 4232 restricte,
643 4152 836 4238 quandoque
856 4149 1021 4216 verificari
1042 4160 1074 4215 et
1095 4151 1154 4217 sub
1175 4154 1247 4238 ipso
1270 4151 1424 4217 descendi
1442 4152 1496 4218 de-

79 4251 171 4336 beat3
206 4251 392 4339 posiciones
419 4251 521 4315 eciam
549 4251 676 4315 ratione
704 4251 934 4316 sententiarum
965 4247 1159 4335 generaliter
1187 4272 1350 4338 exponere
1377 4251 1496 4318 valent

79 4349 144 4416 Sed
162 4353 196 4415 in
217 4350 353 4416 veteri
374 4358 461 4414 arte
482 4347 678 4417 declarando
705 4349 765 4416 hos
789 4357 922 4436 reputat
947 4347 1084 4414 facultas
1112 4371 1147 4414 se
1168 4347 1250 4414 bene
1270 4349 1408 4436 habere,
1430 4352 1495 4439 qui,

80 4449 156 4538 quid
172 4472 299 4534 nomen,
318 4446 464 4531 verbum,
486 4451 619 4536 posicio,
641 4473 735 4538 quae,
758 4447 873 4537 qualis,
894 4457 1016 4535 quanta
1036 4458 1069 4513 et
1088 4450 1124 4514 in
1146 4469 1211 4536 qua
1230 4450 1367 4514 materia
1385 4451 1437 4533 sit,
1457 4473 1496 4515 ac

80 4551 167 4616 circa
195 4571 268 4614 mm
295 4546 538 4635 opposiciones,
558 4547 662 4635 leges,
691 4548 916 4614 conversiones
946 4557 978 4612 et
1004 4545 1277 4635 aequipollenciaa
1302 4548 1538 4636 generaliterlti

82 4651 196 4732 sciunt,
217 4657 250 4713 et
269 4648 332 4713 hoc
353 4669 416 4735 quo
436 4647 480 4712 ad
500 4647 620 4714 librum
642 4649 715 4735 peri
742 4647 918 4730 ermenias3
948 4645 1006 4712 sed
1031 4667 1094 4733 quo
1120 4645 1164 4710 ad
1190 4645 1308 4712 librum
1329 4647 1496 4734 Purphirii

81 4753 228 4815 raciones
257 4748 398 4836 quinque
425 4744 656 4812 universalium
683 4758 728 4830 et,
757 4748 894 4811 termino
922 4746 1105 4831 proposito,
1136 4768 1179 4810 an
1208 4769 1326 4832 genus,
1360 4747 1495 4833 species,

85 4847 265 4913 differentia
285 4843 338 4911 vel
360 4843 449 4910 aliud
469 4843 701 4912 universalium
722 4845 780 4928 sit3
809 4854 840 4909 et
861 4867 923 4932 quo
944 4843 987 4909 ad
1008 4842 1126 4910 librum
1146 4845 1495 4932 praedicamentorum¹

83 4957 160 5036 quot
175 4957 205 5013 et
215 4967 298 5034 quae
316 4946 381 5010 sint
396 4943 735 5033 antepraedicamenta
747 4965 826 5008 vera
839 4953 871 5010 et
882 4942 1229 5032 postpraedicamsnta,
1251 4955 1283 5011 et
1297 4945 1387 5012 cuius
1402 4964 1495 5031 prae

170 5171 180 5222 l
201 5165 256 5220 Die
266 5163 381 5232 Lssung
391 5161 439 5216 des
448 5161 561 5218 Wortes
571 5161 608 5216 ist
619 5159 749 5216 undcher
758 5159 814 5214 und
827 5159 878 5214 mit
893 5159 937 5214 ihr
952 5159 997 5214 dic
1016 5159 1065 5216 dea
1080 5159 1229 5233 folgenden
1246 5159 1493 5233 gleichlautendan.

151 5263 371 5308 ararurraacoa
387 5263 445 5300 nra
461 5264 534 5302 cmv.
551 5264 669 5302 namara.
1237 5329 1240 5334 Ι
1289 5252 1328 5314 27
