3762 6074
838 453 888 504 Dia
906 451 1124 518 philosophialis
1141 451 1268 502 aarum.

762 684 1352 750 Vlll.csr1ruuuuocravun.

409 835 576 902 Statuta
597 835 897 923 subsequentia
917 841 1171 899 concernunt
1189 832 1413 914 lectiones,
1443 832 1656 898 exercitia
1674 843 1710 896 et

657 935 967 1021 resumpciones
994 932 1192 1020 publicas
1219 931 1450 998 facultatis.

580 1109 603 1167 1.
625 1119 743 1165 nonus
765 1116 1012 1164 nrsrmauanor
1033 1117 1227 1165 nucrrouas
1247 1115 1316 1164 rao
1337 1115 1538 1164 oanmsmo.

306 1245 320 1298 t
432 1233 558 1314 Placet,
586 1235 671 1320 quod
698 1231 812 1298 modus
843 1230 1058 1296 distribuendi
1087 1230 1241 1296 lectiones
1270 1253 1329 1318 pro
1359 1231 1523 1296 ordinario
1547 1230 1603 1296 liet
1622 1253 1685 1318 per
1703 1255 1770 1296 sor-

347 1341 426 1414 tem,
453 1332 557 1397 doncc
582 1332 719 1398 facultas
747 1331 835 1396 aliud
862 1331 1042 1394 decreverit
1073 1329 1277 1411 faciendum,
1308 1331 1356 1395 sic
1383 1330 1469 1416 quod
1495 1331 1659 1418 recipiens
1687 1331 1771 1396 ordi·

345 1435 472 1496 narium
494 1431 609 1496 habitu
630 1429 810 1516 magistrali
833 1453 906 1494 cum
925 1431 1022 1494 mitra
1042 1430 1093 1495 vel
1116 1429 1220 1494 bireto
1242 1431 1283 1494 sit
1307 1429 1456 1513 indutus,
1485 1439 1518 1494 et
1544 1429 1633 1517 quod
1660 1453 1770 1495 omues

345 1530 419 1594 libri
439 1553 498 1617 pro
516 1531 672 1616 gradibus
690 1541 755 1594 tam
773 1528 953 1614 magisterii
974 1551 1072 1616 quam
1089 1527 1329 1594 baccalariatus
1352 1530 1502 1616 primitus
1522 1528 1770 1612 distribuantur,

347 1629 463 1718 quibus
492 1630 534 1694 ad
562 1630 692 1716 plenum
720 1651 784 1692 non
815 1627 1014 1709 distributis,
1036 1649 1101 1692 non
1122 1629 1243 1715 poterit
1273 1627 1390 1716 aliquis
1418 1627 1653 1713 magistrorum
1675 1628 1771 1694 aliam

308 1739 339 1793 to
350 1739 443 1793 extra
463 1729 543 1792 istas
565 1730 727 1816 recipere3
761 1727 819 1792 scd
846 1737 1016 1813 postquam
1047 1747 1157 1791 omnes
1187 1737 1340 1814 receptae
1366 1727 1503 1808 fuerint,
1532 1737 1611 1792 tunc
1635 1729 1707 1816 quis
1730 1751 1771 1792 er

345 1828 493 1910 residuis,
515 1850 739 1914 quamcunque
764 1826 922 1908 voluerit,
942 1827 1086 1912 recipere
1107 1828 1235 1913 poterit
1278 1827 1323 1892 Et
1341 1827 1395 1892 hic
1417 1825 1533 1892 modas
1554 1825 1771 1892 distribuendi

309 1975 313 1984 .
347 1937 493 1992 servetur
515 1928 716 1994 uniformiter
740 1935 807 1992 tam
836 1949 898 2013 quo
928 1924 971 1988 ad
998 1923 1170 1991 hiemalem
1198 1949 1296 2013 quam
1324 1927 1428 1990 eciam
1456 1925 1649 1992 aestivalem
1670 1937 1770 1992 muta-

346 2029 487 2108 cionem,
509 2026 744 2091 nonobstante
766 2027 896 2110 antiquo
921 2033 1039 2088 statuto
1069 2023 1164 2090 aliter
1193 2025 1384 2113 disponente
1406 2047 1469 2109 quo
1494 2023 1539 2088 ad
1559 2026 1769 2090 mutationem

346 2126 544 2190 aestivalem.
585 2126 630 2190 Et
644 2126 782 2211 recipiat
797 2122 932 2212 quilibet
945 2125 1185 2208 magistrorum,
1204 2125 1380 2211 praecipue
1401 2147 1495 2212 quem
1517 2123 1598 2190 ordo
1620 2126 1770 2210 tetigerit,

306 2235 337 2289 15
345 2225 516 2290 lectionem
541 2248 601 2312 pro
630 2223 736 2310 gradu
766 2233 798 2288 et
824 2232 900 2288 ante
928 2223 1026 2288 finem
1052 2222 1295 2288 distribucionis
1325 2222 1501 2288 earundem
1530 2247 1591 2310 pro
1613 2222 1769 2309 gradibus

345 2347 409 2388 non
440 2324 550 2406 cedat,
580 2322 637 2387 sed
665 2325 698 2387 in
729 2323 842 2388 ordine
872 2344 930 2388 suo
959 2321 1072 2387 sedere
1094 2333 1241 2404 maneat,
1271 2323 1331 2388 sub
1361 2346 1466 2410 poena
1490 2321 1666 2390 'carenciae
1686 2333 1769 2388 actu·

346 2425 518 2509 regenciae
537 2421 580 2486 ad
596 2421 737 2487 medium
758 2445 887 2486 annum.
930 2419 1058 2485 Placuit
1080 2423 1193 2504 eciam,
1214 2421 1300 2508 quod
1322 2421 1475 2510 deinceps
1500 2445 1611 2488 omnes
1635 2431 1768 2510 quatuor

346 2521 422 2585 libri
444 2521 605 2608 parcialcs
625 2543 800 2607 parvorum
823 2517 901 2608 [13⁵]
918 2519 1123 2602 naturalium,
1146 2531 1182 2586 ut
1203 2519 1243 2584 de
1265 2544 1362 2587 sensu
1383 2531 1415 2586 et
1440 2532 1582 2604 sensato,
1604 2522 1646 2587 de
1661 2544 1769 2587 somno

347 2631 379 2686 et
404 2620 537 2706 vigilia,
559 2618 599 2684 de
627 2621 782 2684 memoria
809 2629 840 2683 ct
867 2620 1131 2701 reminisccncia,
1153 2619 1194 2683 de
1215 2619 1416 2705 longitudine
1438 2631 1470 2685 et
1490 2620 1655 2687 brevitate
1675 2623 1769 2702 vitae,

305 2729 482 2806 20propter
513 2717 738 2784 comoditatem
770 2717 925 2782 audiendi
956 2718 1086 2783 eosdem
1122 2719 1206 2784 inter
1240 2720 1413 2805 magistros
1443 2743 1505 2808 pro
1537 2744 1605 2786 una
1636 2719 1769 2786 lectione

347 2818 599 2900 distribuantur,
628 2827 660 2881 et
679 2819 721 2881 sit
742 2816 829 2882 dicta
851 2815 966 2900 „lectio
989 2839 1166 2903 parvorum
1188 2817 1416 2882 naturalium.“

409 2991 436 3052 2.
458 2999 552 3061 Quor
571 2998 773 3065 anemonae,
795 3000 981 3048 axaacma
1002 3001 1071 3048 AU'I’
1093 3001 1356 3050 RESUMPTIONES
1379 3003 1447 3050 UNA
1470 3001 1549 3050 vlca
1570 3003 1707 3050 HABERE

922 3100 1001 3159 auls
1027 3099 1190 3148 POTERIT.

429 3213 559 3296 Placet,
582 3213 669 3304 quod
697 3212 831 3300 quilibet
859 3215 1087 3300 magistrorum
1113 3215 1210 3280 unica
1235 3211 1370 3280 lectione
1397 3225 1429 3281 et
1456 3239 1520 3282 amo
1542 3217 1698 3280 exercitio
1727 3237 1767 3280 ac

305 3316 444 3382 25unica
466 3314 596 3402 publica
617 3315 835 3400 resumptione
856 3337 921 3378 una
942 3316 1013 3378 viee
1041 3315 1083 3378 sit
1111 3324 1294 3398 contentus,
1317 3313 1376 3381 sub
1405 3313 1494 3381 horis
1516 3323 1627 3382 umen
1647 3337 1704 3403 per
1724 3315 1770 3380 fa·

348 3415 499 3480 cultatem
521 3417 645 3479 arcium
665 3411 707 3478 ad
729 3411 901 3478 bonactus
923 3413 1097 3500 deputatis.

513 3586 540 3646 3.
563 3595 706 3656 QUANDO
728 3595 922 3644 LECTIONES
941 3596 1010 3644 PRO
1033 3596 1150 3645 GRADU
1172 3595 1245 3644 NON
1264 3597 1406 3645 DEBEN'I'
1427 3597 1606 3648 moueant

431 3710 548 3776 Nullus
564 3712 792 3796 magistrorum
815 3712 952 3798 incipiat
969 3711 1077 3796 legere
1093 3709 1233 3798 aliquem
1250 3711 1369 3778 librum
1393 3713 1435 3778 ad
1462 3712 1602 3800 gradum
1625 3725 1770 3802 spectan-

350 3821 413 3874 tem
432 3820 506 3876 ante
528 3811 644 3876 festum
662 3809 794 3894 Georgii
817 3821 873 3876 aut
891 3809 989 3893 Galli,
1011 3811 1074 3874 nisi
1096 3811 1187 3877 carius
1208 3812 1413 3878 medietatem
1435 3812 1572 3900 legendo
1595 3813 1770 3880 secundum

305 3917 470 3974 aestuante
496 3909 659 3974 facultatis
691 3911 792 3994 possit
821 3909 914 3974 finire
942 3919 1016 3974 ante
1045 3910 1128 3974 festa
1154 3910 1340 3997 praedicta,
1369 3911 1427 3978 sed
1455 3923 1649 4000 exspectare
1677 3912 1770 3978 debet

349 4018 477 4094 tempus
501 4008 675 4096 incipiendi
696 4029 754 4095 per
772 4007 959 4075 facultatem
981 4009 1176 4076 ordinatum.

348 4179 377 4239 4.
405 4193 451 4238 DE
471 4191 736 4241 acruaaeaucm
760 4193 805 4239 m·
833 4191 975 4252 QUANDO
998 4193 1192 4241 LECTIONES
1219 4193 1382 4242 DEBEANT
1405 4194 1587 4260 moneam,
1609 4197 1669 4244 UBI
1688 4195 1769 4244 tect

907 4293 954 4339 ΕΤ
982 4291 1205 4341 couvmuaal.

432 4403 577 4484 Quilibet
597 4407 842 4493 magistrorum,
865 4406 977 4472 volens
997 4429 1069 4472 csse
1090 4416 1299 4494 actauegcns,
1321 4407 1418 4473 debet
1437 4409 1583 4496 incipere
1606 4432 1698 4476 suum
1716 4431 1768 4474 or·

305 4512 339 4569 35
349 4503 510 4568 dinarium
527 4504 696 4570 hiemalem
712 4506 808 4593 paulo
827 4517 901 4571 ante
915 4507 1031 4570 festum
1049 4507 1191 4571 omnium
1208 4516 1393 4572 sanctorum
1407 4517 1462 4572 aut
1475 4508 1594 4574 festum
1615 4508 1766 4575 Iohannis

348 4611 422 4666 ante
445 4611 573 4689 portam
594 4603 728 4670 latinam
750 4629 812 4692 quo
834 4605 878 4670 ad
899 4606 1113 4670 mutacionem
1136 4605 1342 4689 aestivalem,
1366 4607 1394 4672 si
1415 4629 1571 4694 praesens
1602 4609 1712 4690 fiterit3
1740 4608 1768 4672 si

348 4713 456 4766 autem
479 4700 613 4784 absens,
636 4713 712 4768 tunc
733 4704 921 4770 conceditur
942 4705 972 4768 ei
993 4714 1120 4790 tempus
1141 4705 1320 4793 incipiendi
1341 4716 1373 4771 et
1393 4705 1572 4792 recipiendi
1599 4706 1767 4772 lectionem

349 4811 423 4866 ante
444 4802 561 4866 festum
582 4802 762 4868 nativitatis
786 4804 887 4870 Cristi
908 4805 942 4867 in
959 4803 1065 4868 bieme
1087 4813 1118 4868 ct
1140 4813 1214 4870 ante
1233 4804 1351 4870 festum
1371 4805 1525 4872 Iohannis
1545 4805 1713 4894 Baptistae
1732 4808 1767 4870 in

348 4909 481 4964 aestate.
523 4901 567 4965 Et
581 4909 706 4966 tenetur
722 4902 857 4989 quilibet
872 4902 1071 4968 ordinarium
1086 4927 1178 4968 suum
1191 4925 1250 4991 per
1266 4925 1300 4968 sc
1319 4903 1428 4990 legere
1451 4903 1581 4992 publice
1603 4907 1637 4970 in
1659 4905 1764 4992 aliquo

307 4997 564 5082 tolectoriorum,
587 5000 650 5063 nisi
672 4998 794 5067 decano
818 5005 1006 5085 eonstiterit,
1029 5002 1115 5089 quod
1135 5003 1302 5068 lectorium
1323 5003 1445 5072 babere
1464 5027 1528 5071 non
1550 5007 1688 5094 poterit,
1713 5005 1765 5070 vel

350 5098 377 5160 si
403 5097 520 5186 aliquis
541 5099 771 5184 magisnorum
797 5101 984 5168 infirmitate
1005 5101 1059 5168 vel
1085 5101 1151 5170 alia
1177 5103 1320 5170 instante
1346 5125 1447 5172 causa
1472 5107 1658 5174 necessaria
1690 5127 1761 5192 gra-
