3788 6078
338 428 402 490 592
856 425 905 478 Die
924 429 1254 482 4441414144144114441111.

428 613 479 676 43.
506 607 587 672 Item
611 606 796 674 conclusum
818 610 879 676 fuit
898 610 1011 678 eadem
1035 612 1137 676 tercia
1162 610 1244 676 feria
1273 623 1349 698 post
1373 612 1545 678 Invocavit
1570 635 1630 698 per
1654 635 1753 678 omnes

344 707 494 773 doctores
516 706 677 772 facultatis
698 708 895 793 medicinae,
916 710 1002 797 quod
1032 709 1145 776 doctor
1167 710 1300 776 41144144
1329 711 1493 778 1444114114
1521 711 1637 778 voleus
1662 714 1752 800 recipi

345 805 389 871 ad
415 805 601 872 facultatem
632 804 811 874 medicinae
836 809 932 876 huius
963 811 1197 892 universitatis,
1220 811 1249 875 si
1276 821 1325 876 est
1350 809 1555 878 baccalarius
1577 811 1672 876 huius
1697 815 1755 876 uni·

347 907 522 989 versitatis,
543 915 670 970 tenetur
691 903 770 971 dare
791 926 839 972 x11
860 909 999 974 florenos
1023 931 1175 974 renenses
1198 911 1231 974 in
1254 931 1333 974 auro
1354 908 1544 977 doctoribus
1570 909 1613 976 de
1634 911 1756 976 consilio

303 1015 319 1070 5
347 1002 511 1070 facultatis
544 1004 735 1070 medicinae.
789 1003 823 1070 Si
857 1019 963 1074 autem
999 1031 1063 1073 non
1093 1019 1142 1072 est
1173 1007 1377 1075 baccalarius
1411 1009 1505 1075 huius
1536 1011 1757 1092 universitatis,

345 1114 471 1168 1444144
493 1103 571 1170 dare
593 1123 677 1170 xvru
699 1105 839 1172 florenos
867 1129 1020 1172 renenses
1050 1107 1083 1171 in
1111 1129 1190 1172 aure
1219 1107 1407 1174 doctoribus
1432 1107 1473 1174 de
1505 1109 1643 1175 consilio
1670 1109 1757 1174 facul·
1872 1115 1873 1118 ’

345 1204 421 1268 14114
445 1203 650 1269 4444141444.1

428 1427 479 1488 44.
506 1419 587 1485 Item
608 1419 812 1486 concorditer
833 1423 1020 1490 conclusum
1045 1424 1105 1488 fuit
1133 1445 1192 1510 per
1218 1421 1368 1489 doctores
1397 1423 1563 1490 facultatis
1591 1423 1760 1488 medicinae

349 1541 434 1585 anno
463 1521 513 1584 rn⁰
534 1518 852 1607 quadringentesimo
880 1525 1090 1609 nonagesimo
1118 1521 1171 1586 die
1205 1525 1309 1588 sancti
1336 1521 1512 1588 Clementis
1547 1528 1648 1606 (1490
1668 1528 1696 1588 d.
1716 1527 1761 1588 23.

307 1631 337 1684 10
347 1623 535 1702 Νουιηιὸον),
558 1617 646 1704 quod
665 1620 699 1682 14
719 1619 861 1686 futurum
882 1621 988 1687 nullus
1010 1621 1178 1687 doctorum
1199 1621 1333 1688 audebit
1358 1643 1463 1711 neque
1491 1645 1532 1686 ex
1554 1645 1614 1688 suo
1636 1623 1761 1710 proprio

347 1717 480 1785 consilio
504 1741 539 1784 se
552 1720 772 1814 'intermittere
793 1718 834 1784 de
857 1724 1007 1786 examine
1027 1720 1148 1808 leprosi
1170 1733 1227 1786 441
1248 1723 1389 1808 suspecti
1410 1743 1470 1808 pro
1491 1720 1598 1808 lepra,
1620 1721 1684 1786 nisi
1704 1721 1760 1806 aig·

345 1827 453 1882 netum
480 1817 643 1883 facultatis
672 1816 852 1884 medicinae
881 1820 1027 1886 obtineat
1053 1843 1093 1884 ex
1120 1820 1232 1885 favore
1263 1820 1431 1886 doctorum
1458 1819 1500 1885 de
1527 1820 1679 1902 consilio,
1706 1818 1762 1886 sub
1872 1831 1873 1834 ’

345 1939 449 2004 poena
469 1917 666 1984 exclusionis
688 1941 708 1981 a
729 1917 862 1984 consilio
883 1919 1047 1986 facultatis
1076 1931 1108 1984 et
1129 1922 1352 2007 suspensionis
1374 1919 1416 1985 ad
1437 1931 1504 1985 1444
1526 1943 1645 2002 annos,
1678 1922 1704 1984 41
1725 1918 1763 1984 ad

345 2014 531 2082 facultatem
555 2018 745 2104 speraverit,
768 2017 827 2082 tali
847 2033 941 2085 extra
963 2018 1130 2086 consilium
1152 2019 1237 2086 aduc
1257 2022 1424 2084 existente

309 2482 338 2537 15
398 2492 422 2542 2.
450 2491 511 2540 DlE
530 2490 721 2542 STATUTEN
742 2491 820 2542 VOM
837 2492 955 2544 JAHRE
981 2492 1053 2550 15⁰3.
1075 2491 1140 2543 ttl‘r
1159 2482 1552 2542 ZUSATZBESCHLUSSEN
1575 2491 1632 2542 1118
1649 2489 1720 2540 11118

952 2577 1046 2626 JAHR
1068 2573 1156 2626 15211.2

592 2685 654 2772 [Bl.
674 2685 716 2775 1⁸]
743 2707 846 2754 44444
870 2706 1105 2755 4444444444
1127 2707 1343 2756 4444444444
1365 2707 1529 2756 asmona

351 2835 410 2925 [Bl.
433 2834 484 2924 2⁸]
519 2835 686 2902 Statuta
715 2837 939 2904 facultatis
970 2837 1199 2904 medicinae
1231 2839 1349 2904 huius
1381 2838 1508 2906 studii
1538 2839 1766 2929 Lipaensis,

350 2957 441 3042 prius
463 2965 537 3020 ante
558 2953 659 3018 multa
680 2965 828 3041 tempora
850 2955 930 3020 satis
957 2957 1087 3020 confisae
1116 2967 1148 3020 41
1176 2956 1382 3022 14441144141
1412 2957 1539 3044 posita,
1563 2959 1693 3044 caepim
1713 2957 1766 3020 im·

308 3057 549 3140 superfluentes
571 3056 735 3140 repetita,⁴
756 3056 789 3118 in
810 3054 973 3120 volumine
994 3067 1187 3121 statutorum
1210 3055 1384 3144 descripta,
1407 3080 1492 3123 anno
1511 3063 1600 3138 1503,
1622 3057 1676 3122 die
1696 3077 1767 3120 sero

350 3153 476 3218 decima
496 3154 616 3217 mensis
638 3151 717 3217 Maii
741 3159 779 3224 (d.
802 3162 847 3222 10.
870 3158 951 3230 Mai)
973 3153 1017 3218 ad
1042 3153 1184 3219 debitum
1208 3154 1354 3221 ordinem
1375 3155 1510 3221 redacta
1531 3169 1608 3220 sunt
1628 3167 1662 3220 41
1682 3177 1766 3220 renc-

350 3263 441 3337 vata,
470 3251 608 3341 deinque
643 3274 703 3338 per
734 3252 902 3338 collegium
934 3253 1103 3320 doctorum
1134 3254 1278 3319 eiusdem
1309 3255 1472 3320 facultatis
1503 3277 1576 3320 cum
1609 3253 1766 3321 nonnullis

351 3353 424 3418 aliis
453 3351 675 3440 superadditis
700 3351 861 3417 conclusis
883 3363 915 3416 et
935 3355 1064 3420 statutis
1086 3353 1341 3438 racionabiliter,
1370 3353 1614 3420 444441144414
1636 3355 1765 3432 nemine,

351 3451 545 3542 approbata.

310 3629 345 3686 25
407 3647 410 3654 ¹
439 3618 598 3684 Statuta
631 3618 921 3684 concernencia
956 3615 1146 3684 decanum
1178 3617 1441 3707 doctoresque
1475 3619 1692 3685 facultatis

747 3717 972 3784 medicinae
997 3730 1189 3785 eteorum
1211 3720 1378 3786 officia5

1051 3876 1076 3935 1.

436 3983 591 4052 Facultas
613 3985 793 4051 medicinae
814 3983 935 4050 habere
957 3983 1055 4050 debet
1075 3984 1243 4070 decanum,
1265 3988 1322 4073 qui
1344 3988 1386 4052 411
1408 3987 1526 4069 senior,
1549 3987 1584 4051 in
1605 3985 1771 4052 14141441-

355 4087 509 4152 versitate
530 4095 697 4172 promotus
719 4096 775 4150 441
794 4095 980 4172 assumptus
1002 4084 1044 4149 ad
1065 4084 1250 4151 facultatem
1274 4084 1417 4152 eiusdem
1435 4087 1671 4152 universitatis.
1712 4084 1772 4165 Qui

537 4207 643 4214 -—-—-

441 4273 450 4322 1
471 4268 569 4324 Dieser
586 4285 675 4340 ganza
693 4264 858 4338 Peragraph
876 4267 913 4321 141
930 4263 983 4320 auf
997 4265 1046 4321 der
1062 4265 1211 4338 folgenden
1229 4265 1303 4322 Seite
1320 4265 1446 4322 4434111411
1464 4265 1628 4324 wiederholt
1646 4269 1697 4324 mit
1709 4267 1773 4322 ffin·
1872 4269 1873 4346 1

354 4353 500 4424 aufdgung
516 4352 566 4406 der
582 4349 747 4406 dahresaahl
764 4349 860 4420 (1471).
1872 4351 1873 4410 f

439 4435 515 4490 alm
535 4434 662 4505 Original
686 4433 817 4490 erhatten.
854 4433 918 4504 vgl.
941 4433 1079 4492 Urknndl.
1100 4433 1216 4500 Quellen
1243 4431 1271 4492 S.
1300 4439 1357 4490 880.
1401 4433 1499 4489 Leider
1522 4450 1638 4506 vermag
1665 4433 1709 4488 ich
1733 4433 1775 4488 die
1872 4481 1873 4500 ,

354 4539 378 4576 4.
393 4537 418 4576 4.
433 4519 464 4575 O.
484 4521 512 4576 S.
526 4525 575 4576 885
593 4525 673 4574 44144
689 4519 730 4575 lv
749 4519 775 4572 A
797 4525 817 4588 t,
834 4521 850 4573 2
867 4535 894 4572 u.
913 4522 929 4572 4
947 4520 1005 4574 und
1023 4517 1047 4573 B
1066 4524 1081 4574 2
1101 4517 1286 4589 angeliihrten
1303 4515 1515 4589 gleichzeitigen
1528 4517 1710 4574 Abschriflen
1728 4517 1774 4570 mit
1872 4557 1873 4592 3

355 4605 536 4661 Correcturen
553 4603 610 4658 und
627 4604 832 4674 Academngen
857 4601 934 4658 nicht
951 4620 986 4657 44
1004 4601 1186 4675 vergleichen,
1209 4603 1247 4658 da
1264 4602 1344 4658 beide
1361 4599 1580 4658 Handschrif'ten
1599 4602 1653 4658 seit
1670 4602 1774 4673 augur
1872 4593 1873 4604 ³

356 4689 462 4746 lahrcn
480 4689 586 4759 verlegt
602 4688 672 4748 sind.
708 4689 762 4743 Die
779 4685 956 4758 Bcaifferung
972 4687 1022 4742 der
1039 4684 1238 4758 Paragmphen
1255 4687 1292 4740 141
1308 4703 1362 4742 von
1379 4686 1440 4742 mir.

442 4777 457 4827 3
477 4773 544 4826 Man
561 4771 716 4844 vergleiche
734 4773 779 4826 die
796 4770 1061 4841 Aufeinauderfolge
1081 4770 1130 4824 der
1146 4769 1345 4842 Peragraphen
1362 4771 1391 4826 in
1409 4771 1463 4827 den
1481 4771 1557 4826 alten
1575 4769 1713 4828 sutum

441 4862 457 4914 4
475 4855 656 4928 Ungehdrigs
666 4855 919 4927 Wiederholungcn
933 4855 1027 4911 finden
1046 4853 1104 4910 rich
1118 4852 1253 4924 wirlrlich,
1271 4855 1327 4927 vgl.
1346 4873 1370 4912 a.
1387 4855 1419 4911 B.
1438 4854 1467 4910 iu
1484 4856 1539 4910 den
1557 4855 1633 4912 alten
1654 4853 1778 4912 81414144

359 4959 394 4998 zu
411 4947 427 5008 1
445 4945 485 5010 43,
507 4939 598 4996 ferner
613 4939 658 4995 die
675 4938 839 4996 Beschliisse
857 4959 911 4996 von
933 4947 948 5006 1
967 4943 1000 4996 31
1018 4956 1063 5008 44,
1081 4956 1107 4994 a
1127 4957 1152 4994 v.
1172 4957 1197 4994 a.

445 5032 460 5080 5
481 5024 668 5082 Geschrieben
685 5023 760 5080 steht
771 5025 875 5096 suescit.
892 5027 959 5080 med.
978 5031 1034 5080 4441
1051 5023 1142 5080 1414144
1159 5025 1267 5096 osficfc.

445 5108 572 5182 tivergl.
591 5108 663 5164 oben
681 5107 708 5164 S.
729 5113 769 5178 25,
789 5116 800 5165 1
821 5127 847 5164 u.
865 5109 946 5164 Anni.
969 5115 991 5179 l,
1007 5109 1061 5164 und
1080 5107 1107 5166 S.
1128 5113 1189 5179 313,
1203 5113 1236 5165 24
1253 5125 1280 5164 u.
1298 5107 1380 5164 Anm.
1401 5113 1423 5164 1.
