3768 6072
682 410 734 462 ni·
751 409 871 471 sanun
887 425 941 462 von
963 410 1035 474 1551.
1506 415 1567 482 253

149 595 184 660 15
208 591 341 660 laudem
368 590 422 658 dei
446 591 673 678 omnipotentis
704 600 736 656 et
763 591 945 658 asinarum
972 591 1198 660 destructorum
1227 590 1374 658 salutem
1408 598 1496 663 1533.
1522 599 1571 662 30.

148 693 229 777 Iulii,
250 691 373 758 Abdon
393 701 426 756 et
445 689 574 756 Sennea
595 691 760 779 inscripta

226 1015 288 1072 nn
307 1013 356 1072 nt
379 1011 705 1088 5555515555
724 1015 772 1074 aa
793 1014 889 1074 5555
908 1014 960 1071 aa
979 1013 1043 1072 roa
1063 1013 1177 1072 raca:

147 1195 191 1242 DE
213 1191 476 1244 sustentatores
499 1189 663 1242 costean
683 1190 824 1240 monle
845 1192 892 1242 al)
913 1191 1142 1240 PRAESENTEM
1163 1191 1294 1260 Locum,
1317 1193 1413 1254 QUOD
1436 1193 1570 1244 Postea

495 1289 698 1342 contremit
716 1291 886 1340 PRINCIPIS
907 1291 971 1340 EST
993 1291 1234 1341 APPELLATUM·
1596 1289 1612 1342 5

225 1409 323 1475 Anno
346 1407 468 1474 domiui
491 1411 571 1474 1456
592 1406 675 1470 feria
696 1415 813 1492 quarta
835 1417 909 1494 post
935 1405 1055 1471 Briceii
1084 1407 1230 1494 episcopi
1258 1408 1429 1495 collegium
1450 1410 1568 1492 minus,

147 1508 327 1596 quoderat
345 1509 380 1572 in
401 1507 513 1594 platea
534 1507 638 1570 saneti
659 1505 750 1570 Petri
769 1505 864 1570 huius
884 1504 997 1593 oppidi
1023 1506 1057 1568 in
1083 1527 1121 1570 eo
1146 1505 1226 1581 loco,
1253 1507 1310 1572 ubi
1337 1531 1423 1574 nuno
1450 1508 1570 1596 paeda·

149 1609 282 1696 gogium
294 1615 354 1691 est,
374 1603 568 1670 translatum
588 1605 649 1669 fuit
668 1627 728 1692 per
750 1605 916 1670 dominum
935 1613 1080 1670 nostrum
1101 1607 1290 1690 gratiosum,
1312 1607 1477 1672 dominum
1491 1608 1570 1672 Fre·

147 1709 301 1788 derieum,
323 1706 438 1771 ducem
447 1704 612 1772 Saxouiae
629 1711 701 1786 eta,
720 1713 752 1768 et
769 1703 1030 1768 reverendnmin
1046 1701 1176 1770 Christo
1197 1715 1324 1790 patrem
1344 1718 1377 1771 et
1395 1707 1570 1789 dominum,

147 1808 310 1873 dominum
339 1806 528 1892 episcopum
549 1803 863 1890 Merscburgensem,
894 1801 938 1867 ad
967 1802 1073 1868 locum
1105 1814 1308 1888 praesentem
1340 1817 1371 1871 et
1398 1805 1568 1892 collegium
1580 1817 1612 1872 10
1689 1813 1697 1832 '

146 1906 303 1994 principis
324 1904 533 1992 appellatum,
556 1903 641 1992 quod
662 1904 752 1990 prius
773 1902 878 1967 cauda
900 1901 1034 1989 vulpina
1050 1901 1238 1968 vocabatur.
1261 1902 1305 1968 Et
1327 1926 1369 1968 ex
1389 1914 1463 1992 post
1482 1907 1565 1970 feria

146 2015 237 2071 sexta
258 2004 446 2070 immediate
467 2005 612 2090 sequenti
633 2023 692 2089 per
712 2001 896 2089 praefatum
917 1999 1080 2066 dominum
1091 1999 1397 2088 Merseburgensem
1417 2027 1457 2069 ac
1471 2003 1571 2070 domi·

145 2130 220 2172 num
252 2103 483 2170 cancellarium
516 2111 548 2168 et
581 2101 750 2166 nonnullos
778 2099 981 2166 consiliarios
1016 2099 1096 2165 dicti
1128 2100 1249 2165 domini
1278 2100 1369 2168 ducis
1398 2103 1567 2168 Frederici

146 2207 275 2277 funum
294 2206 444 2290 magistri
466 2201 627 2288 collegiati
649 2201 793 2266 eiusdem
813 2198 951 2285 collegii,
971 2199 1102 2265 domino
1124 2199 1247 2266 decano
1265 2201 1429 2268 facultatis
1451 2204 1571 2268 artium

148 2313 179 2370 et
198 2305 367 2390 magistris
387 2303 531 2378 eiusdem
552 2297 716 2378 facultatis
737 2299 962 2386 praesentibus
985 2309 1017 2364 et
1037 2299 1321 2381 consentientibus,
1344 2320 1415 2367 eum
1438 2304 1612 2388 copiosa15

147 2402 352 2473 multitudine
373 2401 614 2487 magistrorum,
638 2397 895 2466 baccalariorum
916 2407 949 2464 et
969 2397 1174 2480 studentium,
1195 2400 1230 2462 in
1250 2397 1371 2464 realem
1392 2403 1570 2486 possessio-

148 2525 219 2568 nem
249 2502 330 2568 dieti
357 2499 484 2586 collegii
511 2499 670 2586 principis
696 2497 881 2580 introducti,
909 2497 1039 2564 traditis
1067 2505 1100 2562 et
1121 2497 1261 2584 receptis
1288 2497 1399 2566 abeis
1424 2499 1570 2566 clavibus

148 2600 292 2668 eiusdem
312 2599 441 2685 collegii
461 2599 495 2662 in
517 2599 646 2685 signum
663 2620 740 2664 vere
760 2597 896 2664 actrralis
917 2605 951 2663 ct
970 2595 1068 2662 realis
1089 2597 1315 2682 possessionis.
1336 2597 1442 2664 Erant
1463 2611 1571 2666 autem

149 2711 285 2786 protunc
306 2709 377 2765 octo
398 2697 584 2764 immediate
605 2697 783 2784 subscripti
804 2699 954 2782 magistri
980 2699 1015 2762 in
1044 2695 1211 2783 praedicto
1236 2696 1371 2784 collegio
1400 2699 1572 2786 collegiati,

149 2801 264 2886 quibus
285 2799 341 2864 alii
368 2805 536 2885 sequentes
557 2807 591 2862 et
612 2793 698 2884 [34¹³]
721 2799 845 2884 pariter
866 2796 1041 2884 subscripti
1068 2800 1103 2860 in
1131 2795 1238 2862 locum
1259 2795 1500 2866 demortuorum
1519 2799 1614 2866 vetuo

150 2901 382 2987 resignantium
401 2898 436 2962 in
458 2895 571 2964 eodem
591 2896 726 2986 collegio
749 2905 983 2962 successerunt

229 3069 462 3143 Hicroussolpt
480 3067 527 3125 eia
551 3067 753 3126 Vcrzet'obaiae
775 3067 830 3124 der
849 3062 1028 3142 Oollcpiatea
1043 3067 1196 3129 ooa1456
1218 3085 1268 3138 aa,
1289 3067 1411 3124 welches
1433 3065 1572 3132 51515111

147 3170 338 3246 fortpcfitlrt
359 3169 409 3241 ist,
430 3167 469 3226 im
493 3165 617 3227 damen
639 3167 679 3232 82
700 3167 826 3226 Names

536 3729 561 3783 3.
580 3729 854 3782 51555555555
873 3729 951 3782 voit
968 3729 1084 3782 astute
1103 3729 1189 3784 1551.Ι

665 3880 699 3931 Α.
728 3881 826 3932 Erste
849 3882 1070 3946 Abtheilung.

327 4029 490 4096 Statuta
511 4027 675 4115 collegii
696 4029 899 4116 principis
918 4029 1089 4095 minoris
1110 4029 1156 4095 de
1179 4049 1282 4094 anno
1306 4035 1395 4097 1551.

522 4190 567 4282 [S.
593 4193 621 4280 1]
644 4213 691 4260 55
711 4211 909 4260 annosiora
930 4212 1015 4262 novr
1039 4212 1232 4262 conannas.

754 4347 920 4398 Statutum
940 4349 960 4400 1.

222 4468 263 4534 15
284 4463 439 4532 electione
459 4463 535 4528 novi
555 4462 709 4550 collegae,
737 4464 794 4552 qui
813 4463 868 4530 vel
889 4464 924 4530 in
944 4463 1089 4530 defirnoti
1115 4461 1167 4528 vel
1187 4464 1384 4550 resignastis
1405 4465 1458 4532 vel
1479 4465 1574 4552 illius,
1661 4449 1665 4461 ’

143 4569 197 4654 qui
218 4568 370 4654 privatur
392 4562 612 4650 collegiatura,
633 4561 740 4629 locum
761 4561 899 4650 eligitur,
921 4563 1004 4630 haee
1024 4564 1134 4650 capita
1156 4562 1326 4630 observari
1341 4565 1468 4634 debent
1489 4568 1614 4634 Pri-so

141 4689 255 4748 mum,
284 4673 320 4729 ut
349 4665 458 4728 statim
485 4671 561 4750 post
588 4662 731 4728 defimeti
761 4661 960 4749 sepulturam
983 4662 1035 4728 vel
1063 4662 1319 4752 resignationem
1339 4663 1391 4730 vel
1417 4667 1571 4752 privatio-

141 4789 214 4832 nem
234 4765 357 4830 factum
378 4784 399 4828 a
420 4761 646 4850 praesentibus
669 4761 807 4828 dominis
829 4763 870 4827 de
893 4762 1028 4848 collegio
1047 4761 1238 4828 instituatur
1262 4763 1385 4830 electio.
1416 4765 1572 4832 Deinde

142 4877 176 4931 ut
196 4865 238 4932 de
260 4861 397 4950 singulis
419 4863 566 4950 personis
594 4859 680 4928 illius
707 4862 860 4946 nationis,
887 4883 928 4928 ex
955 4885 1020 4950 qua
1041 4860 1210 4950 eligendus
1246 4865 1300 4930 cst‘
1316 4885 1419 4930 novus
1440 4863 1573 4950 collega,

227 5105 238 5158 1
258 5097 301 5154 15
319 5095 446 5170 Original
464 5093 597 5152 erhalten.
624 5091 687 5166 vgt
705 5093 841 5152 Urkuudi
860 5093 985 5167 Quellen,
1002 5093 1030 5153 S.
1050 5101 1099 5152 159
1111 5093 1151 5168 fg.
