3758 6072
621 477 753 531 Entwhrte
771 495 833 531 rom
850 481 932 533 Jahrs
952 481 1025 534 1444.
1408 445 1417 460 .
1475 485 1535 551 363

189 662 221 726 9.
243 657 325 725 Item
346 657 469 747 placet,
498 667 534 726 ut
559 683 646 728 nuno
672 669 704 727 et
734 660 881 730 decatero
909 663 1029 752 singuli
1049 663 1262 754 promovendi
1282 673 1535 756 promoveantur

99 779 162 844 per
194 759 373 845 magistros
402 759 542 826 nationis
570 783 650 828 snae
679 762 855 828 secundnm
881 763 979 830 talem
1006 764 1148 832 modurn
1190 765 1306 834 Senior
1333 769 1367 833 in
1392 764 1536 855 qualibet

99 858 237 923 natione
259 857 406 945 singulos
425 859 585 928 admissos
605 863 640 928 in
661 885 720 929 sua
738 863 869 929 natione
886 864 920 928 in
939 865 1089 951 proximo
1110 867 1259 932 examine
1277 867 1385 932 futuro
1407 887 1533 953 promo·

98 963 195 1038 6661,
219 957 249 1022 61
272 979 314 1022 ex
336 967 423 1024 sorte
444 957 520 1026 talis
539 983 606 1027 non
625 961 723 1028 166611
744 963 965 1048 examinator;
996 964 1053 1030 sed
1078 965 1105 1030 si
1134 965 1231 1032 fuerit
1252 969 1472 1049 examinator,
1495 967 1539 1032 sit

98 1077 243 1142 sequens
265 1057 441 1124 secundum
463 1061 587 1126 senium
606 1061 641 1125 in
663 1060 777 1128 eadem
795 1063 942 1144 natione,
962 1072 994 1128 et
1015 1063 1109 1130 alteri
1137 1065 1257 1132 seniori
1277 1073 1411 1155 propter
1431 1065 1531 1154 impe·
1560 1074 1577 1131 5

99 1154 283 1222 dimentum
305 1165 488 1224 reservetur
509 1161 668 1247 promotio
691 1183 829 1250 sequens
858 1161 1043 1230 inmediate.
1085 1163 1129 1230 Et
1149 1166 1197 1231 sic
1217 1165 1414 1254 procedatur
1434 1187 1536 1254 usque

98 1254 144 1320 ad
166 1256 328 1323 iuniorem
348 1257 383 1323 in
402 1257 537 1326 oonsilio
565 1259 727 1327 facultatis
748 1259 915 1328 inclusive.
948 1261 1090 1329 Demum
1111 1263 1226 1332 ordine
1247 1265 1338 1332 linito
1364 1265 1536 1354 reincipiat

98 1357 213 1422 senior
234 1356 381 1422 eiusdem
404 1360 554 1425 nationis.

192 1493 242 1556 10.
263 1489 347 1556 Item
366 1491 485 1578 placet,
507 1501 543 1559 ut
563 1491 699 1581 quilibet
716 1492 1012 1582 promovendorum
1028 1496 1062 1560 in
1078 1495 1202 1562 artibus
1219 1496 1262 1564 ad
1277 1499 1383 1566 minus
1402 1520 1459 1566 suo
1481 1496 1538 1564 det

98 1591 284 1674 promotori
305 1588 386 1658 duos
406 1589 546 1660 florenos
573 1594 607 1659 in
628 1615 708 1662 auro
736 1593 779 1659 ad
798 1592 1004 1661 kathedram.
1046 1593 1121 1662 Sed'
1139 1597 1167 1662 si
1188 1595 1310 1686 aliquid
1329 1621 1390 1686 pro
1412 1597 1535 1666 honore
1546 1605 1578 1663 10

100 1709 162 1752 suo
192 1695 226 1753 et
257 1711 335 1754 suae
360 1692 501 1757 nationis
529 1689 609 1759 velit
637 1691 716 1758 dare
750 1693 852 1779 ultra,
884 1697 1093 1762 committitur
1127 1720 1186 1763 suo
1210 1696 1359 1764 arbitrio.
1400 1697 1446 1764 Et
1474 1697 1538 1764 hoc

98 1785 297 1874 intelligitur
318 1787 359 1854 de
380 1789 593 1875 habentibus,
626 1800 658 1858 et
676 1792 763 1859 hunc
782 1803 913 1882 reputat
933 1794 1071 1862 16661166
1092 1795 1282 1882 habentem,
1303 1799 1359 1884 qui
1382 1819 1449 1864 non
1470 1819 1536 1864 ser·

98 1888 187 1954 vivit
207 1909 270 1954 neo
290 1890 325 1954 in
347 1889 519 1957 serviendo
540 1889 666 1958 addidit
687 1901 719 1958 61
741 1893 902 1980 signatum
922 1894 1087 1961 facultatis
1106 1895 1253 1966 redemit.

227 2024 284 2085 Am
298 2025 424 2088 Raude:
445 2022 526 2091 dnos
545 2022 824 2111 baecalariandus,
846 2035 983 2113 quatuor
1003 2028 1262 2117 magistrandus3
1283 2033 1376 2094 neten
1396 2028 1477 2095 dnos
1497 2031 1537 2090 ist

140 2125 302 2205 6611613,
323 2127 415 2186 neten
435 2133 574 2210 quatuor
595 2133 625 2193 5.
937 2142 946 2154 '
1545 2134 1576 2192 15

188 2263 236 2324 11.
255 2255 338 2322 Item
358 2256 483 2345 placet,
501 2267 539 2324 ut
557 2257 632 2324 talis
651 2261 806 2348 pecnnia,
834 2283 918 2350 quae
939 2260 1003 2345 sio,
1029 2270 1067 2327 ut
1098 2261 1332 2350 praemittitur,
1361 2260 1405 2329 ad
1424 2259 1536 2328 hathe-

99 2355 197 2422 dram
217 2354 324 2440 datur,
345 2355 480 2444 singulis
500 2360 666 2446 magistris
686 2360 832 2426 eiusdem
859 2361 1018 2445 nationis,
1045 2361 1101 2450 qui
1128 2361 1193 2426 sint
1221 2360 1261 2427 de
1282 2361 1416 2428 oonsilio
1436 2358 1536 2428 facul·

99 2458 194 2542 tatis,
215 2455 394 2545 aequaliter
416 2454 518 2524 cedat

188 2595 235 2657 12.
255 2590 337 2656 Item
357 2611 444 2655 nunc
465 2596 498 2656 61
519 2591 651 2658 1666166
665 2593 770 2658 onmis
791 2593 940 2681 pecunia,
966 2615 1050 2682 quae
1069 2591 1204 2660 debetur
1224 2593 1393 2682 magistris
1413 2593 1538 2659 ratione

99 2690 261 2779 propinas
282 2691 317 2756 in
339 2689 473 2757 consilio
493 2689 675 2776 facultatis,
696 2716 763 2758 non
783 2692 880 2760 debet
899 2692 1003 2759 dividi
1024 2694 1108 2758 inter
1131 2694 1323 2780 magistros,
1346 2691 1407 2759 sub
1428 2699 1575 2780 poenam

99 2789 254 2877 periurii,
277 2788 335 2855 sed
356 2791 515 2878 magistri,
536 2801 572 2857 ut
587 2793 728 2880 poterint
747 2794 935 2860 conversari
954 2802 1065 2860 mutuo
1088 2801 1120 2858 et
1140 2794 1323 2859 amiciciam
1344 2790 1535 2859 contrahere

99 2890 273 2972 maiorem,
294 2911 366 2955 eam
388 2887 578 2978 perbibent,
599 2900 633 2957 et
653 2894 682 2959 si
703 2901 780 2960 tunc
799 2893 978 2977 noluerint,
1010 2892 1153 2958 decanus
1174 2895 1300 2981 integre
1323 2890 1376 2958 vel
1398 2901 1536 2980 partem,

100 3011 198 3074 quam
218 3011 284 3055 non
303 2988 533 3076 perbiberunt,
565 3001 720 3057 reservet
759 2993 899 3058 Etcum
918 2993 1016 3058 fuerit
1037 2993 1240 3079 oportunitas
1247 3042 1257 3075 ,
1286 2993 1379 3058 iuxta
1400 2989 1535 3057 consilia

100 3091 264 3156 seniorum
293 3098 432 3179 quatuor
460 3091 690 3177 magistrorum
718 3090 759 3157 de
788 3099 926 3180 quatuor
946 3088 1133 3158 nationibus
1153 3089 1306 3178 disponet
1326 3089 1532 3156 collationem

100 3188 288 3268 serotinam,
308 3187 365 3255 ubi
386 3197 464 3255 tuno
484 3189 633 3277 magistri
655 3212 767 3256 omnes
789 3190 829 3256 de
851 3190 987 3257 consilio
1008 3190 1203 3256 conveniant
1224 3197 1256 3254 61
1274 3189 1442 3256 laetentur.
1543 3197 1576 3254 25

224 3326 315 3388 Dosa
338 3346 387 3386 am
407 3327 535 3386 1166666
555 3321 731 3404 dividatur,
752 3322 834 3388 alias
856 3325 955 3411 pauci
972 3323 1149 3390 intrabunt

183 3462 232 3525 13.
252 3453 335 3521 Item
353 3463 494 3522 666661
522 3455 557 3519 in
586 3463 683 3520 antea
711 3457 866 3542 pecunia,
899 3477 982 3542 quae
1011 3453 1148 3522 debetur
1169 3453 1335 3541 magistris
1357 3453 1528 3520 examina-

97 3555 226 3624 toribus
238 3577 300 3643 pro
311 3553 530 3621 consolatione
552 3561 584 3622 61
608 3554 739 3639 honore,
761 3555 848 3621 nullo
870 3555 966 3622 modo
989 3552 1155 3622 dividatur
1174 3556 1260 3620 inter
1281 3575 1346 3638 666,
1364 3552 1422 3620 sed
1440 3554 1534 3619 iuxta

98 3659 267 3746 antiquam
287 3654 551 3721 consuetudinem
566 3678 638 3721 eam
661 3665 861 3740 consumant,
881 3654 1033 3722 balneum
1053 3653 1216 3738 intrando,
1236 3663 1374 3743 quatuor
1395 3653 1535 3742 prandia

97 3757 150 3823 vel
170 3756 236 3822 duo
259 3752 435 3821 secundum
456 3755 660 3842 exigenciam
680 3753 838 3823 habendo.
882 3755 938 3821 Sic
961 3756 1048 3822 enim
1069 3765 1177 3822 cessat
1200 3753 1337 3822 aliorum
1360 3752 1573 3822 oblocutioto

223 3893 313 3952 Dosa
334 3911 383 3952 am
402 3891 529 3952 Raude:
551 3887 719 3955 dividatur
741 3911 835 3978 pars,
856 3897 894 3955 ut
912 3897 1019 3976 potest
1041 3885 1182 3978 (posti).

182 4029 229 4090 14.
251 4021 350 4104 Item,
387 4043 429 4086 ex
459 4045 522 4110 quo
549 4019 615 4106 illi,
651 4023 707 4110 qui
745 4020 864 4089 debent
891 4025 1078 4111 promoveri
1105 4022 1148 4090 ad
1176 4019 1315 4109 gradmn
1341 4019 1532 4107 magisterii,

99 4121 221 4189 debent
241 4121 352 4209 utique
374 4143 445 4186 6666
466 4122 688 4210 metaphisici,
709 4121 832 4212 placet,
860 4122 947 4208 quod
968 4124 1002 4189 in
1025 4133 1139 4205 antea,
1169 4131 1306 4208 excepto
1327 4120 1435 4185 futuro
1457 4143 1532 4187 exa·

98 4225 186 4290 mine
206 4219 260 4286 vel
279 4220 489 4308 temptamina
510 4245 571 4310 pro
593 4223 799 4310 magisterio,
823 4222 899 4310 quia
922 4221 1018 4289 modo
1042 4221 1214 4288 comodose
1234 4219 1306 4284 fieri
1326 4241 1392 4285 non
1413 4227 1531 4308 potest,

98 4321 186 4413 quod
208 4318 343 4406 quilibet
360 4321 473 4387 volens
495 4345 530 4388 se
556 4322 746 4389 submittere
762 4323 967 4410 temptamini
992 4321 1118 4388 audivit
1139 4321 1266 4406 integre
1285 4318 1574 4406 metaphisicam³5

99 4421 272 4509 disputari,
294 4443 377 4508 quae
399 4419 583 4509 disputetur
604 4445 664 4510 per
684 4422 770 4489 hunc
790 4419 931 4506 modum,
953 4420 1040 4508 quod
1061 4421 1159 4510 primi
1187 4442 1246 4485 sex
1265 4418 1343 4484 libri
1365 4418 1532 4506 disputen-

98 4535 151 4586 tur
173 4542 350 4609 perunum
371 4518 515 4586 medium
535 4544 655 4587 annum
675 4531 708 4588 et
729 4521 786 4588 alii
805 4543 864 4586 sex
884 4543 944 4609 per
962 4521 1061 4586 alium
1081 4518 1223 4586 medium
1243 4541 1379 4603 annum3
1419 4527 1451 4584 et
1471 4517 1533 4584 hoo

98 4620 197 4688 modo
223 4621 384 4705 sequenti,
413 4621 500 4708 quod
526 4621 562 4686 in
590 4622 744 4709 proximo
772 4621 854 4686 festo
876 4619 1047 4687 Michaelis
1069 4627 1205 4707 quatuor
1227 4618 1371 4684 seniores
1393 4616 1435 4684 de
1455 4639 1531 4706 qua·

97 4731 170 4787 tuor
192 4717 379 4784 nationibus
398 4719 519 4786 facient
538 4724 693 4807 quotum¹
715 4723 800 4787 inter
822 4743 894 4805 eos,
916 4721 989 4806 quis
1008 4741 1118 4785 eorum
1137 4719 1198 4785 erit
1219 4719 1359 4808 primus,
1380 4723 1448 4800 2³⁸,
1472 4721 1532 4800 3¹¹⁸,

99 4829 167 4904 4¹¹¹,
190 4827 223 4884 et
249 4819 297 4884 ita
323 4819 377 4884 isti
398 4828 537 4908 quatuor
564 4843 625 4908 per
645 4818 729 4888 duos
750 4843 852 4888 66666
873 4819 969 4886 modo
990 4818 1158 4907 praedicto
1181 4815 1422 4884 continuabunt
1464 4813 1573 4881 Ex-so

98 4928 177 4986 1666
200 4919 266 4987 6161
289 4927 427 5007 quatuor
448 4927 617 5008 sequentes
639 4917 680 4985 de
702 4929 839 5010 quatuor
865 4917 1053 4986 nationibus
1081 4926 1114 4984 61
1143 4919 1261 4985 iterum
1292 4913 1532 5000 continuabunt,

169 5150 1352 5225 1AmRano0:flatqa0sausnarimse,seaeacrioproparaatindeoonaoa
