3794 6066
383 525 441 590 150
845 522 899 572 Des
922 523 1058 572 lohannes
1077 521 1153 572 usse
1171 521 1203 570 ds
1224 521 1336 570 werdon

376 704 465 770 illum
487 703 644 768 adiuvare
665 710 697 766 et
724 699 786 766 hoc
812 701 1003 768 beneficium
1024 701 1189 790 prioribus
1211 703 1335 766 meritis
1358 699 1499 786 benigne
1520 700 1703 788 adiungere
1719 699 1811 766 velis.

376 805 444 870 Nos
473 803 618 868 vicissim
651 802 843 883 annitemur,
872 811 907 866 ut
934 801 1125 866 memoriam
1154 803 1242 887 grati
1274 801 1375 866 animi
1404 799 1441 864 T.
1471 799 1545 864 Mu.
1572 799 1810 889 persolvamus.

377 903 415 967 T.
438 902 482 966 Μ
503 900 533 967 b.
551 923 581 966 v.
603 901 633 966 V
653 899 700 966 ld
720 899 861 986 Augusti
887 905 974 967 1552.

919 999 1049 1084 Rector,
1069 999 1219 1088 magistri
1239 1008 1272 1063 et
1291 998 1443 1066 doctores
1465 997 1557 1064 acad.
1579 997 1683 1088 Lyps.

347 1178 364 1234 5
1005 1203 1008 1210 ·
1047 1173 1112 1234 143.

459 1300 670 1388 Amplissimo
692 1299 821 1366 domino
850 1299 1096 1387 Hieronymo
1124 1297 1407 1380 Ohisuettero,
1435 1300 1495 1362 iur.
1524 1305 1586 1365 utr.
1614 1296 1711 1378 doct,
1738 1294 1811 1362 illu·

376 1401 526 1466 strissimi
549 1400 708 1488 principis
729 1398 870 1484 Augusti
891 1398 1024 1464 cancell.
1046 1409 1105 1464 etc.
1132 1397 1263 1464 domino
1285 1408 1317 1462 et
1338 1399 1442 1462 amico
1463 1407 1574 1462 nostro
1596 1395 1726 1462 observ.

459 1498 491 1564 S.
513 1499 555 1566 D.
577 1497 789 1585 Amplissime
810 1497 867 1562 D.!
901 1497 1137 1584 Ablegavimus
1165 1519 1207 1562 ex
1234 1496 1328 1563 nobis
1356 1496 1557 1562 Ioaelrimum
1579 1494 1811 1564 Camerarium

378 1599 421 1664 ad
442 1599 487 1664 M.
509 1599 616 1663 virum
638 1595 679 1661 D.
701 1596 820 1680 Georg.
835 1594 1069 1678 Chumersted,
1092 1619 1239 1662 socerum
1261 1597 1482 1682 praestantiae
1502 1605 1587 1677 tuae,
1610 1593 1811 1681 singularem

338 1709 369 1764 10
377 1700 547 1765 fautorem.
567 1695 756 1762 academiae
777 1704 916 1778 nostrae,
944 1705 980 1760 ut
1006 1705 1097 1760 certa
1118 1694 1159 1760 de
1181 1718 1217 1759 re
1235 1705 1381 1760 uteretur
1401 1693 1537 1760 consilio
1558 1693 1656 1776 illins,
1682 1693 1725 1759 de
1747 1714 1813 1779 qua

377 1821 413 1862 re
440 1798 502 1862 luit
530 1796 689 1860 sententia
710 1805 831 1875 nostra,
858 1803 897 1861 ut
923 1794 1047 1882 aliquid
1076 1793 1119 1858 ad
1147 1793 1400 1860 illustrissimum
1421 1793 1603 1880 principem
1624 1793 1812 1880 Augustum

377 1897 521 1962 referret.
567 1893 663 1974 Quod
690 1894 769 1958 item
797 1894 825 1957 si
846 1892 894 1958 illi
915 1894 1021 1958 visum
1047 1893 1144 1958 fuerit
1169 1901 1202 1958 et
1223 1893 1431 1960 Camerarius
1459 1894 1543 1958 istuc
1568 1894 1652 1959 forte
1673 1892 1812 1973 venerit,

378 1996 519 2084 petimus
544 1993 687 2059 officiose
710 2015 730 2058 a
753 2003 809 2056 tua
831 1993 1042 2078 praestantia,
1070 2001 1105 2056 ut
1132 1991 1223 2056 illum
1252 1990 1358 2057 studio
1379 1992 1589 2058 humanitatis
1617 2005 1694 2058 tuae
1724 2013 1811 2056 com·

378 2094 533 2182 plectaris
545 2103 577 2158 et
598 2091 759 2180 perficias,
780 2100 825 2174 ut,
847 2092 898 2174 iis,
920 2088 1006 2178 [84⁸]
1024 2113 1107 2179 quae
1129 2092 1164 2156 in
1184 2089 1348 2157 mandatis
1363 2090 1490 2156 anobis
1503 2093 1640 2178 accepit,
1661 2089 1812 2156 celeriter

338 2205 411 2261 lbet
431 2203 518 2258 recte
540 2193 692 2280 peractis,
715 2213 787 2256 cum
810 2189 969 2256 eiusmodi
988 2212 1147 2278 responso
1168 2190 1211 2256 ad
1232 2213 1293 2254 nos
1314 2199 1506 2272 revertatur,
1528 2213 1591 2278 quo
1613 2189 1710 2256 huius
1732 2199 1811 2254 tem-

377 2295 468 2382 poris
488 2290 696 2356 difficultates
726 2289 930 2376 explicentur
960 2299 992 2356 et
1018 2299 1149 2356 nostrae
1180 2288 1369 2354 academiae
1397 2298 1502 2354 status
1533 2289 1699 2356 firlciatur.
1743 2289 1811 2354 Nos

378 2392 524 2457 vicissim
547 2391 655 2477 parati
676 2411 786 2453 sumus
809 2411 869 2476 pro
891 2398 1004 2454 nostra
1024 2387 1111 2453 virili
1135 2388 1173 2453 Τ.
1195 2411 1244 2475 pr.
1265 2390 1433 2454 inservire.
1455 2389 1493 2455 Τ.
1516 2413 1565 2477 pr.
1587 2387 1618 2454 b.
1632 2411 1662 2453 v.
1676 2387 1812 2478 Lips.V

378 2491 425 2556 Id
445 2492 531 2576 Aug.
556 2495 644 2556 1552.
1398 2487 1518 2554 Rectcr
1539 2497 1599 2556 etc

799 2661 868 2724 144.
888 2671 935 2720 ΑΙ)
957 2671 1146 2720 aususruu
1167 2671 1367 2720 Punicum.
1431 2694 1436 2704 ·

336 2798 371 2854 20
463 2787 757 2873 Durchleuchtiger
779 2787 1025 2874 hochgeporner
1046 2787 1139 2852 furat.
1175 2786 1283 2852 Unser
1309 2809 1414 2874 ganea
1437 2789 1664 2876 vnterthenige
1684 2789 1811 2856 dienato

379 2911 460 2974 seyn
488 2886 528 2952 E.
556 2888 579 2952 f.
608 2910 638 2974 g.
666 2885 796 2952 alleaeit
822 2886 967 2951 bereitet.
1012 2885 1198 2972 Genediger
1224 2887 1308 2952 furst
1328 2887 1395 2952 vnd
1421 2887 1507 2953 herr.
1548 2888 1595 2955 Es
1624 2888 1726 2954 fallen
1754 2889 1810 2954 der

378 2988 571 3054 vniuersitet
591 2985 712 3052 sachen
731 2985 793 3069 fur,
815 2986 974 3051 dorinnen
994 2983 1035 3050 E.
1055 2985 1078 3050 f.
1099 3007 1129 3074 g.
1150 2987 1210 3052 vvir
1231 2987 1408 3073 genediges
1426 2985 1599 3054 beschieds
1622 2987 1810 3076 bedurffrig,

379 3086 487 3154 haben
507 3086 680 3172 derwegen
701 3087 761 3151 mit
781 3083 866 3150 befel
886 3107 945 3149 aus
965 3107 1097 3149 vnserm
1117 3085 1220 3152 mittel
1241 3086 1305 3151 den
1325 3085 1534 3172 wolgelarten
1554 3087 1666 3152 Ioacb.
1682 3088 1810 3154 osmer.

379 3211 419 3252 zu
443 3185 484 3250 Ε.
512 3185 535 3249 f.
560 3207 593 3272 g.
622 3185 853 3271 abgeiertiget,
880 3183 948 3248 vud
975 3183 1078 3249 bitten
1107 3207 1212 3272 ganea
1241 3183 1523 3270 vntertheniglich,
1551 3185 1591 3250 F..
1611 3187 1633 3250 f.
1655 3209 1689 3272 g.
1717 3186 1810 3254 welle

336 3296 369 3352 25
381 3283 604 3372 demselbigen
624 3283 765 3371 gnedige
786 3283 925 3349 vorhbre
946 3282 1014 3348 vnd
1035 3281 1177 3369 glauben
1197 3285 1313 3371 geben,
1331 3282 1399 3349 vnd
1421 3283 1523 3349 durch
1542 3284 1650 3368 ihnen,
1680 3285 1732 3351 als
1755 3285 1811 3351 der

379 3433 571 3452 .........
592 3384 676 3465 furat
696 3406 758 3448 vns
780 3381 921 3469 gnedige
942 3393 1081 3448 antwort
1103 3385 1290 3472 vorfuegen.
1334 3381 1416 3449 Sind
1443 3385 1503 3448 wir
1528 3385 1561 3449 in
1589 3385 1811 3472 vnterthenig·

376 3486 449 3550 kait
471 3483 690 3549 zuuordieuen
713 3481 853 3568 begirig,
881 3481 920 3546 E.
940 3483 962 3546 f.
984 3505 1013 3568 g.
1042 3492 1150 3570 sumpt
1176 3483 1261 3548 allen
1287 3482 1521 3568 zugewandten
1540 3481 1607 3548 vnd
1627 3482 1687 3548 der
1708 3487 1812 3571 regie·

376 3607 462 3670 rung
493 3581 606 3648 hiemit
640 3585 697 3646 inu
730 3590 836 3667 gcttes
870 3580 927 3645 des
955 3581 1036 3645 bern
1069 3581 1233 3668 gnedigeu
1263 3581 1375 3648 schulz
1399 3581 1466 3646 vnd
1495 3582 1616 3647 schirm
1650 3581 1811 3649 beselend

377 3683 446 3749 Aus
467 3682 615 3768 Leipzig,
637 3681 700 3746 den
720 3685 739 3746 9
760 3689 817 3764 tag
836 3679 989 3764 Augusti,
1010 3702 1094 3744 anno
1115 3690 1175 3746 etc.
1197 3687 1247 3748 52.

336 3793 371 3850 30
871 3775 911 3842 Ε.
932 3778 954 3842 f.
976 3801 1008 3864 g.
1029 3778 1220 3845 vniuersitet
1241 3803 1283 3845 zu
1301 3779 1440 3866 Leipzig
1461 3779 1687 3867 vnterthenige

1195 3888 1311 3964 rector,
1333 3879 1418 3966 mgri
1436 3877 1504 3944 vnd
1525 3878 1687 3946 doctores.

969 4049 1034 4110 145.
1057 4041 1119 4130 [Bt.
1140 4041 1211 4132 84⁵]

460 4175 673 4262 Amplissimo
693 4174 824 4241 domino
845 4175 1054 4244 Ludovico
1077 4177 1226 4260 Fachs,
1246 4177 1306 4242 iur.
1328 4186 1392 4242 utr.
1412 4177 1464 4260 D,
1488 4177 1701 4244 illustrissimi
1723 4182 1812 4266 prin·

380 4277 462 4363 cipis
482 4274 633 4340 Maurieii
664 4274 814 4342 electoris
840 4275 1025 4342 consiliario
1047 4277 1235 4362 praecipuo,
1264 4275 1431 4342 ordinario
1454 4285 1486 4340 et
1515 4276 1650 4360 consuli,
1678 4277 1813 4346 domino

337 4384 490 4444 35n0stro
514 4372 642 4439 observ.

465 4473 497 4538 S.
517 4472 559 4538 D.
581 4470 791 4560 Amplissime
812 4472 956 4539 domine!
1000 4473 1079 4539 Post
1103 4471 1281 4538 discessum
1302 4475 1523 4560 praestantiae
1543 4483 1618 4540 tuae
1637 4475 1702 4542 boc
1723 4479 1815 4544 venit

380 4576 415 4640 in
435 4581 576 4639 mentem
595 4571 701 4656 nobis,
729 4572 818 4660 quod
838 4571 889 4638 his
915 4571 1019 4638 literis
1039 4572 1083 4637 ad
1110 4573 1344 4657 praestantiam
1370 4583 1459 4640 tuam
1486 4575 1751 4661 perscripsimus,
1781 4589 1816 4644 et

380 4675 530 4762 petimus,
555 4669 665 4736 utillo
685 4671 771 4736 hanc
791 4694 860 4736 rem
882 4672 945 4737 sibi
974 4694 1034 4758 pro
1060 4693 1119 4735 sua
1147 4693 1227 4756 erga
1254 4693 1313 4736 nos
1341 4693 1453 4737 omnes
1482 4672 1708 4741 benevolentis
1739 4675 1814 4744 dili·

380 4773 470 4860 genti
490 4793 587 4836 curae
611 4791 682 4836 esse
703 4773 798 4836 sinat.
827 4770 1032 4858 Responsum
1052 4770 1093 4835 de
1115 4771 1310 4856 migratione
1331 4771 1421 4838 aliud
1442 4772 1554 4838 datum
1573 4797 1639 4840 non
1659 4776 1703 4840 iri
1724 4776 1814 4843 arbi·

339 4883 514 4954 lotramur,
538 4891 636 4958 quam
656 4878 820 4934 ostensum
842 4871 901 4935 fuit
921 4871 963 4935 ab
986 4867 1188 4956 amplissimo
1209 4869 1251 4934 D.
1273 4867 1500 4955 Chumerstad,
1522 4882 1560 4938 ut
1580 4873 1708 4940 audivit
1729 4876 1813 4941 refe-

380 4979 505 5036 rentem
533 4979 590 5034 tua
618 4977 738 5056 praest.
766 4967 809 5032 D.
831 4969 1064 5036 Camerarium.
1100 4969 1168 5034 Nos
1191 4979 1301 5034 tamen
1322 4971 1580 5037 existimavimus
1602 4971 1812 5060 profuturum

381 5069 426 5146 (si
446 5067 557 5155 aliqui,
577 5069 625 5132 ito
645 5089 682 5132 re
702 5075 847 5153 cogente,
873 5068 1050 5134 discessuri
1070 5068 1104 5132 in
1130 5070 1314 5157 propinquo
1334 5090 1502 5136 remanere
1523 5069 1658 5149 nollent)
1686 5073 1814 5159 perfici,

381 5188 424 5231 ne
444 5169 541 5253 copia
560 5167 642 5233 haec
662 5165 726 5233 illis
748 5165 886 5251 deesset,
912 5165 1114 5233 Rochlieium
1134 5177 1243 5234 autem
1264 5177 1296 5232 et
1315 5169 1459 5235 nondum
1477 5171 1600 5236 infame
1622 5191 1694 5235 esse
1715 5193 1738 5236 a
1758 5170 1813 5238 lue
