3768 6072
610 465 660 514 Die
679 462 797 516 Statuten
816 477 871 516 ron
890 463 1068 517 ttae-1511.
1502 471 1560 536 197

132 667 185 733 pro
206 643 375 728 destructo,
405 645 463 711 alii
485 654 593 710 autem
614 644 788 731 collegiati,
809 668 873 711 non
894 643 1089 733 presbyteri,
1120 645 1257 733 quilibet
1278 655 1345 714 tres
1367 648 1497 734 vigilias
1520 651 1560 717 de

131 765 242 812 novem
263 743 458 810 lectionibus
480 743 590 810 dicere
606 751 756 810 tenentur
777 746 865 810 intra
884 745 1083 810 tricesimum
1105 745 1250 812 eiusdem
1267 747 1420 812 defimcti
1441 749 1487 814 Et
1499 749 1560 816 boc

131 865 188 930 qno
212 842 257 908 ad
277 844 454 929 magistros
476 851 676 931 praesentes,
697 842 848 908 absentes
861 865 939 908 vero
961 865 1058 931 quam
1080 845 1144 910 cito
1164 845 1207 909 ad
1229 844 1400 932 collegium
1413 850 1561 916 venerint

131 953 181 1008 aut
199 965 290 1008 mors
314 943 417 1029 ipsius
439 944 484 1006 eis
506 944 661 1007 nunciata
680 942 778 1007 fuerit
799 943 885 1008 infra
905 963 1049 1007 mensem
1072 941 1116 1007 ad
1136 943 1223 1008 idem
1243 953 1403 1010 tenentur.

338 1113 387 1175 42.
410 1126 456 1172 DE
479 1123 814 1174 CONSWETUDINIBUS
835 1125 1090 1176 LAUDABILIBUS
1111 1126 1359 1176 OBSERVANDIS·
1585 1123 1602 1178 5

208 1241 290 1306 Item
311 1239 398 1305 ultra
419 1250 540 1306 statuta
561 1240 730 1330 praedicta
752 1249 900 1306 tenentur
922 1242 1070 1327 magistri
1096 1242 1139 1307 ad
1161 1241 1404 1308 observantiam
1427 1265 1560 1310 consue·

131 1339 276 1406 tudinum
295 1338 509 1406 laudabilium
533 1337 622 1406 circa
642 1339 844 1404 honestatem
864 1361 995 1405 mensae
1017 1351 1049 1406 et
1076 1340 1214 1406 aliorum
1241 1343 1333 1430 prius
1361 1345 1395 1407 in
1423 1342 1560 1428 collegio

131 1438 181 1504 diu
215 1447 430 1521 servatorum,
462 1439 587 1504 scilicet
617 1463 658 1504 ne
689 1461 808 1525 panem
835 1449 867 1504 et
895 1440 1069 1504 cervisiam
1102 1462 1123 1505 a
1155 1438 1290 1526 collegio
1321 1442 1396 1526 capi
1428 1464 1488 1527 pro
1523 1464 1559 1506 se

129 1538 258 1619 saciant,
278 1538 409 1624 quando
432 1549 526 1604 extra
548 1537 718 1624 collegium
740 1537 783 1602 ad
804 1537 980 1625 prandium
995 1536 1047 1602 vel
1068 1561 1203 1604 coenam
1225 1541 1353 1604 invitati
1374 1540 1556 1624 comedunt,

132 1645 161 1700 et
179 1659 222 1702 ne
243 1634 354 1701 cibum
376 1636 504 1723 collegii
524 1637 567 1704 ad
591 1637 704 1702 domos
727 1647 957 1702 extraneorum
978 1636 1098 1702 deferri
1121 1637 1258 1720 faciant,
1285 1648 1317 1702 et
1337 1649 1446 1704 cetera
1468 1641 1602 1726 priuato

130 1737 161 1800 in
181 1736 320 1822 collegio
342 1743 439 1800 tenta.

296 1935 335 2000 V.
359 1932 532 1999 Statuta
553 1934 859 2001 concernenoia
881 1933 1067 1999 scolares
1086 1935 1391 2020 magistrorum.

149 2103 198 2164 43.
219 2117 265 2163 ΕΤ
288 2117 396 2165 PRIMO
419 2118 466 2165 DE
489 2117 588 2165 IIODO
611 2117 836 2165 PROPONENDI
857 2116 1049 2182 DEFECTUS,
1074 2115 1104 2164 s1
1126 2116 1217 2176 QUOS
1238 2117 1377 2164 HABENT
1401 2115 1540 2166 conrad

570 2215 813 2264 PRAEPOSITUII
832 2217 900 2262 VEL
922 2213 1135 2264 numeranti.

209 2329 338 2395 Placuit
358 2331 505 2417 collegio,
531 2331 617 2415 quod
642 2328 748 2395 nullus
775 2329 815 2395 de
842 2329 967 2394 familia
987 2327 1116 2414 collegii
1142 2350 1246 2416 neque
1272 2329 1390 2416 aliquis
1419 2331 1555 2396 scolaris
1569 2339 1599 2396 1⁵

130 2431 360 2516 magistrorum
388 2429 439 2495 vel
472 2427 734 2495 commensalium
765 2437 927 2514 proponat
955 2426 1079 2515 aliquid
1111 2437 1224 2494 contra
1254 2431 1477 2516 praepositum
1506 2429 1558 2492 vel

130 2530 321 2614 magistrum
349 2539 404 2595 aut
429 2527 679 2593 commensalem
699 2529 785 2592 infra
804 2549 958 2594 mensam.
1001 2525 1067 2591 Sed
1097 2527 1124 2591 si
1151 2524 1291 2612 aliquem
1313 2527 1474 2592 delectum
1502 2527 1557 2592 ha-

131 2625 247 2710 buerit,
278 2626 367 2693 dieat
386 2629 573 2715 praeposito
595 2626 646 2692 vel
668 2627 824 2712 magistro
847 2648 913 2700 suo,
944 2635 1075 2690 servata
1097 2625 1265 2689 honestate
1287 2625 1388 2691 verbo
1409 2636 1442 2691 et
1460 2629 1558 2712 lacto,

131 2725 187 2790 sub
205 2748 313 2812 poena
334 2726 531 2792 exclusionis
555 2722 617 2812 [8¹2]
640 2748 660 2790 a
679 2724 816 2812 collegio
838 2747 940 2812 usque
962 2723 1005 2788 ad
1026 2723 1153 2810 collegii
1175 2725 1485 2791 reconciliacionem.

371 2899 420 2958 44.
442 2909 489 2955 DE
512 2907 612 2956 IIODO
635 2907 841 2956 EMENDANDI
863 2907 1037 2956 Soonautes
1059 2906 1318 2956 MAGISTROEUM.
1567 2901 1600 2957 2⁰

208 3025 290 3090 Item
320 3024 359 3088 si·
377 3024 583 3110 praepositus
612 3023 711 3088 habet
739 3022 983 3110 displicenciam
1011 3045 1110 3110 super
1141 3023 1227 3088 facto
1257 3022 1392 3088 scolaris
1422 3021 1558 3090 alicuius

131 3124 287 3210 magistri,
309 3121 397 3208 quod
418 3121 586 3208 collegium
608 3123 726 3208 tangit,
749 3132 869 3186 extunc
890 3123 1097 3208 praepositus
1120 3131 1282 3208 proponat
1302 3124 1460 3206 magistro
1482 3121 1557 3187 talis

132 3220 273 3304 scolaris,
302 3244 437 3286 monens
458 3244 531 3286 eum
553 3243 651 3309 super
672 3221 871 3286 correctione
900 3219 1054 3284 eiusdem.
1095 3218 1192 3300 Quod
1219 3221 1246 3285 si
1276 3223 1433 3306 magister
1460 3220 1556 3285 talem

132 3319 285 3385 scolarem
309 3321 473 3406 corrigere
492 3343 556 3386 non
584 3321 749 3384 curaverit
776 3330 832 3384 aut
858 3318 993 3384 scolaris
1022 3340 1080 3404 per
1106 3321 1298 3404 magistrum
1327 3329 1492 3384 correctus
1522 3342 1558 3385 se

131 3441 193 3484 uon
214 3419 445 3502 emendaverit,
466 3430 586 3486 extunc
609 3419 815 3506 praepositus
829 3416 957 3502 collegii
979 3438 1111 3481 causam
1130 3416 1219 3481 illam
1236 3415 1371 3504 collegio
1386 3428 1599 3504 proponatlt

132 3541 226 3605 quam
248 3517 422 3605 collegium
442 3519 534 3584 iuxta
556 3517 745 3605 qualitatem
766 3518 844 3582 facti
863 3515 1003 3582 decidat.

171 3688 219 3748 45.
250 3700 298 3747 DE
321 3699 509 3748 nummos
531 3699 603 3748 NON
624 3699 788 3748 EIOENDIS
809 3699 856 3748 AD
878 3699 1054 3747 PARIETEII
1077 3698 1209 3746 STUBAE
1232 3698 1379 3746 YEIIALIS
1400 3699 1446 3746 ΕΤ
1468 3701 1514 3747 DE

493 3798 662 3846 munorru
683 3799 752 3847 AUT
774 3799 883 3846 EXITU
905 3797 972 3844 Pan
992 3797 1200 3846 EENES'I'RAS.

208 3912 291 3978 Item
320 3913 427 3980 nullus
457 3913 632 3980 scolarium
658 3915 791 3978 inantea
817 3911 918 3999 figere
944 3910 1041 3977 debet
1068 3935 1125 3977 seu
1150 3911 1277 3988 lere(?)
1299 3911 1468 3978 caudelam
1501 3938 1558 3980 seu

132 4008 233 4076 lumen
256 4010 300 4076 ad
321 4013 479 4099 parietem
501 4013 614 4079 stubae
637 4013 833 4093 interiorem,
862 4032 922 4074 nec
949 4012 1040 4076 exire
1062 4033 1120 4097 per
1148 4013 1323 4076 fenestram
1346 4021 1402 4076 aut
1423 4013 1555 4099 intrare,
1565 4025 1603 4081 ³0

133 4131 190 4173 nec
209 4111 371 4197 frangere,
394 4112 453 4177 sub
476 4135 581 4199 poena
603 4111 772 4177 carenciae
794 4109 858 4176 cibi
880 4132 940 4197 per
963 4133 1061 4174 unam
1082 4110 1306 4196 septimanam.
1351 4110 1395 4176 Et
1416 4113 1559 4179 secunda

133 4208 201 4273 vice
221 4211 344 4275 faciens
366 4233 387 4274 a
407 4209 544 4296 collegio
566 4209 757 4275 excludatur
777 4211 846 4274 sine
869 4207 1009 4273 alicuius
1030 4209 1178 4294 magistri
1197 4208 1393 4277 defensione.

252 4379 303 4441 46.
333 4392 380 4439 DE
401 4392 515 4441 POENA
539 4391 736 4440 econamum
757 4391 793 4438 ln
817 4390 930 4438 nfflnsn
950 4390 1099 4438 PUBLIOE
1123 4391 1432 4440 OON'I'ENDENOIUII.

213 4509 294 4572 Item
317 4507 459 4572 scolares
483 4505 612 4594 publice
633 4508 668 4571 in
689 4526 802 4570 mensa
823 4503 1053 4570 contendentes
1075 4527 1134 4570 sua
1154 4516 1287 4571 careant
1316 4510 1469 4592 porcione
1500 4531 1560 4594 per

133 4614 228 4672 totam
250 4606 346 4670 diem.
390 4605 424 4672 Si
447 4628 523 4670 vero
547 4615 641 4671 extra
664 4627 809 4670 mensam
840 4603 1077 4686 contenderint,
1105 4602 1218 4669 eudem
1245 4617 1377 4670 careant
1402 4631 1467 4672 una
1488 4609 1601 4672 vice35

134 4713 261 4770 tantum.
303 4704 347 4768 Et
368 4703 455 4769 idem
476 4705 548 4786 fiat,
571 4705 598 4768 si
620 4727 694 4770 cum
713 4703 822 4790 aliquo
842 4703 996 4768 familiari
1019 4701 1145 4789 collegii
1168 4703 1373 4769 contendant.

350 4873 399 4933 47.
423 4885 470 4931 oa
494 4885 608 4934 ronna
628 4885 878 4933 rsncncmnrrs
901 4886 1057 4945 aurocen
1079 4885 1337 4934 connnunrun.

212 4999 293 5065 Item
316 5002 498 5088 quicunque
523 4999 738 5082 baccalarius,
762 4999 904 5082 studens,
928 4998 1062 5064 scolaris
1078 4999 1127 5064 vel
1150 5001 1318 5071 familiaris
1341 5002 1480 5086 percutit
1503 4999 1582 5064 ali·

137 5119 227 5183 quem
247 5101 438 5186 magistrum
459 5102 494 5164 in
514 5099 649 5185 collegio
671 5100 753 5164 citra
774 5097 953 5180 emendam,
975 5121 1072 5183 quarn
1095 5109 1220 5163 tenetur
1238 5100 1324 5184 parti
1347 5098 1464 5179 laesae,
1487 5121 1558 5185 per·
