3758 6072
335 431 396 500 446
835 425 885 480 nn
902 425 1120 490 philosophema
1135 425 1263 480 suun.

334 608 475 684 decanus
501 607 599 680 faciet
641 608 809 694 generales
837 609 1090 679 convocationes
1116 610 1345 696 magistrorum
1379 617 1447 682 tarn
1475 610 1510 678 in
1539 631 1640 696 qnam
1666 620 1754 674 extra

336 708 506 774 consilium
534 707 725 776 secularis!

370 880 398 946 3·
418 891 576 942 necatus
597 893 642 942 ΕΤ
665 891 1002 940 vlcncsncnnusnms
1024 891 1097 940 NON
1115 892 1256 942 unam
1278 891 1538 942 Pnouovuunos
1562 891 1724 940 numus

525 991 688 1043 anmals
709 992 756 1040 DE
777 991 929 1040 urnam
951 989 1165 1039 malesanus
1185 991 1375 1040 enucleans
1397 991 1572 1049 uanum

294 1119 311 1174 5
419 1107 572 1172 Decanus
600 1129 660 1193 pro
687 1115 834 1193 tempore
861 1107 1002 1170 existens
1031 1105 1091 1170 sub
1120 1129 1226 1194 poena
1253 1107 1388 1193 periurii
1417 1107 1540 1172 nullum
1568 1129 1753 1194 promoven·

336 1208 412 1273 dum
434 1229 493 1294 per
520 1227 555 1271 se
576 1205 627 1271 vel
655 1205 752 1270 alium
775 1205 816 1270 de
838 1203 1081 1293 quaestionibus
1103 1227 1159 1270 seu
1179 1207 1446 1293 responsionibus
1467 1207 1530 1272 sibi
1552 1207 1753 1292 assignandis

337 1306 515 1372 certificare
537 1303 641 1368 debet
670 1303 763 1369 Idem
782 1303 973 1391 intelligitur
995 1304 1036 1369 de
1057 1305 1323 1372 vicecancellario
1344 1306 1405 1372 sub
1426 1306 1540 1372 eadem
1562 1329 1680 1396 poena

452 1481 482 1542 4»
502 1487 732 1540 raonovnnnr
751 1489 925 1550 ausurum
945 1487 1094 1538 mscnuu
1115 1490 1255 1538 omnus
1276 1491 1440 1540 rauronn
1459 1491 1637 1540 summ.

416 1604 666 1672 Baeculariandi
699 1614 845 1691 tempore
877 1604 1036 1668 examinis
1073 1605 1209 1672 inscribi
1241 1607 1361 1673 debent
1391 1606 1569 1672 seeundum
1603 1605 1753 1686 ordina,

296 1717 430 1794 loquens
452 1705 573 1772 babent
599 1708 634 1770 in
658 1703 831 1770 matricula
857 1704 1089 1787 universitatis,
1119 1705 1334 1792 magistrandi
1362 1729 1441 1772 vero
1470 1705 1651 1772 secundum
1676 1705 1753 1771 ordi·

333 1828 406 1872 nem
435 1806 526 1888 senii,
553 1827 649 1892 quem
673 1802 795 1870 babent
820 1805 855 1868 in
880 1804 1084 1890 promotione
1112 1804 1361 1872 baccalfflatus.
1404 1805 1450 1871 Et
1476 1805 1621 1872 decmus
1642 1827 1754 1892 nequa

335 1927 432 1993 quam
464 1905 552 1972 circa
588 1901 773 1972 huiusmodi
809 1903 1054 1989 inscriptionem
1084 1903 1195 1970 dolum
1228 1914 1261 1970 et
1289 1905 1438 1971 fraudem
1470 1907 1669 1989 committat,
1700 1904 1754 1970 sub

336 2027 442 2092 poena
461 2028 520 2092 per
541 2003 729 2072 facultatem
750 2001 913 2084 dianna,
934 2005 963 2068 si
985 2005 1182 2070 eonnarium
1203 2015 1369 2092 repertum
1389 2005 1497 2072 firerit.

332 2179 362 2240 5·
389 2189 547 2240 DEOANUS
568 2190 613 2238 ET
637 2187 975 2236 woncsncnnnsuws
996 2188 1154 2237 NEMINEM
1181 2189 1386 2238 nesciemus
1409 2190 1575 2240 Tauroni:
1596 2189 1754 2242 sumit

294 2281 325 2336 15
664 2287 731 2336 VEL
755 2287 1000 2354 summula,
1020 2289 1089 2338 NISI
1108 2289 1208 2338 PRIUS
1228 2291 1427 2341 mnsvamn.

415 2406 497 2474 ltem
517 2405 658 2471 decanus
679 2401 733 2468 vel
751 2402 1036 2469 vicecancellarius
1060 2403 1183 2470 nubum
1209 2405 1390 2472 inscribere
1416 2405 1537 2472 debent
1566 2427 1752 2493 promoven·

335 2504 413 2572 dum
433 2515 467 2572 et
486 2502 736 2570 exammandum
758 2524 819 2589 pro
839 2503 945 2590 ffladu
966 2503 1086 2590 aliquo,
1107 2505 1171 2569 nisi
1192 2507 1285 2592 prius
1306 2504 1371 2570 tale
1391 2506 1506 2570 facerit
1525 2507 1752 2572 iuramentum:

259 2643 263 2658 .
335 2600 398 2691 [8¹³]
416 2605 509 2689 „Ego
521 2604 663 2684 .N.inro‚
685 2603 772 2689 quod
792 2625 854 2668 nec
869 2605 997 2668 actione
1010 2625 1071 2669 nec
1081 2604 1213 2688 ultione,
1234 2626 1295 2670 nae
1313 2627 1374 2692 per
1393 2627 1446 2672 me
1464 2627 1526 2670 noc
1544 2627 1607 2693 per
1629 2605 1753 2686 alium“,

336 2713 372 2768 ut
398 2703 536 2770 habetur
563 2703 598 2766 in
624 2702 785 2789 principio
814 2701 907 2767 basius
936 2703 1013 2768 libri
1040 2713 1235 2770 sumerum
1262 2710 1301 2784 (a
1322 2709 1367 2782 a.)
1395 2715 1427 2769 et
1453 2703 1540 2774 infra
1567 2707 1603 2769 in
1630 2707 1753 2771 statutis

293 2801 602 2870 toconcernentibus
624 2800 872 2889 promovendos.
913 2801 957 2870 Et
986 2805 1224 2873 examinatores
1250 2825 1315 2869 non
1344 2803 1464 2870 debent
1491 2803 1570 2892 eligi
1595 2807 1662 2872 nisi
1688 2814 1754 2892 post

335 2903 584 2989 inseripeionem
606 2899 910 2987 promovendorum.

395 3076 424 3138 6.
444 3087 491 3135 DE
513 3085 680 3137 acanums
700 3084 914 3134 IMPONENDIS
936 3085 1100 3136 TEMPORE
1121 3086 1328 3138 ELECTIONIS
1350 3087 1631 3140 exemenonem
1650 3090 1697 3138 ET

765 3185 979 3234 ASTANTIBUS
1001 3186 1109 3236 PRIMO
1130 3187 1328 3236 ELIGENDIS.

417 3303 554 3386 Placuit,
577 3300 663 3390 quod
683 3309 758 3366 ante
779 3299 967 3368 electionem
989 3303 1249 3368 examinatorum
1270 3301 1431 3389 eligantur
1451 3311 1590 3391 quatuor
1611 3305 1754 3391 magistri

293 3415 395 3494 ttper
414 3415 545 3488 sortem,
567 3401 690 3468 decano
712 3410 865 3484 astantes,
893 3403 941 3466 sic
968 3401 1056 3489 quod
1079 3403 1204 3489 primns
1224 3424 1284 3489 per
1306 3413 1426 3470 sortem
1445 3403 1568 3476 electus
1590 3423 1666 3468 cum
1686 3402 1753 3468 aliis

334 3505 438 3573 uibus
460 3503 501 3569 de
523 3503 596 3570 aliis
618 3500 808 3568 nacionibus
836 3503 986 3588 proxime
1015 3503 1222 3588 sequentibus
1250 3511 1358 3570 astam
1379 3501 1509 3571 domino
1535 3501 1662 3570 decano
1682 3513 1754 3570 tem·

334 3627 415 3692 pora
435 3602 657 3691 imposicionis
679 3599 891 3684 sordidarum,
917 3601 981 3666 isto
1003 3611 1113 3668 tamen
1131 3602 1262 3668 excluso
1285 3601 1452 3687 magistro,
1480 3603 1515 3669 in
1542 3623 1609 3690 qua
1629 3605 1753 3672 natione

334 3705 539 3772 examinator
561 3701 637 3788 eligi
658 3699 768 3782 debet,
796 3709 832 3764 ut
852 3699 1000 3783 videant,
1028 3700 1116 3787 quod
1135 3699 1225 3766 nulla
1245 3702 1336 3766 fraus
1356 3701 1390 3766 in
1410 3702 1626 3788 impositione
1646 3701 1751 3770 scedu-

333 3805 438 3871 larum
471 3801 698 3868 committatur.
739 3799 784 3866 Et
815 3799 971 3884 magister
1001 3801 1175 3866 extrahens
1208 3800 1248 3866 de
1279 3801 1377 3866 mitra
1410 3800 1492 3868 duas
1525 3801 1678 3871 ooedulas
1708 3799 1753 3866 vel

293 3903 447 3990 30plures
469 3902 607 3966 scienter
628 3899 681 3965 vel
708 3901 812 3963 eciam
833 3899 1019 3985 improvise,
1049 3901 1092 3964 sit
1111 3899 1242 3966 inabilis
1265 3898 1308 3964 ad
1338 3903 1593 3969 examinatorem
1614 3923 1677 3988 pro
1698 3903 1754 3972 litt

334 4005 416 4085 vice,
443 4003 490 4066 ita
515 4009 624 4066 tamen
650 3997 737 4086 quod
765 4007 856 4063 actus
884 3997 938 4064 ille
964 4001 1111 4087 inceptus
1132 4022 1205 4066 cum
1226 3997 1291 4064 alio
1314 3999 1366 4065 vol
1397 3999 1470 4065 aliis
1497 4000 1633 4067 ulterius
1662 4001 1753 4068 conti·

335 4111 460 4168 unctu.

690 4223 719 4282 7.
741 4232 788 4280 us
811 4233 910 4282 nono
932 4231 1100 4281 auronum
1121 4231 1400 4282 numerosus.

417 4347 559 4431 Placuit,
587 4350 672 4436 quod
701 4351 940 4415 examinatores
969 4371 1029 4437 per
1051 4358 1170 4414 sortem
1191 4347 1362 4434 eligantur.
1406 4347 1450 4414 Et
1475 4348 1592 4415 modus
1621 4350 1665 4416 ait
1689 4351 1753 4430 iste,

293 4449 424 4540 35qnod
457 4459 619 4536 ponantur
647 4460 697 4515 tot
725 4449 875 4516 scedulae
903 4451 1045 4536 undique
1075 4447 1195 4513 similes
1228 4449 1271 4514 ad
1302 4471 1401 4514 unam
1428 4451 1591 4536 integram
1619 4452 1753 4530 mitum

335 4561 414 4639 quot
442 4557 517 4614 aunt
541 4549 689 4634 magistri
716 4559 906 4638 praesentes
933 4558 966 4614 et
995 4557 1231 4633 acturegentes,
1260 4571 1396 4636 quarum
1417 4571 1483 4614 una
1503 4550 1647 4615 continet
1670 4541 1752 4613 ‘exa

337 4639 499 4732 minator'3
521 4656 555 4712 et
575 4649 754 4734 quicunque
769 4653 999 4736 magistrorum
1018 4669 1077 4734 per
1094 4656 1215 4714 sortem
1229 4669 1301 4713 cam
1321 4650 1490 4736 repererit,
1511 4651 1574 4720 erit
1595 4649 1753 4717 examina

334 4759 387 4816 tor
405 4751 470 4816 ista
489 4747 573 4832 vice,
596 4756 628 4814 et
649 4769 706 4812 suo
729 4749 824 4815 modo
849 4749 884 4814 in
905 4747 979 4814 aliis
1006 4745 1110 4812 tribus
1129 4747 1316 4813 nationibus
1338 4749 1548 4835 practicetur.
1589 4747 1656 4830 Qui
1682 4767 1751 4834 qua·

423 5023 433 5073 l
455 5018 510 5072 Am
527 5014 639 5071 Raude:
672 5015 718 5067 De
734 5032 774 5083 ao,
798 5015 847 5068 nln'
867 5014 994 5068 marian
1010 5013 1079 5080 ficri
1093 5013 1207 5066 datam
1224 5020 1252 5067 at
1267 5013 1484 5081 occaecatisnoe,
1504 5013 1588 5068 utar
1604 5014 1751 5068 erraneam

336 5109 391 5172 ειη
415 5103 529 5172 ideoque
543 5107 672 5156 statutum
689 5105 728 5153 eat
742 5101 837 5170 qrtoad
852 5099 918 5153 tneo
935 5097 1070 5152 selam
1085 5113 1159 5152 usuro
1178 5101 1251 5167 1522,
1266 5097 1316 5150 sut
1332 5099 1468 5154 doram
1484 5099 1601 5154 Ioanne
1618 5097 1702 5152 Mau.
