3762 6074
314 415 374 482 458
805 415 853 466 oss
871 414 1091 478 philosophiachc
1107 413 1234 464 Faculttt.

314 596 480 662 munitatis
508 595 646 662 alicuius
673 595 793 663 bursae
822 597 874 664 vel
903 595 1049 683 collcgo'i,
1070 597 1246 684 praecipue
1274 595 1303 660 si
1329 593 1428 660 fuerit
1453 592 1653 658 exercicium
1682 614 1740 678 pro

315 695 421 782 gradu
446 695 695 761 baccalariatus.
736 695 849 763 Potest
875 707 983 762 tamen
1004 695 1147 762 decanus
1169 704 1305 782 propter
1326 695 1523 782 paucitatem
1546 691 1739 774 auditorum,

314 794 379 860 loci
404 795 717 877 inconvenienciam,
739 796 842 880 frigus
864 819 920 862 seu
942 796 1040 862 aliam
1064 795 1298 861 racionabilem
1320 815 1455 859 causam
1474 791 1688 878 dispensare,
1707 803 1741 857 ut

317 895 389 981 quis
408 895 444 959 in
464 893 670 960 habitacione
692 918 750 960 sua
772 896 938 982 disputare
960 896 1075 962 valeat.
1117 895 1155 960 Si
1177 917 1255 960 vero
1287 893 1404 981 aliquis
1425 892 1660 978 magistrorum
1678 915 1741 958 uon

272 1001 289 1057 5
314 994 402 1058 omni
423 992 475 1058 die
496 993 687 1080 disputabili
711 1005 879 1078 exerceat,
901 995 988 1083 qnod
1007 995 1193 1062 visitatores
1219 1017 1279 1082 pro
1306 1003 1453 1080 tempore
1479 991 1661 1056 existentes
1688 991 1740 1057 dc-

318 1093 473 1158 nunciare
502 1103 650 1158 tcnentur
680 1093 803 1160 decano
832 1095 1010 1178 facultatis,
1041 1104 1075 1160 et
1100 1095 1239 1160 monitus
1273 1115 1310 1160 se
1344 1115 1410 1158 non
1437 1089 1680 1172 emendaverit,
1708 1091 1741 1156 in

318 1191 428 1279 aliqua
450 1195 604 1278 porcione
625 1202 739 1280 pastus
761 1197 923 1281 puniatur.
967 1195 1003 1260 Si
1030 1205 1138 1261 antem
1163 1193 1298 1260 multum
1324 1192 1493 1279 negligens
1522 1191 1641 1272 furerit,
1668 1201 1741 1256 tunc

317 1293 412 1358 iuxta
433 1315 570 1380 poenam
591 1294 625 1358 iu
646 1295 824 1359 novissima
842 1295 1077 1360 reformacionc
1097 1315 1298 1380 expressam,
1320 1315 1403 1380 quae
1424 1299 1474 1356 est
1492 1290 1646 1356 carencia
1656 1299 1740 1356 acu-

320 1393 490 1478 regenciac
512 1391 556 1458 ad
576 1402 699 1458 certum
720 1402 857 1480 tempus,
879 1396 1043 1480 puniatur.

275 1617 307 1672 10
327 1613 355 1672 5.
375 1625 639 1676 ΒΕΒΠΜΡΤῙΟΝΕΒ
661 1627 831 1676 PUBLICAE
852 1627 946 1674 ruem
971 1627 1044 1676 Nou
1070 1627 1212 1675 nunnus
1240 1626 1304 1674 SUB
1326 1624 1431 1674 noers
1451 1621 1653 1671 uspersus
1673 1621 1739 1670 PRO

456 1725 687 1775 nncrlouusus
709 1727 754 1774 ΕΤ
775 1725 968 1774 nasamone
988 1728 1033 1774 nu
1056 1689 1103 1774 bn
1125 1727 1241 1776 Poena
1263 1721 1598 1776 concatenatarum.

398 1873 652 1962 Resumpciones
680 1873 830 1962 publicae
853 1875 912 1940 sub
934 1877 1076 1940 serotina
1098 1887 1129 1940 et
1156 1875 1332 1941 ordinariis
1362 1871 1656 1960 disputationibus,
1682 1870 1739 1936 sub

319 1973 408 2038 horis
435 1974 608 2040 lectionum
634 1984 666 2040 et
691 1976 925 2040 exerciciorum
954 1973 1159 2040 nullomodo
1187 1975 1268 2040 fiant
1294 1995 1399 2061 neque
1425 1971 1660 2054 admittantur,
1686 1969 1739 2035 sed

317 2073 388 2138 istis
409 2071 506 2156 horis,
529 2095 589 2160 pro
611 2073 794 2139 huiusmodi
817 2072 955 2160 publicis
977 2073 1250 2162 resumptionibus
1271 2072 1452 2162 deputatis,
1474 2079 1608 2160 quarta,
1630 2071 1739 2156 quinta

278 2181 308 2236 15
318 2181 350 2236 et
364 2183 457 2238 sexta
471 2196 567 2238 mane
590 2176 623 2239 in
645 2183 777 2257 aestate,
800 2173 834 2238 in
856 2171 972 2259 hyeme
993 2196 1088 2238 mane
1110 2175 1233 2260 quinta,
1255 2183 1350 2238 sexta
1371 2183 1402 2237 et
1424 2172 1582 2259 septima;
1606 2169 1648 2234 dc
1670 2193 1737 2234 sero

318 2283 425 2338 autem
446 2283 564 2360 quarta
584 2273 666 2339 hora
686 2283 754 2339 tam
772 2275 807 2338 in
829 2283 951 2338 aestate
974 2295 1071 2360 quam
1091 2275 1126 2338 in
1147 2274 1272 2360 hyeme.
1313 2271 1359 2337 Et
1380 2270 1524 2336 decanus
1554 2268 1688 2334 realiter
1710 2279 1739 2332 st

317 2393 388 2436 cum
409 2373 526 2438 effectu
546 2375 660 2460 puniat
682 2373 977 2455 contrafacientem,
999 2395 1040 2437 ne
1061 2371 1202 2438 scolares
1223 2371 1399 2454 facultatis,
1421 2393 1482 2458 pro
1504 2368 1615 2456 aliquo
1638 2367 1738 2455 gradu

321 2471 527 2558 complentes,
542 2496 562 2537 a
578 2472 750 2540 lectionum
766 2483 798 2538 et
813 2473 1044 2538 exerciciorum
1067 2471 1231 2538 auditione
1250 2469 1467 2537 retrahantur.
1510 2469 1555 2533 Et
1576 2471 1619 2532 sit
1640 2489 1740 2554 poena

321 2571 489 2636 carenciae
511 2575 757 2659 acturegenciae
777 2571 829 2637 vel
855 2573 1074 2658 suspensionis
1095 2569 1137 2636 ab
1160 2569 1289 2636 actibus
1310 2569 1490 2636 scolasticis
1511 2589 1640 2633 necnon
1661 2589 1739 2632 emo·

275 2668 459 2734 201imentis
480 2671 652 2737 facultatis.
694 2671 739 2736 Et
761 2671 789 2736 si
811 2670 929 2759 aliquis
950 2673 1182 2758 magistrorum
1202 2668 1386 2736 huiusmodi
1406 2690 1558 2756 poenam,
1580 2666 1669 2755 quod
1689 2664 1739 2730 ab

320 2769 362 2832 sit
369 2818 378 2852 ,
399 2792 465 2834 non
491 2773 654 2836 curaverit
680 2793 741 2835 nec
767 2793 803 2835 sc
831 2769 1015 2836 huiusmodi
1044 2779 1165 2836 statuto
1195 2768 1486 2856 obtemperaverit,
1509 2789 1571 2855 pro
1593 2767 1740 2851 ingressu

319 2867 446 2934 consilii
471 2869 635 2935 facultatis
665 2879 821 2957 perpetuo
850 2870 893 2935 sit
920 2892 959 2934 ac
988 2879 1156 2957 reputetur
1182 2867 1330 2951 inabilis,
1360 2878 1394 2934 et
1420 2889 1516 2932 nemo
1547 2865 1592 2932 ad
1613 2863 1740 2954 publice

317 2968 544 3035 resumendum
555 2969 745 3035 admittatur
765 2969 800 3033 in
823 2991 1013 3057 quacunque
1035 2968 1199 3050 facultate,
1220 2969 1285 3033 nisi
1305 2969 1340 3033 in
1362 2968 1476 3034 eadem
1497 2967 1540 3032 sit
1562 2973 1737 3054 promotus,

318 3066 404 3155 quod
425 3067 593 3155 legittimis
615 3069 818 3136 documentis
840 3078 872 3134 ct
891 3066 1141 3155 probationibus
1162 3065 1301 3134 docebit

274 3275 307 3332 25
397 3275 425 3336 6.
453 3286 780 3336 Paouuumuloues
803 3285 974 3335 PUBLICAE
994 3285 1278 3334 mnmssanuuua
1299 3285 1394 3334 mm
1413 3285 1487 3334 NON
1508 3283 1663 3332 DEBEN'I'.

402 3435 475 3500 Nou
504 3434 623 3502 debent
649 3435 721 3500 fieri
747 3436 1032 3524 pronuntiaciones
1059 3433 1211 3523 publicae
1240 3434 1329 3500 horis
1363 3457 1424 3522 pro
1452 3431 1739 3521 disputacionibus,

315 3533 507 3600 lectionibus
535 3545 567 3600 et
595 3537 764 3601 exerciciis
793 3535 964 3622 deputatis.
1007 3533 1053 3598 Et
1084 3533 1203 3600 debent
1229 3535 1385 3600 materiae
1413 3535 1599 3598 autenticae
1626 3555 1739 3621 appro-

318 3631 468 3699 batorum
490 3657 547 3698 seu
567 3635 764 3700 famosorum
785 3635 1015 3719 magistrorum
1037 3635 1263 3721 pronunciari,
1286 3657 1370 3720 quae
1390 3635 1481 3721 prius
1503 3657 1563 3721 per
1586 3631 1740 3698 decanum

315 3732 479 3798 facultatis
501 3735 624 3800 arcium
647 3745 678 3800 et
698 3758 773 3801 suos
792 3735 945 3815 seniores,
967 3741 1140 3820 antequam
1163 3733 1291 3820 publice
1312 3733 1577 3823 pronunciantur,
1600 3733 1740 3820 conspici

274 3831 454 3914 ludebant,
476 3835 652 3920 praecipue
674 3837 701 3899 si
724 3834 799 3899 talis
822 3829 906 3921 [l5b]
929 3836 1148 3918 pronuncians
1169 3853 1228 3918 per
1251 3833 1408 3898 decanum
1434 3833 1533 3897 fuerit
1560 3833 1742 3921 requisitus.

316 3929 407 3995 Idem
421 3931 611 4018 intelligitur
629 3932 669 3998 dc
690 3937 826 4001 materia
846 3933 955 4022 aliqua
975 3955 1061 3997 nova
1080 3934 1241 4020 impressa
1261 3931 1456 3999 resumenda
1477 3931 1529 3997 vel
1549 3931 1740 4012 exercenda,

318 4032 345 4094 si
366 4053 534 4097 resumens
555 4033 607 4098 vel
629 4055 784 4100 exercens
805 4057 866 4123 pcr
887 4033 1045 4098 decanum
1066 4033 1165 4098 fuerit
1185 4031 1293 4124 debite
1313 4033 1499 4121 requisitus.

757 4301 800 4367 X.
832 4318 1078 4368 carrrunuu
1099 4317 1306 4366 nucruuu.

317 4455 374 4522 Dc
400 4453 758 4538 resumptionibus
780 4451 961 4540 publicis
984 4472 1057 4538 per
1077 4447 1326 4515 facultatem
1348 4449 1501 4515 arcium
1523 4447 1738 4537 deputatis.
1849 4463 1850 4470 ’

274 4649 309 4705 35
565 4639 590 4698 1.
613 4651 659 4698 on
682 4652 835 4700 munem
856 4649 1066 4698 ansnununs
1088 4649 1133 4696 nr
1156 4649 1321 4698 rnsmonn
1341 4647 1508 4696 nmmum.

400 4785 537 4866 Placuit,
558 4782 647 4871 quod
665 4782 802 4849 facultas
823 4783 947 4848 arcium
967 4777 1112 4868 qualibet
1133 4781 1315 4846 mutacione
1335 4789 1474 4867 quatuor
1495 4781 1680 4867 magistros,
1702 4777 1740 4843 ad

317 4889 447 4979 publice
475 4881 707 4951 resumendum
734 4883 837 4948 abiles
867 4892 899 4948 et
926 4881 1087 4967 ydoneos,
1117 4879 1199 4946 duos
1227 4879 1267 4945 de
1301 4879 1435 4946 consilio
1463 4889 1495 4944 et
1525 4879 1607 4946 duos
1637 4889 1736 4958 extra,
1849 4953 1850 4956 Ἴ

319 4991 471 5076 deputet,
513 5005 650 5070 quorum
689 5006 772 5048 unus
806 4983 840 5046 in
876 4979 1091 5068 grammatica
1126 4979 1294 5044 Donatum
1330 4989 1363 5044 ct
1404 4978 1581 5044 secundam
1616 4986 1737 5066 partem

318 5084 512 5154 Allexandri
532 5081 720 5150 textualiter
741 5083 776 5146 in
795 5103 861 5146 una
880 5079 1063 5146 mutacione
1086 5078 1236 5145 aestivali
1256 5089 1416 5162 resumat,
1438 5081 1473 5144 in
1504 5077 1649 5166 hyemali
1669 5097 1741 5142 vero
1849 5153 1850 5172 ,
