3762 6074
309 401 368 464 504
796 397 846 448 Dis
868 393 1087 460 philesopbiache
1108 395 1237 448 Faculttt.

310 580 444 646 discant
486 582 532 646 Et
561 591 596 646 ut
623 579 751 666 singula
784 579 968 667 praemissa
997 578 1106 645 debite
1135 577 1365 658 observentur,
1395 575 1539 655 decanus
1571 597 1645 640 cnm
1671 575 1732 640 suis

309 680 538 746 executoribus
559 680 697 766 diligens
720 679 816 744 debet
837 678 977 767 desuper
998 677 1155 744 adhibere
1184 677 1375 742 scrutinium
1405 687 1436 741 et
1462 676 1731 741 contrafacientes

310 803 367 845 seu
397 781 589 846 excedentes
616 781 749 866 punire,
772 776 832 843 sub
862 801 968 866 poena
999 779 1162 844 carentiae
1191 776 1352 842 mercedis
1381 777 1439 841 suo
1466 785 1614 862 tempore
1645 797 1731 862 prae

309 880 445 944 standae
466 891 498 944 et
521 880 684 944 carentiae
705 880 945 964 aeturegentiae
967 901 1027 964 per
1047 876 1189 942 medium
1218 899 1357 958 annum3
1388 897 1505 963 parum
1533 877 1624 940 enim
1654 885 1733 939 esset

263 989 279 1043 5
308 989 430 1044 stamta
453 978 601 1059 condere,
624 979 686 1042 nisi
708 979 782 1064 ipsa
803 977 985 1042 executioni
1007 975 1137 1040 debitae
1159 974 1442 1040 demandarentur.

493 1168 538 1228 16.
560 1179 607 1226 ns
631 1177 827 1226 sonemoxa
850 1178 982 1226 rssrus
1002 1176 1254 1225 exonerarunt
1275 1176 1321 1222 er
1343 1175 1559 1224 menarum

391 1293 520 1374 Placet,
544 1291 631 1380 quod
652 1292 788 1376 quilibet
808 1292 950 1358 decanus
980 1315 1039 1379 pro
1068 1303 1215 1377 tempore
1237 1293 1379 1356 existens
1402 1314 1468 1356 non
1488 1289 1589 1356 debet
1611 1288 1733 1356 solvere

312 1403 440 1481 pastum
464 1391 560 1456 alicui
589 1390 742 1456 lectorum
765 1392 817 1457 vel
843 1393 1061 1456 exercentium
1089 1393 1123 1456 in
1153 1392 1315 1478 principio
1344 1391 1531 1456 mutationis
1553 1389 1607 1454 vel
1629 1390 1732 1476 incep-

309 1493 407 1556 tionis
429 1512 561 1556 suorum
583 1503 733 1572 actuum,
761 1490 817 1555 sed
851 1491 993 1556 medium
1026 1501 1154 1577 pastum
1183 1493 1216 1555 in
1251 1489 1359 1554 medio
1390 1490 1581 1555 mutationis
1614 1487 1732 1554 solvere

270 1590 409 1656 redebet
430 1613 502 1654 esso
522 1592 701 1671 asstrictus,
725 1592 752 1654 si
773 1590 874 1656 lector
896 1590 1036 1676 diligens
1057 1590 1155 1655 suerit
1177 1601 1209 1656 et
1230 1592 1336 1677 ipsmn
1359 1588 1586 1675 postulaverit,
1607 1587 1670 1654 hoe
1688 1599 1734 1652 est

307 1693 340 1754 in
361 1691 465 1754 hieme
487 1692 575 1753 cirea
595 1689 713 1754 festum
734 1691 839 1754 sancti
857 1690 968 1770 Pauli,
991 1692 1024 1754 in
1047 1699 1170 1756 aestate
1193 1691 1281 1754 circa
1308 1691 1425 1754 festum
1453 1700 1589 1754 sauctae
1608 1687 1734 1774 Marga-

308 1789 435 1870 rothae,
459 1788 624 1854 residuam
640 1798 777 1875 partem,
794 1789 930 1854 lectione
945 1791 1045 1854 finita.
1090 1789 1155 1854 Sed
1176 1791 1343 1875 magistris
1362 1787 1595 1854 exercentibus
1610 1797 1735 1874 pastum

308 1887 435 1954 solvere
456 1910 521 1952 non
543 1885 656 1968 debet,
678 1889 742 1952 nisi
765 1890 927 1953 exercicio
948 1891 1047 1956 finito.
1092 1888 1202 1954 Debet
1228 1889 1326 1952 etiam
1348 1887 1484 1972 quilibet
1504 1890 1731 1973 magistrorum

313 1989 532 2052 exercentium
554 1997 629 2051 ante
650 1986 793 2051 debitum
817 1997 944 2073 tempus
965 1987 1108 2068 finiendi,
1132 2010 1152 2052 a
1171 1986 1325 2052 facultate
1348 1997 1507 2068 taxatum,
1529 2009 1626 2052 suum
1648 2008 1734 2052 exer·

267 2097 297 2151 15
310 2088 426 2152 cisium
454 2108 519 2152 non
547 2088 739 2168 terminare,
769 2084 828 2150 sub
858 2109 963 2173 poena
997 2088 1160 2152 carentiae
1189 2097 1302 2173 pastus
1333 2096 1364 2151 et
1392 2109 1458 2152 non
1486 2087 1734 2172 eomputationis

306 2187 460 2251 exercicii
488 2207 548 2272 pro
577 2187 806 2270 acturegentia.
851 2185 912 2250 Est
940 2195 1047 2251 autem
1075 2196 1204 2272 tempus
1230 2187 1298 2252 fere
1325 2187 1468 2250 omnium
1498 2185 1731 2250 exerciciorum

308 2296 458 2372 quattuor
488 2287 663 2367 mensium,
691 2285 891 2372 phisicorum
923 2295 1028 2350 autem
1064 2286 1225 2372 quinque,
1255 2295 1291 2350 ut
1322 2293 1444 2350 statuta
1474 2283 1619 2370 desuper
1652 2282 1735 2348 edita

305 2384 429 2472 liquide
451 2383 631 2450 ostendunt

313 2573 358 2632 17.
382 2562 517 2654 [Bltl‘]
540 2583 724 2647 naereses,
747 2584 926 2632 sacremus
948 2582 1105 2644 turonen
1128 2580 1735 2647 exnac1eruu,nsesroraomrrsr

265 2675 299 2730 20
726 2683 772 2730 ns
793 2683 998 2730 nnresarm
1020 2683 1129 2731 mxrs
1151 2684 1322 2732 srsrurs.

396 2797 440 2862 Ut
463 2797 593 2878 sciatur,
620 2798 675 2884 qui
698 2798 845 2882 magistri
867 2806 899 2862 st
921 2801 974 2886 qui
1002 2822 1067 2864 non
1095 2821 1156 2885 pro
1184 2810 1330 2885 tempore
1360 2799 1531 2886 disputant
1557 2819 1620 2861 sua
1646 2818 1734 2862 exer·

310 2898 393 2962 cieia
416 2907 447 2961 et
470 2897 534 2960 sint
554 2907 793 2982 acturegentes,
817 2898 940 2985 placet,
959 2898 1046 2984 quod
1069 2897 1204 2986 quilibet
1224 2901 1472 2984 magistrorum,
1492 2897 1659 2983 recipiens
1681 2895 1736 2960 ali·

313 2995 398 3084 quod
421 2998 615 3060 exercicium
639 3019 699 3082 pro
720 2998 943 3081 aeturegentia
963 3000 1140 3063 autetiam
1163 2998 1376 3086 completione
1406 2997 1456 3060 sui
1487 2995 1622 3078 biennii,
1645 2995 1738 3060 debet

314 3094 374 3160 sub
396 3094 483 3159 bona
504 3095 568 3160 fide
590 3095 713 3159 decano
736 3098 928 3182 promittere
935 3147 945 3180 ,
968 3097 1054 3184 quod
1083 3099 1171 3162 omni
1197 3097 1249 3162 die
1276 3096 1468 3185 disputabili
1496 3097 1591 3160 iuxta
1621 3105 1737 3160 statuta

268 3194 475 3260 2tfacultatis
502 3196 619 3259 artium
646 3195 820 3280 diligenter
848 3195 927 3259 velit
958 3217 1118 3262 exercere.
1167 3197 1211 3261 Et
1240 3196 1426 3262 huiusmodi
1456 3196 1657 3282 promissum
1687 3193 1736 3258 de·

314 3317 414 3360 canus
438 3293 480 3358 ab
502 3317 694 3382 unoquoque
716 3296 942 3380 magistrorum
970 3299 1188 3362 exercentium
1219 3305 1413 3380 extorquere
1444 3306 1477 3360 et
1503 3296 1654 3380 recipere
1681 3293 1736 3358 snb

315 3393 424 3460 debite
447 3394 498 3458 sui
519 3395 666 3480 praestiti
687 3395 858 3459 iuramenti
881 3393 976 3460 debet
1004 3417 1075 3459 esse
1103 3395 1284 3480 obligatus,
1308 3417 1370 3482 quo
1398 3397 1486 3460 lacto
1514 3393 1648 3460 eosdem
1674 3415 1736 3457 ma·

312 3495 449 3580 gistros,
482 3493 529 3558 sie
560 3515 714 3558 exercere
745 3517 801 3558 seu
830 3493 995 3559 biennium
1028 3519 1120 3560 suum
1153 3493 1316 3580 complere
1345 3493 1510 3576 volentes,
1539 3493 1582 3558 ad
1614 3502 1737 3556 certum
1856 3519 1857 3588 ζ

311 3593 503 3678 registrum,
524 3591 648 3658 adhoc
670 3592 857 3680 specialiter
879 3593 1084 3680 deputatum,
1105 3593 1244 3660 fideliter
1271 3594 1481 3678 consignare,
1503 3603 1536 3658 et
1564 3591 1735 3678 diligenter

269 3693 499 3778 30respicere¹
527 3715 599 3758 eum
631 3694 698 3756 suis
730 3693 956 3758 executoribus
986 3705 1018 3759 et
1049 3692 1259 3774 electoribus,
1289 3691 1377 3780 quod
1404 3693 1515 3757 omnia
1548 3701 1580 3758 et
1611 3690 1735 3778 singula

314 3791 486 3872 exercicia,
509 3791 550 3855 ad
570 3791 710 3878 aliquem
727 3791 865 3878 gradum
884 3797 1074 3878 spectantia,
1093 3795 1180 3860 omni
1199 3795 1376 3858 mutatione
1394 3790 1503 3856 debite
1521 3791 1733 3878 disputentur,

312 3899 344 3954 et
363 3887 484 3954 nullum
508 3893 793 3976 praetermittatur,
821 3901 855 3954 ut
885 3893 931 3956 sic
958 3915 1050 3957 nemo
1079 3892 1243 3980 querulari
1266 3891 1385 3958 habeat
1412 3901 1527 3956 eontra
1548 3887 1735 3956 facultatem

313 3990 441 4072 artium,
464 3987 552 4076 quod
568 3992 729 4055 exercicia
753 3992 788 4056 in
808 4012 847 4054 ea
867 4014 924 4056 seu
945 3991 1054 4080 aliqua
1076 4014 1117 4057 ex
1140 3993 1186 4056 eis
1207 4014 1270 4056 nen
1295 3991 1511 4078 disputentur,
1531 3989 1620 4078 quod
1637 4000 1735 4054 trans·

314 4090 395 4153 actis
416 4090 509 4154 annis
529 4112 627 4176 saepe
648 4091 768 4156 sacmm
791 4113 861 4156 esse
884 4101 1020 4158 constat.
1140 4083 1151 4096 ⁸

272 4263 305 4320 35
526 4257 569 4319 18.
598 4273 741 4333 uesano
765 4271 950 4322 annuerem
971 4273 1138 4322 meream
1160 4275 1205 4321 er
1227 4274 1335 4348 snum
1356 4274 1531 4322 pressas.

395 4384 522 4466 Placet,
544 4387 631 4473 qued
658 4391 806 4475 magistri
828 4399 1016 4454 exercentes
1037 4399 1112 4454 ante
1133 4399 1260 4477 tempus
1282 4413 1302 4454 a
1323 4389 1478 4455 facultate
1499 4391 1625 4460 artium
1647 4409 1734 4475 prae

310 4488 411 4553 fixum
423 4485 584 4550 exercicia
598 4509 656 4551 sua
667 4489 797 4552 minime
807 4487 937 4572 finiant3
960 4499 1001 4571 et,
1023 4512 1064 4553 ne
1087 4491 1159 4575 quis
1181 4499 1354 4576 praetextu
1375 4491 1582 4576 ignorantiae
1605 4511 1640 4554 se
1663 4510 1734 4576 quo·

313 4584 489 4652 modolibet
511 4605 668 4650 excusare
689 4587 812 4668 valeat,
834 4587 971 4652 facultas
1001 4591 1119 4652 artium
1148 4587 1331 4655 huiusmodi
1367 4599 1495 4675 tempus
1525 4585 1734 4676 exprimendo

313 4687 405 4750 iuxta
424 4685 558 4770 antiqua
580 4693 700 4750 statuta
721 4685 861 4773 desuper
880 4687 968 4752 edita
989 4686 1141 4752 declarat
1187 4689 1273 4753 Nam
1290 4689 1487 4754 exercicium
1508 4688 1628 4752 veteris
1649 4687 1733 4768 artis,

273 4797 307 4850 40
316 4807 495 4874 parvorum
517 4782 706 4870 loyealium,
732 4785 772 4850 de
794 4788 902 4850 anima
924 4809 984 4873 pro
1006 4785 1242 4871 baccalariatu,
1264 4809 1369 4853 novae
1390 4787 1519 4874 logicae
1541 4810 1602 4876 pro
1623 4785 1733 4850 bacea·

315 4885 434 4950 lariatu
457 4893 488 4948 et
509 4885 712 4970 magisterio,
738 4908 776 4950 ac
804 4887 998 4950 exercicium
1029 4909 1206 4972 parvorum
1236 4887 1431 4952 naturalium
1461 4909 1522 4974 pro
1552 4885 1732 4973 magisterio

402 5089 411 5138 1
433 5083 474 5138 Zu
494 5087 631 5155 erginaen
649 5083 685 5138 ist
702 5100 752 5138 aus
771 5083 836 5139 dem
854 5083 1118 5156 Voraufgehenden:
1135 5085 1211 5139 debet
1227 5103 1283 5140 ease
1300 5085 1446 5155 obligatus.
