3748 6070
229 487 239 510 ,
289 437 350 499 264
666 433 722 484 Das
741 433 830 484 klaine
846 431 951 496 Colles.
986 432 1039 482 Dia
1058 429 1177 484 statuten
1196 447 1249 482 ron
1271 431 1343 484 tibi

291 616 467 682 dictionem
491 624 523 680 et
545 613 749 680 honestatem
769 635 895 680 morum
917 623 1073 702 tanquam
1102 611 1244 678 familias
1266 609 1331 698 [53]
1354 613 1442 700 patri
1463 611 1722 680 conservandam

291 715 333 780 ab
357 716 488 803 antiquo
510 714 640 802 reliquit
662 713 868 796 universitas,
898 715 927 778 si
953 715 1046 801 prius
1075 736 1095 778 a
1122 721 1251 778 rectore
1273 722 1481 778 anteversum
1506 733 1573 778 non
1599 711 1723 777 fuisset

290 815 479 880 Pereutiens
507 814 607 900 igitur
633 812 685 878 vel
714 812 830 901 quavis
861 813 981 878 iniuria
1009 811 1155 878 afficiens
1186 812 1372 898 quempiam
1397 812 1432 876 in
1459 809 1608 898 collegio,
1636 812 1722 898 parti

291 912 399 978 laesae
422 913 602 978 satisfaciat
628 921 660 976 et
685 911 791 977 solvat
816 931 955 999 poenam
976 910 1127 997 collegio:
1160 911 1201 976 de
1223 911 1342 976 iniuria
1362 910 1488 976 verbali
1507 908 1723 998 quadrantem

249 1023 265 1075 5
291 1012 415 1095 floreni,
446 1012 487 1077 de
514 1011 723 1099 percussione
738 1011 822 1092 ¹sine
843 1011 1066 1078 cruentatione
1086 1009 1291 1076 dimidiatum
1314 1010 1476 1076 florinum.
1519 1009 1557 1074 Si
1576 1017 1722 1074 crucum

291 1114 385 1194 verit,
408 1111 476 1176 sine
497 1111 639 1193 vulnere,
667 1133 765 1175 unum
788 1107 960 1193 florenum3
991 1111 1019 1174 si
1039 1109 1270 1192 vulneraverit,
1292 1107 1374 1174 duos
1395 1108 1551 1190 florenos3
1578 1109 1607 1172 si
1627 1107 1722 1172 muti·

292 1211 419 1292 laverit,
451 1220 518 1275 tres
548 1209 696 1276 florenos.
739 1208 864 1290 Quodsi
892 1208 1006 1274 horum
1036 1210 1210 1297 quicquam
1237 1209 1272 1274 in
1300 1207 1457 1294 collegam
1478 1206 1575 1272 huius
1595 1204 1724 1292 collegii

292 1311 497 1376 commissum
518 1309 626 1390 merit,
649 1331 755 1395 poena
777 1306 867 1394 dupli
889 1310 1052 1394 puniatur,
1079 1318 1112 1374 et
1131 1308 1251 1396 poterit
1273 1306 1444 1394 collegium
1466 1307 1563 1372 etiam
1582 1305 1723 1370 maiores

293 1431 415 1497 poenas
438 1408 547 1474 dicere
574 1431 634 1496 pro
656 1430 868 1496 personarum
891 1416 923 1471 et
943 1405 1054 1472 delicti
1076 1405 1240 1494 qualitate
1280 1406 1457 1494 Rumpens,
1487 1405 1642 1490 frangens
1666 1411 1721 1468 aut

253 1507 418 1574 roviolana
438 1506 572 1595 aliquid,
596 1505 661 1594 [54]
690 1527 880 1594 quocunque
910 1505 944 1570 id
970 1507 1100 1572 nomine
1128 1505 1287 1572 contineri
1313 1505 1448 1593 poterit,
1475 1503 1631 1570 damnum
1658 1501 1724 1568 luet

292 1619 324 1673 et
345 1605 498 1673 mulctam
518 1629 561 1672 ex
583 1605 712 1690 collegii
733 1607 892 1671 sententia
912 1603 1040 1691 pendet.

805 1789 852 1836 na
872 1771 1213 1838 ursrurs‘rroruuus.¹

883 1905 1058 1958 statutum
1075 1906 1128 1956 IX.

378 2003 626 2091 Disputationes
647 2005 681 2068 in
703 2004 788 2069 hunc
808 2003 941 2070 modum
962 2004 1088 2070 servari
1104 2000 1232 2085 debent,
1254 2013 1290 2067 ut
1311 1999 1446 2088 singulis
1468 1999 1727 2066 hebdomadibus

256 2113 425 2170 tsemator
452 2101 495 2166 ad
526 2103 693 2167 minimum
726 2102 825 2169 semel
857 2102 910 2168 vel
943 2104 1014 2190 ipse
1046 2103 1171 2189 praesit
1203 2100 1400 2188 disputando
1428 2099 1481 2165 vcl
1513 2100 1655 2186 aliquem
1686 2122 1728 2165 ex

293 2225 427 2269 numero
450 2201 739 2268 baccalaureorum
760 2204 950 2286 constituat,
983 2199 1164 2286 debentque
1195 2221 1235 2266 ca
1256 2200 1369 2266 vocari
1397 2199 1432 2264 in
1459 2200 1727 2281 controversiam,

295 2301 411 2388 quihus
444 2300 576 2386 ingenia
607 2301 746 2366 excitari
778 2312 811 2365 et
849 2299 972 2368 iudicia
1005 2299 1191 2366 confirmari
1224 2299 1361 2385 possint.
1403 2297 1619 2364 Baccalaurei
1651 2319 1727 2363 vero

297 2403 416 2466 artium
442 2398 593 2485 inquilini
621 2397 797 2464 seeundum
824 2398 971 2464 ordinem
993 2395 1058 2486 [55]
1081 2398 1204 2486 gradum
1232 2399 1282 2462 sui
1311 2396 1430 2463 debent
1458 2396 1642 2484 disputare:
1674 2399 1728 2484 qui

296 2498 527 2564 detrectaverit
551 2497 676 2585 absque
701 2499 790 2562 iusta
818 2520 926 2582 causa,
953 2497 1145 2586 quadrantis
1173 2496 1287 2564 floreni
1308 2495 1462 2562 mulctam
1483 2498 1628 2562 curatori
1657 2519 1727 2584 per·

255 2596 413 2663 resolvat.
456 2597 576 2682 Capita
596 2619 674 2662 vero
696 2595 926 2682 disputationis
955 2598 1047 2685 prius
1074 2595 1277 2662 emendanda
1305 2595 1459 2662 exhibeat
1485 2595 1640 2677 curatori,
1669 2617 1729 2683 par

297 2697 373 2778 erit,
404 2705 440 2760 ut
468 2703 501 2760 et
528 2694 665 2760 aliorum
692 2693 923 2780 inquilinorum
951 2697 1035 2761 ratio
1066 2693 1235 2778 habeatur,
1265 2695 1321 2782 qui
1353 2693 1501 2760 similiter
1529 2716 1551 2759 a
1580 2705 1729 2761 camatero

298 2795 381 2861 iussi
406 2794 524 2858 seriem
546 2815 637 2860 suam
661 2794 887 2882 respondendo
908 2794 1091 2862 tuebuntur.
1135 2794 1200 2876 Qui
1221 2815 1299 2858 vero
1321 2795 1468 2881 strepitu,
1491 2794 1729 2880 pulsationibus

299 2903 331 2958 et
360 2890 555 2958 clamoribus
584 2891 748 2958 indecoris
777 2893 931 2960 molestus
959 2905 991 2959 et
1021 2895 1158 2960 iniurius
1186 2893 1283 2957 fuerit
1311 2892 1363 2958 vel
1393 2896 1536 2960 curatori
1561 2893 1616 2960 vel
1649 2893 1729 2960 alias

300 2991 500 3081 praesidenti
523 2990 576 3056 vel
596 2991 816 3079 respondenti,
838 2993 941 3059 solvet
961 2992 1100 3078 collegio
1123 2990 1294 3058 dimidium
1318 2991 1487 3060 florenum.

256 3167 290 3223 25
791 3176 839 3224 ΒΕ
861 3175 1040 3225 culusum
1062 3172 1235 3224 contactu.

897 3293 1070 3344 statutum
1088 3293 1123 3342 X.
1160 3333 1164 3340 .

381 3403 427 3495 [S.
446 3405 498 3493 56]
521 3406 614 3474 Hora
634 3431 722 3476 nona
742 3409 775 3474 in
799 3407 869 3474 dies
892 3406 1057 3490 clauditur
1076 3404 1256 3492 collegium.
1299 3405 1364 3487 Qui
1386 3405 1537 3472 exclusus
1559 3407 1658 3496 pulsu
1679 3421 1732 3475 aut

298 3505 494 3572 elamoribus
522 3507 685 3574 indecoris
712 3507 901 3595 fatigaverit
924 3527 1129 3596 quemquam,
1159 3507 1289 3593 postero
1312 3503 1365 3570 die
1386 3503 1539 3571 mulctam
1560 3508 1732 3574 sustinebit

299 3604 426 3671 dimidii
453 3605 577 3690 floreni,
607 3609 735 3672 nisiex
762 3607 923 3672 sententia
945 3604 1074 3692 collegii
1102 3605 1259 3670 maiorem
1279 3607 1441 3670 meruerit
1483 3605 1548 3686 Qui
1574 3607 1729 3674 famulum

258 3715 291 3770 30
303 3706 461 3770 curatoris
477 3704 528 3770 vel
549 3707 583 3770 vi
606 3707 747 3792 coegerit
768 3703 821 3769 vel
841 3706 980 3792 pecunia
1000 3703 1185 3791 corruperit
1203 3701 1247 3768 ad
1270 3713 1400 3790 portam
1423 3727 1480 3769 suo
1502 3705 1641 3774 arbitrio
1660 3731 1729 3774 eon·

300 3802 493 3869 eludendam
515 3813 571 3868 aut
592 3803 810 3890 pandendam,
831 3805 928 3892 quive
948 3803 1074 3869 elavem
1094 3812 1168 3869 astu
1189 3800 1232 3866 ad
1254 3800 1426 3888 collegium
1453 3807 1614 3891 repererit
1638 3830 1729 3894 para·

300 3902 457 3989 seritque,
478 3911 535 3966 aut
557 3904 613 3990 qui
631 3925 692 3989 per
706 3901 865 3968 fenestras
888 3902 1053 3969 aditumve
1069 3902 1248 3989 irrepserit,
1268 3902 1333 3966 nisi
1347 3923 1365 3966 e
1380 3901 1515 3988 collegio
1530 3905 1609 3990 pelli
1630 3906 1728 3988 malit,

300 4002 395 4066 unius
415 4000 529 4066 floreni
550 3999 704 4067 muletam
726 4001 826 4067 dabit

671 4135 718 4182 DE
738 4135 956 4184 altalraattns
977 4133 1102 4184 Pontus
1124 4133 1355 4182 mantuanum.

258 4239 292 4296 35
893 4237 1067 4287 Statutum
1084 4237 1137 4288 XI.

387 4331 470 4398 Cum
490 4354 556 4398 non
577 4336 687 4400 omnia
706 4334 833 4421 legibus
855 4333 1086 4422 comprehendi
1107 4335 1243 4421 possint,
1266 4346 1397 4421 praeter
1418 4355 1467 4418 ea,
1497 4357 1581 4424 quae
1604 4336 1657 4402 hie
1677 4359 1727 4400 ex·

301 4431 410 4517 posita
437 4440 526 4512 sunt,
550 4428 614 4520 [57]
635 4433 734 4499 habet
760 4433 929 4520 collegium
955 4433 1222 4515 iurisdietionem,
1250 4441 1285 4497 ut
1312 4433 1346 4497 in
1373 4431 1498 4520 reliqua
1527 4433 1672 4501 facinore
1699 4443 1727 4499 et

301 4527 430 4611 delicta,
459 4551 543 4616 quae
571 4531 613 4594 ah
639 4531 807 4616 inquilinis
835 4541 948 4597 contra
977 4531 1164 4596 academiae
1192 4539 1315 4596 statuta
1337 4541 1369 4596 et
1393 4531 1526 4618 publica
1548 4535 1621 4600 iura
1644 4535 1725 4614 fiant,

302 4627 563 4694 animadvertere
585 4653 644 4716 pro
667 4630 803 4697 arbitrio
823 4653 881 4697 suo
902 4629 1088 4695 mulctando
1111 4638 1143 4695 et
1164 4629 1328 4717 puniendo
1351 4633 1461 4718 possit.

260 4771 293 4824 to
385 4765 452 4822 Der
477 4765 580 4842 r'thripe
604 4767 689 4824 Theit
716 4769 767 4826 dee
788 4768 905 4826 Buehaa
933 4771 1007 4842 (oon
1028 4767 1059 4826 S.
1082 4767 1122 4828 64
1141 4769 1198 4838 aa)
1227 4767 1266 4824 ist
1295 4786 1332 4825 tu
1355 4767 1437 4827 einer
1462 4771 1656 4847 Ausstt'hluay
1675 4769 1724 4828 der

302 4864 420 4922 Numen
439 4864 517 4922 alter
541 4862 724 4944 Collepiatca
747 4867 798 4925 des
819 4865 934 4926 ticinen
955 4863 1070 4942 Colteps
1091 4867 1256 4925 vcrwaadt.

381 5029 393 5078 l
412 5024 482 5081 Dies
499 5041 588 5096 genae
606 5024 717 5096 Capitol
733 5025 770 5081 ist
787 5029 880 5097 aptitar
898 5023 1111 5082 durchstrichen
1129 5025 1249 5080 worden
