3748 6070
835 341 886 392 Die
908 341 1129 406 pbilosopblscbs
1145 341 1274 396 rantur.

449 633 454 640 .
510 561 558 622 24.
578 573 625 622 ΒΕ
646 571 838 622 exeeclcus
859 571 906 622 AD
928 571 1074 624 susm
1092 571 1292 623 notorem
1311 573 1598 624 mmmmm

918 691 979 756 Vgl.
998 706 1023 744 a.
1041 693 1079 744 St.
1097 693 1139 755 tt,
1160 692 1182 743 1.

432 805 513 872 Item
540 805 646 872 nullus
677 805 774 872 debet
801 804 927 872 admitti
955 805 999 871 ad
1026 815 1224 894 temptamen
1251 829 1312 895 pro
1341 805 1447 892 gredo
1479 807 1675 893 magisterii,
1705 808 1774 872 nisi

351 905 442 992 prius
470 905 593 970 steterit
620 905 654 970 in
683 906 852 970 exerciciis
878 903 964 970 infre
991 907 1131 994 scriptis,
1159 905 1282 972 scilicet
1306 905 1548 994 metaphisicae,
1577 905 1772 989 ethicorum,

310 1003 557 1090 ephisicorum,
583 1003 702 1068 veteris
730 1005 820 1086 artis,
848 1025 931 1092 quae
960 1014 1033 1069 sunt
1063 1005 1282 1090 necessitutis3
1313 1005 1551 1071 metbeororum
1575 1005 1628 1070 vel
1656 1006 1774 1093 parvis

351 1101 552 1169 neutralibus
572 1126 631 1191 pro
652 1095 726 1184 uno,
746 1105 780 1167 in
799 1101 840 1168 de
860 1102 949 1168 coelo
961 1113 992 1168 et
1010 1103 1129 1168 mundo
1142 1102 1193 1169 vel
1215 1103 1255 1169 de
1276 1105 1487 1190 gener-acione
1507 1127 1569 1192 pro
1588 1127 1663 1188 uno,
1683 1127 1776 1171 nova

353 1203 448 1290 loyca
472 1203 526 1268 vel
554 1203 588 1267 in
616 1202 800 1288 sophistria,
831 1201 872 1267 de
904 1201 1021 1288 quibus
1051 1203 1172 1268 ultimis
1200 1205 1274 1268 sex¹
1303 1203 1367 1268 trie
1397 1205 1567 1292 capiantur
1593 1203 1776 1270 secundum

353 1303 507 1390 placitum
535 1301 587 1366 vel
617 1301 792 1367 secundum
821 1300 1013 1367 eleccionem
1038 1301 1220 1369 volencium
1251 1303 1448 1388 promoveri,
1480 1301 1541 1367 sub
1569 1324 1678 1390 poena
1703 1325 1773 1369 non

351 1403 557 1468 admissionis
578 1399 622 1466 ad
642 1401 781 1487 gradum
799 1401 978 1487 magisterii
999 1401 1230 1490 supradictum.

312 1579 343 1636 ιο
845 1571 894 1632 25.
914 1584 962 1632 nn
983 1583 1083 1634 nono
1105 1583 1269 1634 nuceum.

432 1699 551 1766 Modus
581 1699 709 1786 legendi
730 1698 791 1764 crit
815 1697 916 1780 talis²,
944 1698 1031 1786 quod
1060 1697 1196 1786 quilibet
1224 1699 1462 1785 megistrornm,
1490 1698 1603 1786 legens
1629 1701 1775 1790 aliquam

351 1800 524 1866 leccionem
552 1819 613 1886 pro
643 1797 749 1884 aliquo
778 1797 883 1884 gradu
914 1797 948 1862 in
978 1797 1102 1862 artibus
1130 1797 1182 1862 vel
1209 1796 1318 1883 legere
1344 1796 1529 1882 intendens,
1560 1801 1669 1886 primo
1697 1809 1776 1864 ente

351 1901 459 1965 omnia
486 1907 631 1985 tompore
658 1898 855 1984 recepcionis
875 1897 929 1961 vel
957 1897 1156 1984 incepcionis
1181 1895 1339 1962 librorum
1365 1897 1535 1984 promittet
1560 1898 1685 1964 decano
1712 1898 1776 1963 sub

351 1999 554 2064 consciencia
575 2019 642 2079 sue,
668 1996 755 2084 quod
776 1997 846 2061 sine
867 1995 939 2062 dolo
961 2004 993 2060 et
1013 1994 1128 2060 fraude
1150 1994 1278 2077 librum,
1305 2017 1400 2080 quem
1422 1995 1517 2083 leget,
1544 2019 1605 2084 pro
1625 2005 1776 2084 tempore

313 2107 374 2163 tta
400 2095 554 2162 facultate
580 2105 745 2178 statutum,
770 2117 843 2160 cum
865 2093 1041 2180 diligencia
1065 2093 1145 2159 velit
1170 2097 1359 2160 continuere
1387 2103 1420 2158 et
1446 2104 1580 2179 textum,
1607 2095 1663 2162 ubi
1691 2119 1775 2184 opus

351 2197 457 2279 suerit,
479 2217 653 2282 exponere,
675 2204 707 2259 et
726 2193 943 2280 pemotsbilia
962 2203 993 2258 et
1013 2192 1114 2260 dubia
1133 2193 1282 2276 fideliter,
1311 2195 1339 2258 ai
1360 2201 1486 2280 tempus
1513 2195 1646 2283 patitur,
1668 2193 1774 2260 decla·

351 2316 427 2360 rare
453 2305 485 2360 et
512 2293 591 2359 nulli
622 2293 681 2359 sub
708 2292 851 2358 leccionc
875 2291 927 2358 vel
956 2295 1057 2358 eciem
1087 2303 1163 2381 post
1190 2292 1231 2358 de
1260 2244 1416 2408 rieglectis
1446 2291 1569 2382 aliquid
1600 2315 1775 2412 resumere,

353 2395 418 2459 nisi
439 2393 514 2459 talis
537 2415 595 2480 per
618 2393 858 2480 dispensatores
879 2391 1042 2458 feculutis
1062 2392 1106 2457 ad
1128 2415 1201 2457 eum
1221 2394 1376 2458 remissus
1397 2391 1504 2457 fuerit

435 2548 492 2606 Am
512 2556 622 2606 eutem
642 2549 751 2606 Raude
774 2547 827 2620 iat,
856 2545 910 2604 wie
932 2565 962 2604 es
982 2545 1094 2606 sclsiut
1115 2565 1172 2606 oon
1194 2545 1347 2604 des-selben
1366 2547 1477 2618 Hand,
1504 2545 1558 2604 mit
1585 2547 1775 2624 renotem

312 2653 416 2724 waes
432 2647 532 2706 diesen
553 2647 777 2724 Paraproptcu
795 2645 1002 2722 tintuqqfflqu

438 2759 529 2840 Item,
551 2757 637 2846 qnod
658 2781 723 2824 non
743 2757 824 2822 fient
846 2759 1089 2844 reaumpciones
1110 2779 1170 2822 nec
1189 2759 1496 2845 pronuncciaciones
1518 2755 1669 2845 publicae
1686 2755 1775 2824 boris

355 2882 415 2948 pro
437 2856 636 2924 leccionibus
657 2856 709 2922 vel
731 2857 901 2922 exerciciis
923 2855 1097 2944 deputetis,
1125 2856 1185 2923 sub
1211 2879 1317 2946 poena
1341 2863 1354 2922 l
1376 2857 1490 2923 floreni
1509 2856 1775 2922 irremissrlsiliter

354 2957 500 3024 facultati
522 2957 645 3022 arcium
666 2954 881 3042 persolvendi.

869 3125 918 3189 26.
940 3137 1058 3188 uenus
1078 3138 1259 3188 sormunt

313 3268 346 3325 25
438 3254 554 3322 Modus
575 3263 682 3320 autem
708 3253 862 3322 audiendi
888 3255 950 3322 erit
972 3252 1057 3336 talis,
1080 3253 1169 3342 quod
1190 3253 1324 3342 quilibet
1345 3253 1480 3320 audiens
1500 3253 1642 3342 aliquam
1663 3255 1772 3320 leccio-

354 3381 428 3424 nem
448 3379 509 3442 pro
530 3355 639 3442 aliquo
660 3353 766 3440 gradu
787 3356 821 3420 in
842 3354 977 3436 artibus,
999 3354 1146 3439 exceptis
1167 3352 1509 3435 mathematieslibust,
1537 3352 1634 3441 loyce
1656 3353 1773 3420 Hesbri

355 3467 387 3522 et
407 3455 621 3543 politicorum,
648 3462 774 3518 tenetur
796 3475 869 3518 cem
892 3451 1006 3518 audire
1027 3454 1061 3516 in
1081 3449 1177 3534 libro,
1199 3453 1255 3537 qui
1275 3451 1402 3538 legitur,
1428 3475 1501 3518 cum
1522 3453 1705 3540 diligencia,
1728 3455 1774 3518 sic

357 3554 445 3642 quod
465 3563 531 3618 tres
554 3552 712 3618 lecciones
732 3551 908 3617 inmediete
931 3574 966 3616 se
987 3560 1157 3637 sequentes
1179 3552 1248 3616 sine
1269 3573 1368 3616 causa
1387 3551 1575 3617 rationabili
1594 3576 1658 3619 non
1677 3551 1772 3640 negli-

356 3664 415 3741 gat
434 3675 494 3718 nec
520 3650 580 3716 sub
603 3673 670 3715 una
689 3651 770 3717 hore
790 3649 873 3715 duas
897 3649 1056 3715 lecciones
1075 3648 1205 3733 babeat,
1228 3649 1287 3714 sub
1309 3673 1415 3736 poena
1435 3673 1501 3715 non
1520 3653 1772 3740 compntacionis

314 3754 453 3820 toistius
472 3750 548 3816 libri
569 3749 678 3816 totalis
700 3749 752 3814 vel
772 3748 934 3836 percielis.
973 3748 1064 3814 Idem
1088 3749 1281 3836 intelligitur
1301 3748 1343 3814 de
1364 3751 1561 3816 exerciciis.⁴

758 3919 808 3980 27.
828 3932 875 3979 ne
895 3931 995 3982 nono
1018 3933 1193 3982 souveum
1213 3931 1360 3980 rss‘run.

850 4049 911 4114 ιιι.
930 4064 954 4101 ι
973 4051 1011 4102 st.
1031 4049 1071 4102 so.
1089 4050 1130 4112 re,
1147 4051 1171 4102 e.
1193 4051 1234 4111 so,
1252 4051 1276 4102 o.

440 4165 523 4230 Item
544 4163 680 4230 audiens
703 4161 844 4252 aliquem
870 4162 1044 4230 leccionem
1065 4164 1119 4230 vel
1147 4164 1342 4230 exercicium
1370 4187 1432 4252 pro
1460 4165 1565 4252 gradu
1592 4167 1626 4231 in
1654 4163 1772 4230 artibus

359 4275 391 4332 ct
411 4265 468 4354 qui
488 4274 537 4330 est
557 4261 740 4346 solvendo³‚
769 4264 925 4350 magistro
952 4264 1072 4351 legenti
1092 4263 1145 4328 vel
1170 4261 1351 4351 disputanti
1371 4263 1431 4329 snb
1452 4263 1596 4331 leccione
1617 4264 1669 4330 vel
1688 4285 1772 4330 exer·

437 4500 449 4551 l
469 4514 515 4552 cn
533 4495 570 4550 iet
586 4495 800 4570 nacbgetragen.

435 4586 451 4636 2
471 4581 525 4634 Am
543 4579 640 4636 Raude
657 4582 742 4638 steht:
764 4583 841 4636 [den
857 4583 1024 4652 intella'pitur
1040 4583 1075 4634 de
1091 4581 1243 4636 mercidis.

436 4671 451 4720 3
469 4663 529 4719 Des
539 4663 621 4718 Wort
637 4665 674 4720 ist
691 4665 754 4722 sehr
770 4667 926 4739 sbgclriimt
941 4665 998 4722 und
1014 4663 1101 4720 daber
1116 4663 1194 4722 nicht
1210 4663 1301 4720 sicher
1311 4663 1475 4734 ermen,
1487 4663 1559 4722 docb
1572 4666 1629 4740 νεὶ
1641 4665 1685 4722 die
1694 4666 1769 4720 Διιιιι

359 4767 394 4806 ιιι
409 4749 463 4804 den
480 4765 516 4804 an
531 4747 620 4804 dieser
633 4749 787 4806 Redaction
805 4751 958 4822 genorigen
975 4749 1085 4804 Stoutto
1102 4749 1226 4820 moola
1244 4749 1285 4810 ΙΙ,
1304 4753 1329 4804 t.

386 4919 392 4932 .
436 4833 534 4891 tVon
551 4837 675 4904 spliterer
690 4833 774 4889 Hand
792 4835 989 4908 binsugefigt:
1023 4835 1081 4890 aiei
1092 4853 1146 4906 pa·
1160 4835 1363 4905 &mmm
1378 4833 1531 4904 facultatis
1549 4853 1610 4893 cun
1632 4836 1672 4892 sis
1686 4833 1771 4905 fimi

438 4962 601 5072 oneng·
619 5017 676 5056 we
691 5000 737 5058 eu
752 5000 928 5076 Abkunung
951 5001 997 5056 se
1012 4999 1058 5058 eu
1073 5001 1196 5076 snum
1215 5021 1247 5058 u
1270 5000 1458 5074 mutem,
1481 5004 1575 5074 oste
1598 5003 1638 5060 ut
1660 4999 1766 5058 neue
