3758 6072
483 493 568 546 Dritts
585 493 855 556 Statntenredaction,
875 507 927 544 von
949 489 1136 548 totth-1490.
1460 495 1519 558 379

161 765 186 816 3.
208 763 347 816 nultus
364 759 770 822 STATUTENBEDAOTION,
788 762 857 814 AUS
876 763 951 812 DEM
971 761 1088 814 onaan
1109 760 1195 822 14111),
1213 761 1279 812 Ml'l'
1297 760 1448 813 ZUSATZ·

494 836 746 898 anscuudssuu
764 847 820 896 BlS
839 845 910 898 UMS
932 846 1025 898 JAHR
1044 844 1130 896 1190.ι

322 989 381 1082 [Bl.
405 991 457 1080 3.]
482 992 592 1060 Ordo
613 1001 866 1060 statutorum
889 993 1111 1060 facultatis
1132 991 1297 1057 arcium.

358 1144 469 1210 Primo
545 1143 836 1210 Decanandum
864 1146 933 1210 sive
955 1144 1149 1210 eleccionem
1169 1143 1284 1208 decani
1305 1143 1392 1208 novi.

360 1243 507 1310 Secundo
543 1242 753 1309 Decanum
775 1256 807 1310 et
829 1267 911 1332 quae
932 1243 975 1311 ad
994 1245 1098 1331 ipsius
1120 1251 1269 1330 spectent
1289 1241 1439 1306 officium.
1539 1249 1556 1302 5

360 1344 477 1409 Tereio
545 1342 776 1430 Magistros
816 1343 1005 1410 volentes
1045 1343 1167 1408 assumi
1206 1341 1257 1408 ad
1296 1339 1518 1406 consilium

590 1441 763 1510 facultatis.

360 1540 485 1621 Quarto
545 1541 769 1628 Magistros
791 1543 966 1609 existentes
988 1544 1030 1607 in
1053 1539 1230 1608 oonsilio
1251 1539 1426 1606 facultatis.

360 1640 481 1723 Quinto
546 1641 771 1728 Magistros
801 1665 935 1707 omnes
960 1640 1274 1722 indifferenter,
1300 1649 1368 1704 tam
1387 1660 1450 1724 quo
1473 1636 1516 1702 ad

589 1739 846 1829 disputacionem
857 1742 1056 1808 ordinariam
1067 1752 1099 1806 et
1110 1737 1403 1806 extraordinariam
1417 1759 1513 1824 quam
1525 1745 1556 1801 10
1657 1751 1660 1757 ·

591 1862 655 1927 quo
677 1841 720 1904 ad
739 1840 897 1908 lecolones
920 1840 1075 1928 legendas
1095 1837 1256 1904 taxandae
1270 1847 1302 1904 et
1316 1836 1517 1904 honestatem

591 1940 625 2003 in
646 1941 793 2006 omnibus
816 1940 1019 2007 servandam.
1120 1977 1124 1988 ·

363 2037 463 2104 Sexto
546 2039 877 2125 Magistrandos,
916 2039 1040 2106 seilicet
1079 2059 1163 2125 quae
1197 2035 1311 2104 audire
1343 2045 1374 2101 et
1407 2035 1515 2100 facere

593 2146 743 2204 tenentur
756 2149 831 2205 ante
846 2161 981 2206 examen
1003 2147 1034 2204 et
1054 2145 1129 2225 post
1148 2158 1259 2202 eorum
1278 2135 1517 2201 admissionem.

361 2235 507 2324 Septimo
547 2236 811 2304 Baccalarios
833 2241 955 2304 areium
975 2247 1107 2304 nostrae
1122 2235 1343 2301 universitatis
1361 2243 1393 2299 et
1413 2234 1557 2299 aliun-15

590 2335 631 2402 de
651 2340 845 2404 venientes.²

361 2435 486 2501 Octavo
548 2434 911 2521 baccalariandos,
933 2459 1017 2526 quae
1038 2443 1187 2501 tenentur
1208 2433 1322 2500 andire
1343 2443 1375 2500 et
1396 2434 1512 2500 iurare.

359 2535 453 2600 Nono
546 2534 768 2622 Pauperes,
791 2537 846 2623 qui
861 2536 975 2602 volunt
995 2545 1106 2623 petere
1127 2535 1347 2600 dimissionem
1365 2531 1417 2599 vel
1438 2533 1517 2599 dila-

588 2636 708 2701 tionem
728 2635 856 2701 bursae.

358 2733 496 2799 Decimo
545 2733 846 2800 Promovendos
874 2755 1011 2800 omnes
1038 2756 1100 2821 quo
1127 2731 1171 2798 ad
1196 2731 1262 2814 illa,
1288 2753 1373 2818 quae
1405 2729 1561 2797 audire20

591 2843 624 2898 et
652 2833 709 2900 ubi
741 2844 829 2900 stare
862 2831 982 2898 debent
1010 2844 1043 2898 et
1073 2831 1234 2921 quomodo
1266 2829 1429 2918 complere
1461 2852 1521 2917 pro

591 2932 706 3018 gradu.

88 1987 222 2054 statuta
242 2012 327 2076 quae

116 2089 302 2177 respiciunt

129 3129 241 3198 Ordo
263 3141 302 3198 et
321 3131 542 3198 distinctio
565 3133 778 3220 temporis,
803 3134 845 3197 in
866 3153 940 3220 qno
961 3128 1134 3218 expedit
1154 3129 1296 3216 legere
1323 3137 1484 3194 statuta

88 3231 210 3295 iuxta
236 3233 544 3318 praescriptam
565 3230 872 3297 ordinacionem
898 3252 984 3296 cum
1005 3231 1293 3316 assignaoione
1315 3227 1518 3293 foliorum.

129 3396 244 3462 Primo
274 3397 382 3484 posita
411 3397 590 3487 respicimst
625 3397 848 3464 decanaudum
883 3405 915 3462 et
945 3395 1010 3482 legi
1043 3394 1163 3461 debent
1181 3417 1241 3482 per
1263 3394 1419 3460 decanum
1442 3399 1561 3458 tem-25

171 3519 254 3584 pore
276 3496 445 3562 eleccionis
468 3500 544 3564 novi
566 3497 690 3582 decani,
712 3497 787 3562 folio
809 3497 912 3584 primo
935 3494 1033 3576 (tilii.

109 3597 150 3661 2⁰
171 3597 291 3682 posita,
322 3595 480 3662 decanum
505 3599 735 3685 respiciencia,
763 3606 887 3663 tenetur
915 3595 1052 3682 quilibet
1072 3596 1214 3662 decanus
1235 3596 1320 3661 scire
1340 3603 1372 3660 et
1398 3616 1457 3682 per
1485 3613 1520 3657 se

169 3696 281 3781 legere
302 3698 427 3762 ratione
448 3696 555 3781 oflicii,
576 3694 628 3762 fol.
651 3697 694 3764 2⁰
715 3696 792 3782 (4⁸).

109 3795 150 3862 3⁰
171 3796 281 3882 posita
306 3797 480 3883 magistros
508 3797 551 3863 ad
581 3795 751 3864 consilium
784 3796 995 3864 assumendos
1024 3797 1206 3882 tangencia,
1238 3805 1270 3862 et
1302 3794 1422 3862 debent
1452 3793 1517 3880 legi

168 3903 317 3982 tempore
340 3897 572 3984 assumptionis
595 3919 707 3962 eorum
730 3895 773 3960 ad
794 3895 963 3962 consilium
984 3895 1160 3979 facultatis,
1178 3895 1255 3963 folio
1276 3896 1318 3964 3⁰
1340 3892 1374 3984 (5
1382 3895 1421 3984 ¹³).
1525 3901 1559 3958 ³⁰
1625 3931 1633 3952 ι

108 3995 149 4060 4⁰
169 3995 386 4082 respicienoia
406 3997 579 4082 magistros
598 3997 633 4062 in
654 3995 786 4063 oonsilio
808 3999 994 4079 existentes,
1015 4007 1047 4062 et
1068 3993 1188 4062 debent
1208 3995 1250 4061 ab
1272 3994 1354 4081 ipsis
1376 3995 1462 4078 sciri,
1481 4003 1517 4059 ut

169 4093 347 4160 secundum
370 4117 409 4161 ea
429 4095 560 4180 faciant,
583 4095 637 4162 fol.
660 4097 702 4164 3⁰
723 4098 796 4176 (5¹²).

173 4335 181 4382 1
205 4327 248 4382 rm
265 4325 391 4399 original
410 4327 541 4384 aunan.
575 4329 639 4401 νει.
657 4311 794 4386 urlani.
813 4325 937 4396 oneres,
960 4325 989 4382 s.
1008 4332 1058 4384 seo
1074 4326 1112 4399 fg.
1148 4325 1287 4382 nassa
1304 4325 1354 4381 sss
1379 4327 1420 4382 aa
1443 4326 1515 4382 zes-

87 4429 215 4484 grenaen,
238 4409 383 4467 innerhalb
401 4412 518 4469 welches
535 4413 594 4469 ihre
611 4411 774 4484 Abfassung
793 4410 863 4481 falls,
887 4411 932 4467 die
949 4409 1037 4468 Jahre
1059 4417 1122 4468 1167
1140 4409 1198 4466 und
1220 4415 1282 4466 1472
1308 4409 1516 4483 nachgewiesen

87 4495 116 4548 in
133 4497 185 4552 den
202 4511 292 4550 neuen
309 4495 458 4568 Boinagsn
476 4497 503 4553 S.
523 4502 564 4553 81.
591 4500 646 4553 Am
663 4495 953 4552 wahrscheinliehsten
970 4497 1007 4551 ist
1022 4497 1073 4552 das
1090 4496 1225 4552 Semester
1245 4501 1337 4566 14711,
1359 4512 1401 4550 wo
1417 4493 1516 4551 Iohan-

87 4595 134 4634 nes
151 4579 366 4650 Hertemberger
388 4579 424 4636 de
448 4581 574 4653 Elbogen
593 4583 691 4638 Decan
708 4598 772 4636 war.
801 4580 866 4653 Vgl.
888 4587 975 4636 unten
1002 4581 1047 4636 die
1071 4583 1153 4636 Anm.
1176 4597 1212 4634 zu
1230 4579 1263 4648 V,
1281 4586 1322 4638 ²3.
1353 4579 1515 4652 Antiqniert

88 4662 147 4718 sind
168 4662 244 4718 diese
263 4662 391 4719 Statuten
410 4664 446 4719 im
464 4665 551 4721 Jahre
571 4671 641 4722 1499.
668 4666 733 4738 Vgl.
753 4665 890 4722 Urknndl.
910 4665 1025 4731 Quellen
1052 4665 1079 4722 S.
1099 4669 1156 4721 835.
1191 4662 1245 4720 Die
1268 4663 1445 4736 Beaifferung
1468 4662 1516 4718 der

87 4745 286 4819 Peragraphen
302 4747 339 4802 ist
352 4765 405 4804 von
422 4749 481 4818 mir,
502 4750 548 4806 die
566 4749 772 4822 Abtbeilungen
789 4751 857 4805 aber
874 4748 936 4804 sind
952 4749 997 4804 bis
1013 4751 1040 4806 V
1057 4767 1102 4805 am
1118 4749 1215 4804 Raude
1231 4747 1341 4821 gestihlt
1353 4749 1456 4820 primo,
1475 4749 1515 4816 ²⁰,

87 4833 127 4886 ³⁰.
147 4831 210 4888 Von
227 4833 254 4888 V
266 4849 303 4886 en
319 4829 383 4888 hort
400 4831 460 4888 ihre
476 4833 652 4905 Bexiffsnmg
671 4835 727 4890 auf.
755 4835 893 4890 aneilen
909 4832 1003 4890 finden
1020 4833 1080 4890 sich
1097 4833 1170 4890 auch
1187 4834 1348 4906 Zithlnngen
1366 4833 1416 4888 der
1432 4831 1516 4887 Para-

88 4915 218 4986 graphen,
240 4915 313 4972 doch
332 4934 384 4972 nur
400 4917 487 4974 selten
506 4919 557 4973 mit
572 4919 622 4974 der
636 4919 774 4991 moinigan
795 4918 1064 4976 tibereinstimmend.

170 5004 186 5055 2
203 4999 391 5057 Geschrieben
408 5000 481 5058 steht
497 5004 672 5059 amineam.

88 5163 146 5220 iffi
170 5087 185 5138 ³
203 5082 259 5140 Die
275 5084 304 5140 in
322 5083 484 5142 Klammern
503 5086 717 5160 gesehlossenen
740 5085 843 5143 Zitfern
863 5087 1010 5143 verweisen
1028 5085 1081 5142 auf
1096 5085 1140 5142 die
1157 5105 1212 5143 von
1230 5085 1283 5140 mir
1298 5084 1420 5157 befolgte
1431 5083 1519 5140 Blatt—

149 5183 213 5241 ung.
