3794 6066
804 500 854 550 Die
874 501 992 552 Statutan
1009 518 1071 554 vom
1088 503 1170 552 dabre
1192 507 1262 568 15⁴8,

524 749 548 800 a.
584 750 645 800 ors
665 749 737 802 vos
759 752 901 804 nanzoc
920 755 1055 807 uomrz
1073 746 1327 808 snsrtrmrau
1345 754 1537 808 suasurus

884 855 948 893 vom
964 841 1048 891 Jahre
1065 840 1156 892 1⁵4³st

409 945 576 1014 Statuta
607 949 916 1020 Universitatis
937 954 1219 1022 Scholasticae
1244 954 1457 1041 Lipsicae,
1483 965 1640 1021 renovata
1662 977 1747 1020 anno

326 1042 490 1110 MDXLH
502 1047 624 1132 salutis,
644 1050 853 1118 illustrissimi
873 1056 1030 1143 principis
1045 1078 1084 1121 ae
1099 1055 1221 1120 domini
1241 1054 1447 1138 Mauritii,
1468 1055 1559 1121 ducis
1572 1054 1746 1137 Saxoniae,

299 1141 509 1231 standgravii
531 1147 730 1236 Thuringiae
763 1175 803 1218 ac
822 1153 948 1220 Misnae
975 1155 1185 1238 marchionis,
1220 1153 1342 1220 domini
1365 1156 1468 1221 nostri
1495 1154 1747 1236 clementissimi,

326 1246 443 1331 primo,
455 1255 580 1314 rectore
590 1248 634 1314 Μ.
652 1251 798 1339 Casparo
813 1253 957 1320 Bornero
973 1255 1153 1342 Haynensi,
1173 1253 1354 1340 theologiae
1368 1253 1548 1338 licenciam,
1570 1277 1591 1320 a
1609 1263 1747 1342 quatuor

326 1345 510 1412 nationibus
543 1349 685 1416 eiusdem
718 1351 800 1417 XllI
825 1353 893 1420 cal.
922 1353 1026 1442 April.
1053 1353 1184 1441 publice
1212 1354 1342 1420 decreta
1376 1363 1408 1420 ct
1441 1363 1556 1441 postea
1586 1355 1746 1442 principis

327 1443 471 1509 eiusdem
505 1449 702 1516 authoritate
734 1451 946 1540 comprobata
978 1455 1131 1541 iussuque
1159 1453 1325 1543 publicata
1353 1454 1383 1519 d.
1415 1461 1461 1523 16.
1496 1451 1631 1520 calend.
1665 1451 1744 1540 Maij

324 1540 557 1631 MDXLIII,
585 1551 787 1638 principatus
808 1553 848 1616 Il.
877 1552 1002 1620 Horum
1022 1555 1122 1640 igitur
1144 1563 1337 1620 statutorum
1357 1577 1452 1619 usum
1472 1561 1504 1618 et
1527 1555 1745 1618 conservatio-

286 1649 398 1706 tonem
424 1643 558 1712 florente
586 1649 723 1716 ecclesia
744 1651 866 1717 Christi
895 1632 928 1717 cl
957 1651 1127 1740 republica
1154 1652 1341 1720 diuturnam
1367 1663 1398 1719 et
1423 1653 1549 1718 felicem
1578 1675 1650 1718 esse
1668 1653 1747 1718 velit

326 1739 411 1808 filius
432 1743 501 1828 dei,
522 1749 578 1835 qui
600 1748 714 1815 sedens
736 1751 779 1816 ad
800 1751 948 1818 dextram
969 1755 1072 1840 patris
1094 1756 1217 1819 aeterni
1239 1753 1296 1819 dat
1316 1754 1403 1820 dona
1423 1752 1572 1820 omnihus
1594 1761 1626 1817 et
1646 1751 1746 1818 ecclc-

236 1851 249 1866 ‘
325 1843 491 1910 siasticam
503 1869 542 1912 ac
563 1849 691 1916 civilem
712 1851 1024 1918 administrationem
1044 1852 1196 1938 custodit,
1218 1864 1315 1941 auget
1335 1864 1367 1919 et
1386 1863 1489 1937 ornat,
1512 1853 1564 1918 cui
1575 1853 1618 1918 sit
1631 1851 1745 1940 gloria,

279 2015 282 2034 1
330 1939 411 2027 laus,
433 1943 543 2032 honor,
565 1951 704 2017 victoria
724 1953 929 2040 sempiterna.
963 1951 1077 2018 Amen.

905 2153 1120 2202 PROOEMIUM.

284 2247 316 2306 ts
408 2243 504 2311 Nulla
524 2269 576 2313 res
597 2248 729 2335 publica
750 2252 968 2340 cuiuscunque
989 2254 1136 2342 eorporis
1158 2253 1227 2318 sine
1248 2251 1375 2339 legibus
1396 2261 1453 2318 aut
1471 2254 1597 2318 institui
1615 2263 1673 2319 aut
1691 2252 1746 2318 du·

324 2362 397 2407 rare
418 2354 541 2432 potest,
570 2348 755 2436 dictumque
776 2362 825 2417 est
842 2353 1026 2439 praeclare,
1055 2353 1168 2418 ordine
1188 2361 1220 2417 et
1239 2352 1311 2439 lege
1330 2376 1439 2419 rerum
1465 2353 1564 2418 etiam
1591 2353 1747 2418 universi-

327 2451 425 2508 tatem
446 2445 631 2531 gubernari.
672 2449 745 2515 Non
774 2461 881 2516 autem
908 2452 982 2518 latis
1012 2452 1107 2519 modo
1134 2452 1261 2540 legibus
1281 2475 1396 2518 verum
1417 2461 1450 2517 et
1471 2451 1633 2518 interdum
1654 2451 1747 2518 abre

326 2543 412 2628 gatis
432 2555 464 2609 ct
482 2550 615 2613 mutatis
636 2571 718 2637 opus
740 2560 804 2634 est,
826 2575 898 2616 oum
919 2577 972 2618 res
989 2565 1020 2618 et
1041 2564 1189 2640 tempora
1207 2553 1291 2619 forte
1312 2550 1377 2617 alia
1396 2551 1484 2617 facts
1503 2551 1632 2616 fuerint
1673 2551 1745 2616 Non

326 2642 411 2706 enim
433 2645 624 2733 simpliciter
646 2647 750 2736 leges,
773 2651 829 2716 sed
850 2655 1076 2718 convenientes
1096 2664 1128 2718 et
1148 2663 1246 2741 aptae
1266 2651 1457 2734 laudantur,
1483 2651 1537 2717 vel
1557 2650 1620 2716 hae
1640 2651 1746 2738 potius

284 2739 416 2812 msulae
437 2767 497 2831 pro
519 2746 646 2834 legibus
666 2748 836 2816 habendae
858 2761 939 2816 sunt.
983 2751 1065 2819 Cum
1084 2753 1185 2840 igitur
1214 2752 1451 2817 illustrissimus
1480 2753 1634 2839 princeps
1655 2751 1746 2815 Mau·

322 2841 433 2925 ritius,
462 2843 529 2910 dux
547 2845 711 2914 Saxoniae
730 2859 807 2934 etc,
836 2853 988 2939 princeps
1013 2861 1121 2918 noster
1142 2851 1425 2935 clementissimus,
1453 2849 1746 2932 animadvertisset,

321 2941 565 3011 universitatem
577 2946 803 3015 scholasticam
817 2974 920 3034 suam,
941 2951 1074 3038 Lipsiae
1094 2951 1257 3038 quondam
1278 2975 1299 3017 a
1318 2949 1496 3018 maioribus
1517 2951 1640 3037 ipsius²
1661 2949 1746 3014 divis

324 3042 529 3132 principibus
550 3046 740 3114 collocatam
761 3059 793 3116 et
812 3051 981 3117 firndatam
1003 3063 1035 3117 et
1055 3053 1158 3120 veteri
1180 3052 1268 3116 fama
1287 3050 1458 3138 dignitatis
1479 3060 1576 3136 atque
1596 3049 1746 3137 splendo-

323 3141 369 3206 ris
390 3142 565 3230 celebrem,
594 3148 646 3214 his
673 3149 872 3238 temporibus
898 3151 1138 3218 instauracione
1157 3151 1320 3238 indigere,
1352 3151 1460 3216 statim
1488 3149 1546 3215 ubi
1573 3151 1747 3216 commissa

281 3245 452 3309 25summa
475 3245 539 3334 ipsi
567 3270 676 3313 rerum
702 3250 778 3333 fuit,
804 3250 884 3316 nihil
909 3253 999 3339 prins
1022 3274 1125 3337 neque
1146 3253 1309 3339 antiquius
1331 3250 1425 3316 duxit
1444 3249 1665 3338 pulcherrima
1686 3249 1748 3315 hac

323 3348 356 3405 et
383 3342 597 3412 saluberrima
633 3371 710 3414 cura
743 3351 986 3418 universitatem
1017 3351 1241 3418 scholasticam
1270 3373 1363 3416 suam
1389 3373 1454 3415 non
1484 3349 1587 3416 solum
1619 3371 1746 3415 conser-

322 3441 422 3508 vandi
451 3444 508 3524 scd
535 3449 633 3513 etiam
661 3449 883 3537 amplificandi
905 3461 936 3516 et
956 3454 990 3516 in
1009 3451 1174 3519 mehorem
1195 3449 1512 3539 splendidiorcmque
1534 3449 1674 3514 formam
1696 3472 1745 3514 re-

324 3540 467 3628 digendi,
489 3557 617 3612 secutus
640 3557 671 3613 et
692 3551 726 3614 in
747 3550 808 3616 hoe
829 3552 970 3638 optimus
992 3561 1023 3616 et
1043 3553 1343 3638 praestantissimus
1363 3551 1516 3638 princeps
1538 3547 1741 3614 voluntatem

324 3661 363 3705 ac
392 3643 535 3710 studium
560 3646 673 3712 divae³
700 3651 874 3716 memoriae
902 3651 1006 3736 patris
1033 3653 1096 3734 sui,
1126 3651 1294 3716 fortissimi
1322 3659 1354 3715 ct
1381 3649 1552 3714 clarissimi
1588 3648 1746 3737 principis

282 3739 483 3825 ³0Heinrici,
505 3745 560 3830 qni
582 3748 757 3832 statuisset,
780 3747 947 3814 doctrinae
970 3759 1003 3814 et
1025 3749 1180 3816 bonarum
1201 3752 1321 3816 artium
1339 3771 1378 3816 ac
1400 3747 1579 3814 studiorum
1600 3749 1745 3815 humani·

323 3841 400 3905 tatis
429 3841 548 3908 cultum
570 3845 604 3910 in
630 3849 808 3934 praecipua
834 3848 1033 3936 reipublicae
1054 3859 1147 3937 parte
1168 3850 1353 3939 ponendum
1375 3870 1455 3914 esse.
1493 3847 1608 3935 Itaque
1628 3847 1672 3914 ad
1693 3870 1746 3912 ne·

322 3943 482 4007 caesarias
509 3945 674 4032 impensas
700 3947 896 4034 locupletata
926 3949 1136 4015 universitate
1164 3950 1365 4032 scholastica,
1399 3945 1627 4014 liberalissime
1653 3947 1748 4014 iussit

324 4039 561 4109 illustrissimus
581 4047 735 4135 princeps
754 4056 863 4112 noster
876 4047 1058 4131 Mauritius,
1081 4061 1116 4115 ut
1137 4049 1177 4114 de
1198 4051 1318 4136 optimo
1340 4048 1481 4136 quodam
1504 4045 1561 4112 illa
1582 4055 1670 4112 statu
1691 4069 1747 4112 suo

326 4138 521 4209 deliberaret
541 4144 614 4232 ipsa
635 4156 666 4211 et
686 4144 861 4212 laudabilis
881 4147 1171 4216 administrationis
1193 4149 1339 4215 ordinem
1361 4148 1574 4213 strationem
1596 4147 1696 4212 iniret
1716 4157 1749 4212 ct

281 4239 553 4309 ³5deliberataac
565 4247 738 4312 constituta
758 4246 932 4334 principali
951 4249 1126 4334 cognitioni
1146 4247 1284 4314 offerret.
1316 4247 1414 4330 Quod
1434 4255 1607 4335 postquam
1626 4247 1747 4312 lachim

323 4341 393 4423 fuit,
414 4364 488 4406 cum
508 4352 594 4409 recte
623 4357 654 4410 et
682 4350 715 4414 in
744 4349 928 4434 praesentia
955 4349 1064 4412 omnia
1082 4347 1204 4412 utiliter
1227 4347 1373 4413 consulta
1392 4356 1425 4412 et
1444 4355 1565 4412 statuta
1585 4369 1656 4412 esse
1676 4368 1747 4434 per-

326 4443 490 4528 sparsisset
497 4493 506 4527 ,
536 4445 660 4510 remisit
686 4447 891 4513 universitati
910 4447 966 4512 illa
990 4446 1200 4514 scholasticae
1222 4447 1412 4513 confirmata
1433 4449 1608 4514 autoritate
1628 4445 1747 4534 princi·

393 4682 404 4732 1
424 4677 485 4732 Das
503 4677 629 4749 Original
651 4679 687 4734 ist
708 4677 896 4750 gegennttrtig
920 4677 997 4734 nieht
1022 4677 1099 4734 mehr
1122 4677 1289 4735 vorhandcn.
1324 4679 1387 4750 Vgl.
1413 4675 1605 4735 Urkundliohe
1631 4675 1748 4743 Quctlen

323 4759 350 4816 S.
370 4767 426 4817 609.
463 4761 501 4815 Es
518 4762 554 4816 ist
570 4761 637 4817 aber
654 4761 845 4818 absehriftlich
863 4761 987 4818 erhalten
1006 4762 1035 4816 in
1051 4761 1078 4817 J.
1097 4761 1124 4817 J.
1142 4763 1245 4834 Vogels
1260 4761 1454 4819 Collectaneen
1471 4762 1522 4816 Bd.
1539 4763 1573 4818 V.
1591 4761 1620 4817 S.
1640 4767 1690 4818 578
1708 4760 1748 4832 fg.

323 4843 376 4900 auf
390 4845 439 4900 der
456 4844 603 4918 Leipziger
622 4846 864 4903 Rathsbibliothek
888 4849 956 4918 Rep.
975 4848 1016 4903 Vl
1040 4846 1098 4901 Fol.
1120 4851 1158 4902 16.
1199 4847 1252 4902 Die
1269 4847 1414 4903 Abschrift
1436 4846 1557 4902 erweckt
1580 4844 1688 4902 heilich
1713 4861 1748 4898 an

324 4927 433 5000 einigen
453 4927 557 4985 Stellcn
574 4930 750 5000 Misstrauen,
768 4931 804 4984 im
818 4931 1008 5003 Allgemeinen
1027 4930 1093 4984 aber
1109 4931 1176 4985 darf
1190 4949 1253 4986 man
1273 4933 1312 4988 sie
1331 4932 1377 4986 fiir
1393 4947 1485 5001 genau
1502 4931 1597 4986 holten
1638 4931 1749 5000 Augen·

325 5012 490 5068 scheinlichc
514 5013 654 5070 Versehsn
669 5015 744 5070 habe
763 5014 807 5070 ich
825 5016 876 5070 mir
892 5015 1001 5072 erlaubt
1019 5013 1248 5086 stillschweigend
1270 5034 1305 5072 zu
1335 5015 1509 5084 verbessern;
1536 5031 1578 5069 wo
1602 5012 1648 5068 ich
1672 5010 1750 5068 nicht

324 5113 397 5168 ganz
416 5098 505 5154 sicher
523 5115 593 5165 war,
612 5096 685 5154 habe
701 5097 747 5152 ich
763 5097 889 5170 dagegen
913 5099 958 5155 dic
975 5097 1167 5153 abweiohende
1186 5099 1286 5154 Lesart
1309 5099 1337 5154 in
1359 5099 1412 5155 den
1431 5098 1649 5170 Anmerkungen
1666 5113 1748 5168 ange

323 5178 419 5250 geben.
576 5188 591 5238 2
610 5183 682 5253 ipsis
699 5181 742 5238 bei
761 5183 858 5255 Vogel.
1011 5187 1027 5238 3
1046 5182 1159 5237 divinoe
1176 5182 1273 5254 Vogel.
