3794 6066
698 419 815 470 Libellus
834 422 992 471 formulario.
1493 429 1551 490 117

135 603 252 670 ibidem
281 601 439 692 periculis
468 623 629 688 exponere
654 600 708 667 vel
736 601 875 690 aliquem
901 625 943 668 ex
964 603 1046 690 ipsis
1065 601 1250 668 ludentibus
1271 602 1371 668 verbo
1392 604 1445 668 vel
1465 605 1551 671 facto

134 703 305 768 molestare
334 725 392 767 seu
418 700 578 767 offendere
604 711 799 788 praesumat.
844 701 913 768 Sub
939 705 1035 768 nnius
1061 703 1174 768 floreni
1202 725 1321 789 poena,
1350 705 1552 772 universitati

134 801 405 868 irremissibiliter
425 798 650 888 persolvenda,
672 822 796 866 necnon
817 803 1092 885 incarcerationis,
1115 825 1174 890 per
1195 802 1406 868 circulatores
1429 803 1552 872 adhoc

133 901 306 991 deputatos
328 900 467 967 fideliter
489 899 687 990 exequenda
729 899 853 966 Datum
872 911 1057 969 rectoratus.
1073 911 1131 966 etc.

257 1109 308 1172 67.
341 1119 534 1168 mortun
554 1119 682 1167 nscnnr
707 1117 775 1166 rao
797 1119 975 1169 mraarno
998 1119 1506 1170 nm1annrann1srnnar1onns
1562 1117 1578 1170 ⁵

353 1218 566 1266 oxoniarum
586 1219 630 1266 nr
652 1218 849 1267 snaormiu
871 1219 1151 1280 murmuraque
1175 1220 1410 1270 osanavxuns.

211 1353 267 1418 Ex
292 1373 357 1440 quo
385 1349 522 1416 facultas
552 1353 670 1416 artium
690 1349 731 1416 de
753 1351 901 1438 profectu
923 1375 962 1418 ac
982 1351 1145 1417 fructuoso
1167 1351 1289 1434 studio,
1317 1352 1439 1418 salubri
1461 1353 1549 1418 deni-

132 1476 191 1542 que
220 1463 308 1518 statu
337 1450 445 1539 quoad
466 1459 557 1515 actus
578 1451 889 1537 exercitationesque
910 1449 1120 1516 scholasticas
1143 1452 1209 1516 suis
1231 1449 1384 1517 membris
1406 1463 1438 1517 et
1460 1452 1549 1518 scho-

131 1552 253 1618 laribus
281 1549 434 1638 vigilanti
462 1573 541 1615 cura
568 1559 600 1615 et
629 1549 844 1616 sollieitudine
870 1548 1044 1638 providere
1071 1549 1168 1615 debet
1195 1560 1227 1616 et
1254 1560 1396 1634 tenetur,
1426 1561 1549 1618 etcum

133 1652 370 1742 disputationes
390 1649 575 1717 ordinariae
597 1659 664 1714 tam
684 1651 911 1736 magistrorum
931 1673 1028 1739 quam
1047 1649 1307 1715 baccalariorum
1329 1661 1361 1716 et
1382 1653 1548 1738 signanter
1560 1663 1591 1716 to

131 1751 366 1840 disputationes
384 1747 470 1838 [292]
494 1751 656 1816 serotinae
677 1771 801 1814 necnon
818 1749 1004 1834 latinitatis,
1026 1773 1090 1840 qua
1116 1773 1194 1815 usus
1218 1749 1313 1815 facile
1337 1774 1375 1816 ac
1402 1761 1550 1840 prompte

130 1850 301 1937 eloquendi
321 1851 516 1936 acquiritur,
542 1851 694 1939 frequens
718 1849 927 1916 obseruantia
954 1852 1039 1916 inter
1061 1849 1143 1915 alios
1163 1849 1347 1916 huiusmodi
1367 1851 1551 1916 scholastici

130 1952 294 2038 gymnasii
315 1961 407 2016 actus
430 1949 574 2016 utiliores
595 1973 634 2016 ac
654 1951 884 2016 fructuosiores
907 1972 978 2015 esse
1000 1949 1225 2016 dinoscantur:
1244 1949 1381 2038 ideoque
1403 1973 1445 2016 ex
1465 1973 1549 2016 com-

132 2052 284 2117 missione
306 2059 339 2115 et
360 2049 490 2116 decreto
511 2052 742 2136 magistrorum
762 2052 860 2115 totius
882 2049 1045 2116 facultatis
1059 2049 1242 2116 antedictae
1258 2050 1392 2116 mandat
1407 2049 1548 2116 decanus

129 2150 274 2216 eiusdem
292 2149 442 2216 omnibus
464 2157 496 2214 et
515 2148 651 2236 singulis
672 2151 865 2237 suppositis,
886 2173 947 2237 pro
966 2148 1071 2236 gradu
1091 2149 1143 2215 vel
1162 2152 1342 2237 magisterii
1360 2149 1414 2214 vel
1434 2149 1591 2214 bacca-15

128 2249 264 2316 lariatus
291 2251 326 2314 in
354 2248 480 2314 artibus
507 2248 742 2336 complentibus
764 2259 820 2314 ant
839 2251 874 2314 in
895 2249 1017 2315 eisdem
1038 2249 1090 2314 vel
1112 2249 1214 2316 altero
1236 2272 1346 2316 eorum
1366 2250 1549 2336 promoveri

131 2348 346 2438 cupientibus,
368 2358 527 2436 quatenus
551 2347 784 2436 disputationes
806 2372 846 2416 ac
865 2348 1115 2416 exercitationes
1135 2349 1341 2437 supradictas
1356 2349 1550 2414 continuatis

131 2449 256 2516 vicibus
279 2448 453 2535 diligenter
473 2449 620 2530 visitant,
645 2450 679 2512 in
707 2448 829 2514 eisdem
849 2472 869 2513 a
888 2450 993 2536 primo
1015 2471 1117 2536 usque
1139 2448 1181 2513 ad
1202 2449 1299 2514 finem
1319 2449 1549 2536 permanendo,

130 2549 314 2637 ibidemque
336 2570 408 2614 sese
430 2547 624 2636 opponendo
630 2598 639 2632 ,
661 2547 906 2637 respondenda,
928 2547 1095 2636 arguendo
1117 2571 1157 2613 ac
1177 2548 1464 2616 animadvertendo
1485 2557 1549 2614 stu·

131 2649 218 2716 diose
240 2649 421 2714 exercitent
440 2657 535 2735 atque
556 2648 745 2735 proficiant,
773 2648 965 2714 latinitatem
994 2669 1121 2736 quoque
1142 2649 1261 2713 tamin
1284 2649 1428 2736 collegiis
1450 2657 1592 2738 quamto

130 2749 236 2814 bursis
257 2749 342 2813 inter
363 2745 558 2834 loquendum
580 2750 729 2815 continuo
751 2749 925 2829 observare
945 2747 1103 2814 studeant.
1143 2746 1211 2814 Sub
1239 2772 1346 2836 poena
1366 2749 1548 2838 impeditio·

130 2850 178 2914 nis
203 2869 329 2914 acuon
350 2847 562 2934 promotionis
583 2857 729 2934 tempore
750 2871 818 2916 suo.
850 2849 972 2914 Datum
985 2848 1164 2914 decanatus
1180 2848 1239 2915 sub
1253 2848 1370 2938 sigillo,
1392 2872 1477 2914 anno
1490 2860 1548 2913 etc.

220 3055 271 3118 68.
302 3065 423 3114 nouus
443 3064 637 3114 ornarrorus
658 3066 785 3118 nounu
804 3065 949 3130 uncam,
976 3065 1150 3116 usmsrao
1172 3065 1324 3116 urcouao
1348 3069 1455 3116 ruam

711 3169 759 3214 na
782 3168 814 3217 u.
837 3165 966 3214 mesas.

209 3299 279 3365 Nos
306 3297 354 3362 .N.
381 3297 499 3362 artium
529 3298 700 3384 magister,
727 3297 890 3364 facultatis
917 3297 1091 3363 earundem
1119 3299 1236 3363 artium
1254 3298 1369 3364 'almae
1390 3300 1590 3365 universi-25

129 3401 204 3465 tatis
231 3395 334 3464 studii
354 3397 544 3485 Lipczensis
570 3397 728 3481 decanus,
759 3408 870 3464 tenore
898 3399 1117 3486 praesentium
1142 3397 1182 3462 de
1203 3405 1235 3463 et
1259 3420 1301 3462 ex
1322 3400 1548 3464 commissione

131 3497 214 3588 [291’]
246 3499 387 3564 omnium
422 3506 454 3562 et
481 3495 680 3584 singulorum
707 3500 935 3586 magistrorum
965 3499 1000 3562 in
1032 3497 1195 3563 antedicta
1223 3498 1375 3563 facultate
1405 3507 1480 3564 actu
1500 3521 1548 3563 re-

130 3600 272 3686 gentium
300 3596 430 3684 publice
456 3598 648 3685 requirimus
674 3609 707 3662 et
726 3600 943 3686 peremptorie
962 3619 1128 3662 monemus
1148 3621 1224 3682 vos,
1253 3597 1422 3663 Nicolaum
1445 3597 1550 3663 Thein

130 3699 170 3764 de
189 3696 510 3785 Hilperszhawsenn,
533 3709 691 3763 assertum
711 3699 913 3784 magistrum,
934 3699 1101 3785 praefatae
1121 3707 1254 3765 nostrae
1269 3697 1433 3764 facultatis
1451 3719 1548 3762 mem·

129 3799 222 3865 bruni
249 3800 409 3881 iuratum,
435 3807 592 3886 quatenus
618 3798 704 3862 infra
730 3808 797 3864 tres
825 3797 894 3864 dies
922 3797 964 3863 ab
986 3799 1201 3866 insinuatione
1222 3799 1441 3888 praesentium
1463 3807 1591 3864 com-30

130 3897 292 3986 putandos
319 3918 429 3962 coram
453 3895 547 3962 nobis
577 3899 611 3962 in
631 3896 702 3962 loco
722 3908 853 3964 nostrae
872 3898 985 3963 solitae
1006 3899 1203 3965 residentiae
1224 3901 1258 3964 in
1280 3897 1401 3986 oppido
1421 3895 1549 3986 Lipcak

130 3999 272 4086 legitime
301 3996 515 4083 compareatis
542 3996 586 4061 ad
610 3996 808 4062 audiendum
828 3996 894 4083 legi
913 4020 953 4063 ao
973 3997 1134 4084 publicari
1154 3999 1248 4066 vobis
1270 3997 1441 4065 nonnullas
1463 3997 1547 4064 litte-

130 4121 182 4164 ras
207 4096 419 4162 illustrissimi
444 4097 603 4184 principis
632 4107 663 4162 et
691 4095 830 4179 domini,
859 4095 980 4160 domini
1003 4097 1155 4184 Georgii,
1180 4098 1272 4163 ducis
1296 4095 1460 4163 Saxoniae
1481 4108 1548 4182 etc,

132 4196 253 4263 domini
282 4197 386 4262 nostri
414 4197 568 4282 gratiosi,
597 4197 632 4260 in
657 4198 743 4262 facto
772 4195 899 4260 Nicolai
918 4195 1098 4262 Schreiters
1121 4196 1161 4263 de
1181 4197 1320 4284 Koburg
1344 4207 1377 4262 et
1395 4197 1549 4263 Andreae

129 4297 301 4364 Fmsaners
323 4293 570 4379 de'Wunsidel,
598 4305 795 4362 assertorum
816 4297 1061 4381 magistrorum,
1090 4295 1133 4361 ad
1153 4297 1397 4362 universitatem
1417 4299 1589 4380 missas,35

132 4421 171 4464 ne
199 4403 373 4486 praetextu
399 4397 602 4482 ignorantiae
630 4397 847 4461 continentiae
867 4395 1042 4460 earundem
1063 4418 1202 4484 poenam
1220 4398 1254 4461 in
1274 4395 1396 4461 eisdem
1419 4399 1548 4462 commi-

130 4507 238 4564 natam
267 4504 323 4561 aut
351 4495 447 4560 etiam
475 4505 601 4562 reatum
630 4497 783 4583 periurii,
817 4497 943 4561 ratione
970 4497 1142 4560 iuramenti
1171 4495 1376 4583 saepedictae
1402 4496 1550 4562 facultati

131 4608 262 4662 nostrae
282 4597 447 4683 praestiti,
473 4617 531 4682 per
552 4597 849 4662 contraventionem
869 4593 1111 4680 quomodolibet
1129 4597 1312 4661 incurratis.
1353 4595 1422 4661 Sub
1444 4617 1549 4682 poena

131 4705 307 4784 perpetuae
327 4696 522 4762 exclusionis
542 4719 562 4761 a
585 4695 717 4761 oonsilio
739 4695 913 4761 iamdictae
932 4694 1096 4761 facultatis
1118 4705 1257 4760 nostrae.
1293 4694 1329 4760 Si
1345 4717 1423 4761 vero
1439 4695 1546 4759 huius-

131 4795 217 4862 modi
242 4797 447 4883 requisitioni
473 4819 512 4861 ac
534 4795 744 4862 admonitioni
765 4795 996 4863 contumaciter
1017 4816 1132 4883 parere
1151 4795 1360 4882 neglexeritis
1380 4804 1436 4860 aut
1456 4803 1589 4859 recu-to

133 4897 281 4961 severitis
288 4944 298 4976 ,
320 4918 378 4960 nos
399 4895 607 4961 nihilominus
630 4899 814 4980 praesentia
835 4918 895 4982 pro
915 4896 1086 4960 insinuatis
1108 4895 1202 4962 vobis
1222 4895 1337 4960 haberi
1360 4917 1398 4959 ac
1420 4895 1546 4958 censeri

132 4995 292 5077 volumus,
326 4994 368 5059 ad
402 5017 540 5082 poenam
567 5017 693 5083 quoque
719 4997 969 5082 praescriptam,
1003 4997 1199 5060 contumatia
1227 5004 1338 5059 vestra
1363 4993 1546 5058 nullatenus

133 5094 297 5176 obstante,
334 5103 446 5159 contra
478 5117 536 5160 vos
571 5093 782 5182 procedemus
789 5145 798 5179 ,
835 5095 875 5161 de
907 5107 939 5161 et
973 5117 1071 5183 super
1098 5089 1182 5185 [30⁸]
1214 5116 1277 5182 quo
1313 5091 1442 5180 publice
1472 5115 1545 5180 pro·
