3768 6072
353 485 414 550 20⁸
926 477 981 528 Dar
998 491 1092 540 grem
1109 477 1213 542 colleg.

354 663 469 727 vivant
489 659 612 726 habere
633 681 698 724 non
719 667 878 744 potentes,
900 681 940 723 ex
958 658 1047 724 dieta
1068 657 1200 722 civitate
1220 655 1287 739 vel,
1310 658 1338 721 si
1360 656 1474 722 haberi
1495 678 1561 721 non
1582 657 1728 744 possint,
1749 679 1788 722 ex

356 763 548 848 episcopatu
570 757 733 824 Colmensi
763 755 906 838 oriundi,
958 759 991 823 ui
1020 759 1054 822 iu
1082 755 1218 841 collegio
1245 755 1364 843 aliquo,
1391 765 1424 819 01
1451 777 1516 821 101
1542 755 1638 839 alibi,
1669 765 1788 821 stantes

357 859 492 940 artibus,
518 868 551 922 et
571 880 637 923 non
658 855 753 922 alteri
773 856 932 938 facultati,
959 877 1093 945 operam
1116 854 1256 920 dabunt:
1286 877 1364 941 ergo
1386 853 1508 940 singuli
1531 875 1590 942 per
1612 857 1789 943 quinquen-

355 962 454 1041 nium,
486 956 573 1022 filius
601 966 709 1022 tamen
737 958 858 1021 sororis
887 978 967 1020 suae
992 962 1020 1020 si
1048 957 1205 1036 mittatur,
1238 955 1387 1020 1201110
1414 962 1447 1018 et
1467 954 1553 1018 ultra
1575 965 1665 1019 stare
1686 964 1790 1042 potest

314 1069 330 1124 5
357 1069 417 1124 etc.
462 1056 552 1138 Quos
574 1064 606 1120 ct
626 1054 791 1140 obligatos
810 1077 882 1120 esse
903 1054 1004 1120 voluit
1024 1063 1160 1118 testator
1184 1051 1227 1116 ad
1248 1053 1423 1118 dicendum
1446 1052 1604 1141 quottidie
1627 1053 1789 1141 psalmum

356 1153 617 1246 poenitentialem
643 1146 814 1218 ‘Miserere
844 1155 918 1235 mei,
945 1145 1045 1234 deus',
1074 1161 1223 1216 etsexta
1249 1153 1332 1217 feria
1358 1173 1473 1218 versus
1501 1152 1730 1218 defunctorum
1751 1175 1789 1217 ac

356 1254 514 1320 sabbatho
541 1251 717 1318 eorundem
747 1252 888 1338 vigilias.
933 1251 1029 1333 Quod
1056 1253 1084 1316 si
1110 1251 1183 1338 quis
1212 1251 1327 1316 talium
1356 1252 1526 1316 missorum
1559 1251 1732 1316 inhoneste
1760 1263 1790 1316 et

354 1353 555 1439 negligenter
588 1375 622 1416 00
651 1351 804 1416 habuerit
836 1351 1040 1437 monitusque
1068 1349 1119 1414 his
1148 1359 1204 1413 aut
1234 1350 1336 1415 tercio
1369 1350 1543 1415 emendare
1569 1373 1604 1415 se
1633 1352 1789 1433 omiserit,

356 1450 470 1538 repelli
499 1450 596 1516 debet
622 1459 654 1514 et
682 1449 765 1514 alius
790 1451 824 1514 in
854 1449 959 1514 locum
987 1451 1057 1513 eius
1089 1449 1280 1535 quantocius
1309 1450 1493 1534 surrogari,
1522 1448 1673 1515 similiter
1701 1460 1743 1532 et,
1765 1451 1790 1514 si

316 1553 429 1639 loquis
460 1559 535 1614 ante
561 1549 659 1613 finem
688 1550 833 1614 stanciae
862 1569 939 1613 suae
967 1557 1081 1634 sponte
1102 1549 1289 1629 recesserit,
1319 1549 1531 1613 commonitus
1558 1558 1670 1613 tamen
1699 1550 1789 1635 prins

355 1672 415 1736 per
434 1649 572 1728 litteras,
595 1671 615 1711 0
639 1648 826 1733 0100000110
856 1657 888 1710 01
916 1645 1052 1732 collegio
1078 1645 1253 1710 mittendas
1281 1645 1411 1712 domino
1437 1646 1577 1733 plebano
1600 1657 1632 1712 et
1654 1645 1789 1712 consuli·

355 1751 416 1815 hus
449 1745 646 1833 supradictis
678 1744 931 1827 Thornensibus,
965 1747 1019 1832 qui
1050 1755 1082 1809 et
1112 1745 1153 1808 de
1186 1743 1250 1808 alio
1283 1745 1377 1808 iuxta
1409 1744 1580 1832 praedicta
1613 1745 1789 1833 providere

354 1847 485 1916 habent.

438 1943 484 2008 Et
503 1942 692 2023 notandum,
721 1942 807 2028 quod
830 1943 943 2029 pocius
969 1941 1010 2006 de
1037 1941 1100 2007 eibi
1125 1939 1368 2028 quomodolibet
1395 1943 1514 2007 iunctis
1541 1944 1625 2008 mitti
1653 1953 1789 2008 testator

318 2044 430 2114 1101111
461 2063 559 2128 quarn
589 2040 681 2123 alios,
713 2042 846 2127 insuper
878 2039 964 2128 quod
992 2040 1236 2128 expedicionem
1269 2041 1510 2128 praedictorum
1541 2042 1730 2107 studentum
1760 2051 1789 2105 et

359 2141 537 2232 puellarum
559 2139 741 2224 aliquarum
763 2141 878 2226 nuptui
899 2141 932 2204 in
952 2142 1061 2226 patria
1083 2161 1142 2204 sua
1162 2139 1396 2204 tradendarum
1417 2140 1470 2205 vel
1490 2140 1789 2206 monachandarum

355 2247 427 2330 ipsc
448 2248 582 2306 testator
604 2240 638 2302 in
661 2240 745 2302 serie
767 2240 950 2303 testamenti
973 2240 1158 2325 proposuit,
1181 2238 1322 2303 undeet
1343 2237 1571 2326 principaliter
1593 2236 1786 2316 1110101111)

355 2340 504 2428 expediri
531 2337 660 2419 debere,
690 2338 793 2402 eciam
822 2337 850 2400 si
877 2359 942 2402 non
970 2347 1039 2402 tota
1066 2339 1206 2403 fortasse
1227 2336 1325 2402 cadat
1350 2340 1499 2424 pecunia,
1528 2337 1664 2403 affectus
1692 2337 1788 2401 fuisse

354 2439 490 2505 videtur.

316 2547 350 2604 10
441 2538 593 2623 Ι)0111010
614 2545 647 2600 01
669 2557 728 2622 001
750 2534 921 2620 collegium
944 2535 1109 2600 decretum
1131 2545 1189 2616 est,
1219 2557 1261 2599 ne
1282 2536 1503 2622 praepositum
1530 2537 1629 2600 nimis
1657 2537 1787 2622 gravam

356 2638 537 2722 contingat,
570 2656 674 2722 neque
705 2646 814 2698 tamen
846 2634 936 2698 fraus
968 2634 1076 2721 aliqua
1106 2655 1165 2720 per
1194 2633 1325 2720 aliquod
1354 2632 1514 2698 dictorum
1545 2636 1786 2722 suppositorum

355 2734 541 2802 notabiliter
562 2734 719 2798 committi
747 2734 866 2819 possit,
897 2733 983 2820 quod
1015 2733 1147 2798 cuilibet
1173 2733 1348 2798 eorundem
1376 2734 1564 2818 porcionem
1593 2755 1688 2797 suam
1717 2756 1787 2820 par·

357 2833 480 2898 cialiter
509 2854 567 2919 per
590 2841 727 2919 quatuor
750 2833 827 2896 anni
856 2842 966 2920 partes
993 2839 1139 2918 (accepto
1162 2831 1203 2896 ab
1229 2851 1424 2917 unoquoque
1446 2831 1657 2918 cirographo)
1687 2833 1786 2920 porri-

359 2943 416 3018 gat
437 2932 654 3019 praepositus,
677 2930 861 3017 incipiendo
883 2935 917 2996 in
938 2931 1002 2996 line
1024 2933 1150 3017 primae
1171 2941 1315 3016 quartae.
1357 2927 1402 2994 Et
1421 2937 1547 2995 tantum
1569 2931 1610 2995 de
1631 2930 1698 2997 illo.

315 3107 348 3164 25
445 3101 494 3162 64.
516 3093 576 3182 [131.
599 3091 668 3180 18⁸]
692 3112 879 3162 0111111011
902 3113 1012 3162 sorus
1034 3112 1265 3162 ounuamuno
1287 3113 1543 3162 mmvansmuo
1564 3113 1694 3164 norum

953 3211 1106 3260 00111111
1127 3208 1187 3260 etc

438 3327 533 3392 Anno
562 3327 683 3392 domini
709 3331 782 3393 1511
813 3325 874 3390 sub
902 3327 1202 3413 vicepraepcsitura
1231 3327 1380 3407 magistri
1405 3327 1591 3394 Hieronimi
1617 3329 1785 3415 Dungers·

354 3427 453 3514 heym
486 3426 526 3491 de
559 3425 770 3506 Ochsenlart,
803 3447 917 3489 sacrae
949 3425 1132 3510 theologiae
1166 3425 1377 3511 professoria,
1408 3449 1468 3512 pro
1496 3429 1655 3512 magistro
1686 3427 1786 3492 Paulo

358 3526 484 3592 Schiler
512 3525 553 3590 de
582 3522 714 3588 Plawen
742 3525 953 3610 professionis
984 3523 1125 3588 eiusdem
1149 3533 1219 3605 eu,
1248 3523 1499 3609 procurantibus
1521 3525 1608 3592 dicto
1631 3528 1786 3613 magistro

316 3625 460 3691 aoPamo
484 3634 516 3688 et
536 3623 671 3689 honesto
693 3623 763 3686 cive
784 3621 940 3687 Melchior
962 3621 1150 3704 Marcdorff,
1181 3621 1311 3687 conside
1340 3620 1434 3687 huius
1457 3624 1600 3690 civitatis
1621 3626 1786 3712 Lyptaen·

357 3727 411 3806 sis,
436 3723 538 3788 oblati
559 3732 634 3786 suut
652 3721 728 3786 huic
749 3719 885 3805 collegio
905 3733 1016 3786 nostro
1039 3722 1155 3786 maiori
1180 3720 1368 3786 1001101011
1388 3743 1583 3807 reynensses
1604 3725 1639 3788 in
1661 3733 1787 3789 moneta

355 3847 396 3889 ex
425 3831 520 3911 parte
548 3823 601 3907 pie
625 3819 767 3884 defimcti
798 3821 891 3906 mgri.
919 3819 1062 3886 Conradi
1089 3820 1278 3884 Nisemanni
1302 3818 1342 3883 de
1364 3818 1687 3908 Obernlanckheym,
1710 3822 1785 3908 dyo·

357 3925 440 3987 cesis
475 3918 739 4006 Herbipolensis,
773 3918 952 3984 medicinae
983 3918 1125 3984 doctoris
1157 3929 1215 3983 cto.
1257 3917 1322 3982 Pro
1362 3917 1478 4005 quibus
1516 3919 1559 3984 ad
1592 3922 1784 4008 peticionem

360 4020 521 4086 dictorum
544 4029 793 4105 procuratorum
815 4019 915 4105 empti
937 4028 1012 4082 sunt
1033 4017 1183 4083 51101011
1205 4039 1381 4103 reynenses
1401 4017 1586 4084 reddituum
1609 4039 1786 4085 annuorum

317 4120 404 4186 ³5ab
426 4119 560 4184 honesto
585 4119 655 4182 cive
677 4117 865 4205 praedictae
886 4119 1039 4198 civitatis,
1064 4116 1151 4182 dicto
1162 4115 1278 4180 Hanns
1299 4113 1479 4198 Hertwich,
1501 4138 1628 4182 moram
1648 4117 1786 4183 trahenti

358 4221 392 4283 in
413 4217 524 4304 platea
545 4217 715 4298 minorum,
746 4215 804 4281 sed
833 4216 974 4303 quodam
1006 4214 1127 4281 allodio
1149 4237 1208 4280 suo
1228 4224 1325 4278 extra
1350 4216 1515 4279 civitatem
1543 4239 1641 4303 super
1669 4218 1786 4282 fossato

360 4340 402 4383 011
425 4317 577 4403 opposito
598 4313 726 4401 collegii
755 4315 914 4402 principis
942 4317 1048 4401 posito
1077 4313 1118 4380 de
1144 4335 1303 4379 consensu
1329 4312 1514 4379 0010110110
1537 4325 1608 4398 etc,
1638 4325 1734 4402 prout
1753 4315 1785 4379 in

359 4417 476 4482 litteris
498 4414 639 4501 desuper
662 4413 815 4478 conlectis
837 4423 870 4477 et
891 4413 925 4478 in
946 4413 1025 4478 fisco
1047 4412 1176 4498 collegii
1197 4412 1349 4500 repositis
1371 4411 1499 4499 plenius
1521 4418 1713 4497 continetur,
1744 4412 1785 4478 ad

358 4512 590 4581 instituendum
616 4534 678 4599 pro
700 4511 787 4577 dicto
809 4512 959 4576 defuncto
988 4513 1257 4593 anniversarium,
1286 4513 1457 4598 quotannis
1479 4511 1719 4578 observandum
1745 4510 1786 4576 ad

317 4623 507 4681 1000101011
536 4610 673 4676 Paulum
702 4609 764 4676 hoc
794 4610 905 4677 modo:
946 4611 1081 4676 Fratres
1114 4610 1303 4675 monasterii
1335 4609 1479 4676 eiusdem
1513 4611 1671 4678 ecelesiae
1700 4611 1784 4676 omni

359 4735 444 4778 anno
473 4713 562 4776 circa
594 4710 710 4773 festum
740 4712 842 4774 sancti
873 4710 983 4774 Lucae
1012 4707 1232 4792 evangelistae
1262 4707 1520 4774 annuuntiabant
1553 4711 1689 4798 collegio
1722 4711 1783 4790 die,

359 4834 423 4900 quo
446 4808 543 4897 paulo
564 4819 639 4893 post
660 4807 781 4871 dictum
803 4809 919 4872 festum
942 4817 1102 4894 temptare
1124 4809 1249 4894 possint
1275 4808 1411 4894 utrique.
1453 4808 1518 4873 Ubi
1542 4821 1618 4875 tunc
1640 4811 1691 4876 die
1714 4833 1783 4874 con·

360 4911 472 4974 stituto
504 4909 648 4991 integras
681 4905 857 4971 cantabunt
884 4906 1014 4992 vigilias
1047 4919 1122 4991 post
1149 4929 1303 4993 vesperas
1336 4909 1424 4971 circa
1451 4910 1587 4974 terciam
1614 4909 1724 4974 horam
1752 4909 1783 4972 in

361 5008 448 5096 plica
476 5006 581 5086 chori,
609 5006 788 5091 praemisso
817 5028 880 5070 uno
909 5004 1043 5091 speciali
1075 5003 1171 5090 pulsu
1201 5005 1261 5070 sub
1292 5008 1455 5092 vesperis,
1486 5019 1518 5071 et
1544 5009 1657 5074 tumba
1686 5030 1784 5094 supra

319 5114 568 5174 ttmonnmento
598 5102 739 5168 del'uncti
767 5127 839 5168 cum
868 5102 974 5190 spolio
1002 5117 1031 5168 01
1059 5104 1233 5169 luminibus
1254 5107 1347 5170 iuxta
1367 5126 1490 5171 morem
1519 5115 1725 5194 praeparata,
1754 5119 1784 5170 et
