3748 6070
591 483 643 536 on
660 483 780 535 sanes
799 491 862 533 voa
880 483 963 534 rans
984 483 1059 535 raas.
1480 483 1538 547 271

186 665 217 728 3.
247 661 331 726 Itum
352 659 489 748 quilibet
510 661 586 726 talis
607 662 769 729 tenebitur
791 664 877 728 infra
897 663 1040 750 primum
1053 659 1133 750 [21¹]
1147 682 1290 728 mensem
1310 681 1389 726 suae
1409 660 1539 728 electio·

105 761 155 825 nis
174 769 208 825 et
229 761 413 826 vocationis
438 761 562 826 intrare
589 771 621 826 et
640 761 825 828 inhabitare
852 761 1024 847 collegium
1052 761 1112 828 sub
1142 783 1247 848 poena
1273 761 1436 825 carentiae
1463 781 1541 826 suae

104 860 266 946 portionis
288 858 408 941 totalis,
431 881 600 948 quousque
621 859 792 946 collegium
813 859 949 926 intrabit
971 867 1004 923 et
1024 859 1230 926 inhabitabit.

186 963 218 1022 4.
249 957 334 1024 Item
355 958 491 1046 quilibet
519 958 560 1024 de
580 981 666 1024 novo
688 961 814 1024 intrans
835 969 962 1024 tenetur
983 959 1068 1022 infra
1094 961 1234 1045 primum
1254 979 1399 1022 mensem
1421 958 1472 1023 sui
1492 959 1540 1022 in·

104 1057 222 1122 troitus
243 1055 419 1143 prandium
439 1079 533 1123 suum
553 1079 613 1144 pro
634 1056 771 1143 collegio
784 1058 864 1123 dare
885 1056 945 1122 sub
967 1079 1073 1143 poena
1094 1059 1259 1123 carentiae
1275 1057 1435 1143 portionis
1449 1077 1536 1139 suae,
1564 1067 1580 1120 5

105 1155 210 1220 donec
229 1155 355 1220 iecemt.

189 1263 217 1321 5.
248 1253 333 1319 Item
355 1254 490 1339 quilibet
512 1257 611 1320 etiam
633 1254 718 1336 tulis,
740 1265 874 1320 vocatus
904 1275 963 1341 per
987 1263 1233 1340 procuratorem
1252 1253 1389 1340 collegii,
1416 1256 1445 1319 si
1467 1257 1539 1341 quis

105 1351 254 1435 habetur,
282 1352 365 1418 ahos
387 1373 446 1440 per
467 1355 658 1440 pincernam
678 1355 909 1440 magistrorum
936 1364 992 1417 aut
1017 1353 1173 1418 famulum
1200 1355 1388 1440 praepositi,
1414 1361 1541 1418 tenetur

106 1451 186 1516 dare
219 1452 255 1534 ΙΙ,
287 1450 394 1516 florini
427 1454 600 1538 propinem
630 1452 750 1534 eidem3
783 1455 839 1539 qui
870 1450 1014 1516 familiae
1043 1451 1256 1516 distribuatur
1277 1451 1338 1518 hoe
1367 1451 1475 1534 modo,
1504 1461 1541 1516 ut

106 1559 301 1636 procurator
323 1549 443 1615 habeat
464 1549 671 1617 medietatem
692 1552 801 1633 totius,
823 1552 983 1616 tertianus
1008 1557 1022 1616 1
1045 1565 1096 1637 φο,
1124 1548 1290 1616 residuum
1311 1557 1421 1615 autem
1441 1550 1539 1616 detur
1550 1561 1582 1616 10

107 1669 184 1714 coeo
208 1647 261 1712 vel
283 1669 389 1714 cocae.

188 1754 218 1815 u.
248 1745 331 1813 Item
360 1746 495 1835 quilibet
523 1745 714 1833 collegiatus
743 1757 813 1814 oret
844 1769 974 1813 cursum
1007 1746 1047 1812 de
1075 1746 1172 1814 beata
1199 1748 1327 1833 virgine
1357 1747 1480 1831 Μανίας
1512 1751 1540 1814 si

107 1845 282 1934 presbyter
309 1847 384 1929 huit,
412 1847 446 1938 in
474 1845 619 1931 qualibet
646 1845 852 1912 hebdomada
881 1847 970 1912 dicat
992 1869 1089 1911 unam
1118 1847 1251 1911 missam
1281 1866 1341 1932 pro
1369 1845 1539 1930 destructis,

105 1969 170 2010 non
191 1944 367 2033 presbyter
389 1945 487 2010 semel
507 1944 640 2031 vigilias
661 1945 701 2010 de
724 1967 840 2010 novem
870 1943 1061 2011 lectionibus
1083 1966 1143 2031 pro
1165 1943 1392 2010 fundatoribus
1414 1953 1446 2009 et
1466 1945 1539 2011 aliis

107 2045 236 2131 collegii
267 2043 545 2126 benefactoribus3
578 2046 612 2109 in
643 2067 738 2110 sacra
767 2065 893 2132 quoque
924 2043 1087 2128 theologia
1118 2043 1271 2109 lectiones
1301 2043 1414 2108 audiat
1443 2053 1476 2108 et
1504 2046 1538 2109 iu
1551 2055 1581 2110 15

107 2143 233 2210 artibus
246 2143 384 2226 laboret,
406 2145 549 2209 maxime
563 2145 592 2208 si
607 2142 750 2209 defectus
765 2145 996 2229 magistrorum
1015 2143 1121 2224 fuerit,
1145 2139 1224 2230 [21¹³]
1245 2164 1412 2232 quousque
1432 2143 1539 2230 ipsum

108 2245 286 2308 sententias
304 2243 412 2329 legere
427 2245 603 2328 contingat,
625 2254 666 2326 et,
688 2243 788 2310 finitis
809 2243 977 2308 sententiis
998 2241 1184 2327 praedictis,
1206 2242 1259 2306 vel
1279 2242 1313 2305 in
1334 2263 1429 2306 saera
1451 2242 1540 2307 theo-

108 2342 195 2428 logia
221 2342 321 2426 legat,
343 2339 520 2406 seeundum
543 2341 628 2427 quod
650 2341 815 2406 videbitur
841 2339 905 2408 sibi
932 2341 1099 2428 expedire,
1127 2341 1187 2406 sub
1214 2362 1320 2427 poena
1346 2341 1541 2425 privationis

108 2443 270 2528 portionis
293 2463 381 2523 suae,
404 2461 573 2526 quousque
592 2439 654 2505 hoe
675 2441 798 2506 lecerit.

192 2548 220 2607 7.
251 2541 335 2605 Item
358 2538 466 2604 nullus
490 2535 734 2624 collegiatorum
752 2539 939 2604 introducat
960 2539 1128 2606 mulierem
1150 2547 1334 2626 suspectam
1360 2547 1417 2603 aut
1438 2549 1583 2604 mereto

108 2641 221 2705 tricem
241 2641 276 2704 in
300 2638 471 2722 collegium
492 2639 562 2703 sive
581 2637 714 2702 bursam
742 2637 782 2703 de
805 2638 858 2703 die
885 2640 955 2704 sive
981 2649 1086 2721 nocte,
1114 2661 1175 2704 nec
1201 2637 1283 2704 alias
1310 2647 1418 2702 actum
1445 2659 1539 2704 vene

108 2761 199 2804 reum
221 2737 305 2802 inibi
325 2746 493 2818 exerceat3
517 2738 715 2802 contrarium
737 2739 870 2821 faciens,
894 2738 921 2803 si
944 2739 1119 2821 confessus,
1146 2739 1313 2803 convictus
1336 2747 1393 2802 aut
1416 2737 1457 2803 de
1479 2738 1540 2804 hoc

108 2848 280 2924 suspectus
303 2859 338 2902 ae
360 2857 547 2922 expurgare
567 2837 759 2920 nequiverit,
788 2837 898 2903 decem
918 2837 1050 2902 florenis
1073 2839 1227 2924 puniatur
1247 2858 1321 2900 cum
1342 2835 1459 2902 effectu
1479 2859 1540 2923 pro

109 2946 273 3002 structura
300 2934 480 3016 solvendis,
512 2956 594 3018 quos
623 2938 651 2999 si
679 2935 765 3000 infra
794 2936 938 3001 triduum
966 2958 1031 3001 uon
1060 2935 1208 3018 solverit,
1241 2933 1453 3021 collegiatura
1481 2959 1541 3002 sua

108 3035 178 3121 ipso
200 3035 289 3100 facto
310 3035 355 3099 sit
375 3035 533 3121 privatus.
566 3033 891 3100 Commensalisvero
914 3043 970 3099 aut
991 3035 1142 3116 bursalis,
1163 3036 1197 3098 in
1220 3031 1381 3100 consimili
1401 3044 1582 3102 excessu2i

108 3145 268 3220 repertus,
291 3133 396 3198 solvat
420 3155 480 3219 pro
503 3154 610 3219 poena
632 3142 769 3218 quatuor
796 3132 936 3198 florenos
963 3134 1049 3199 infra
1075 3131 1226 3216 triduum,
1256 3132 1338 3198 alias
1360 3155 1381 3198 a
1403 3132 1540 3218 collegio

109 3245 140 3297 et
160 3235 265 3298 bursa
285 3241 443 3319 perpetuo
465 3233 508 3296 sit
527 3229 686 3296 exclusus.

191 3335 222 3398 8.
253 3331 337 3395 Item
366 3329 502 3418 quilibet
527 3328 726 3414 collegiatus,
755 3331 783 3394 si
810 3330 929 3395 viderit
957 3341 990 3395 et
1014 3331 1185 3412 audiverit,
1208 3331 1294 3419 quod
1322 3331 1406 3398 alius
1435 3332 1539 3418 ipsius

109 3431 232 3518 collega
267 3431 336 3495 sivo
368 3428 620 3515 concollegiatus
652 3427 795 3516 aliquam
825 3429 990 3494 mulierem
1014 3431 1202 3496 incivitate
1225 3432 1294 3496 sive
1326 3441 1421 3496 extra
1453 3427 1537 3517 [22⁸]

109 3533 220 3596 visitat
241 3532 312 3595 sive
334 3531 363 3593 ei
386 3527 541 3594 adhaeret
562 3537 619 3593 aut
640 3529 674 3592 in
695 3529 864 3614 collegium
884 3527 1070 3611 introducit,
1091 3527 1176 3594 unde
1197 3529 1269 3616 ipse
1289 3540 1347 3594 aut
1366 3529 1580 3614 collegiumlss

109 3633 141 3696 iu
160 3631 266 3718 ipsius
288 3650 431 3715 persona
451 3636 562 3693 notam
584 3649 641 3692 sou
659 3649 724 3694 non
752 3627 870 3694 bonam
899 3627 1021 3694 famam
1050 3629 1156 3716 possit
1183 3628 1383 3712 contrahere,
1412 3639 1538 3696 tenetur

111 3729 167 3796 sub
194 3751 254 3794 suo
281 3729 463 3792 iuramento
491 3728 601 3813 ipsum
627 3727 836 3793 manifestare
864 3737 896 3792 et
921 3727 1118 3793 denunciare
1145 3729 1333 3815 praeposito
1360 3741 1393 3795 et
1421 3731 1540 3796 seniori

111 3831 285 3914 magistr03
314 3838 346 3892 et
368 3827 395 3891 si
417 3827 621 3912 praepositus
652 3837 687 3892 ut
715 3829 934 3913 praemittitur
961 3825 1134 3914 culpabilis
1166 3828 1273 3909 fuerit,
1301 3827 1391 3895 dicat
1412 3827 1538 3894 duobus

110 3925 292 3992 senioribus
314 3926 491 4012 magistris,
521 3926 576 4012 qui
598 3925 639 3990 de
659 3925 720 3992 hoe
741 3925 914 4011 diligenter
935 3925 1056 3992 debent
1084 3927 1254 3992 sciscitari.
1295 3927 1340 3994 Et
1366 3929 1394 3995 si
1423 3929 1469 3994 ita
1490 3929 1539 3992 in·

109 4027 266 4107 venerint,
287 4035 364 4090 tunc
377 4023 515 4090 eundem
529 4023 745 4110 collegiatam,
766 4024 980 4090 denunciare¹
1001 4049 1066 4092 non
1088 4025 1275 4108 revelando,
1297 4028 1363 4114 piis
1377 4025 1487 4092 verbis
1503 4036 1577 4094 etth

109 4123 388 4192 cohortationibus
410 4121 594 4188 salubribus
616 4133 768 4190 moneant
787 4134 819 4188 et
838 4123 1002 4207 inducant,
1024 4135 1058 4190 ut
1079 4125 1262 4191 huiusmodi
1277 4148 1451 4212 personam
1463 4127 1539 4194 visi·

108 4234 179 4288 tare
200 4245 260 4290 seu
286 4222 329 4288 ad
352 4220 523 4308 collegium
546 4234 577 4288 ct
602 4221 734 4290 brusam
759 4221 964 4289 introducere
993 4233 1182 4312 postponat,
1212 4224 1289 4311 quia
1314 4225 1390 4292 inde
1418 4225 1480 4292 sibi
1508 4235 1540 4290 et

109 4321 245 4408 collegio
277 4331 355 4388 nota
382 4330 414 4386 et
438 4321 583 4387 confusio
611 4333 723 4410 posset
748 4323 893 4403 evenire3
921 4323 949 4388 si
976 4323 1117 4390 seeundo
1143 4324 1250 4408 ipsam
1271 4323 1455 4394 visitaverit
1483 4334 1539 4391 aut

109 4421 153 4486 ad
181 4420 356 4506 collegium
386 4421 456 4486 sive
484 4419 617 4486 bursam
647 4421 880 4504 introduxerit,
914 4431 1082 4488 assumant
1109 4421 1269 4508 praedicti
1297 4422 1360 4490 duo
1389 4426 1539 4511 magistri

108 4529 299 4608 sequentem
322 4521 354 4584 in
377 4519 491 4586 ordine
513 4521 673 4586 seniorem
695 4531 727 4586 et
747 4522 854 4608 ipsum
879 4519 1021 4588 secundo
1043 4531 1196 4586 moneant
1226 4522 1323 4589 modo
1346 4525 1580 4611 praemisso-tu

109 4619 207 4699 Quod
229 4621 256 4684 si
278 4640 343 4682 non
364 4619 528 4685 curaverit
547 4617 605 4684 sed
627 4620 662 4684 in
682 4643 742 4685 sua
763 4617 1043 4708 perticaliibloia
1064 4618 1301 4704 perduraverit,
1323 4623 1423 4688 faciat
1444 4643 1538 4708 prae-

108 4720 235 4806 positus
259 4719 533 4800 convocationem,
556 4718 724 4804 praedicto
748 4720 920 4806 collegiata
935 4721 1094 4806 pertinaci
1115 4730 1297 4805 praesente,
1321 4735 1353 4785 et
1375 4731 1537 4808 proponat

111 4816 243 4904 publice
276 4819 480 4903 praepositus
512 4826 558 4900 et,
593 4819 620 4882 si
653 4821 859 4907 praepositus
890 4820 987 4884 fuerit
1017 4841 1105 4899 reus,
1137 4829 1212 4884 tunc
1244 4819 1351 4883 senior
1382 4820 1538 4904 magister

107 4917 205 4982 huius
224 4917 439 5004 pertinaciam
460 4925 493 4982 et
518 4914 738 5002 rebellionem,
761 4928 793 4986 et
813 4930 890 4986 tuno
910 4941 951 4986 ex
974 4916 1250 5004 superabundanti
1272 4919 1367 4986 tertio
1389 4919 1539 5004 magistri

196 5139 207 5190 l
229 5129 470 5190 Wuhrucbeiulioh
488 5131 695 5188 mmmmm
713 5133 778 5189 oder
793 5133 1036 5188 dawmouonen.
